2498 3242
211 250 277 279 273

216 337 270 364 que
289 330 324 356 ad
343 331 532 364 spontaneam
554 328 798 356 renuntiationem
823 337 1006 363 permovere;
1027 330 1100 364 quod
1120 330 1143 356 si
1168 338 1222 357 non

215 378 395 411 successerit,
413 377 581 404 electionem
599 377 806 412 archiepiscopi
829 378 1003 411 ltremensis,
1022 378 1045 405 si
1067 378 1147 405 illam
1163 378 1223 413 jus-

214 428 274 452 tum
292 426 441 461 repererit,
461 426 624 453 confirmet.
646 426 774 460 —fflsffi
797 428 838 457 15,
864 427 881 452 f.
903 428 920 452 2
941 431 982 460 r03
998 435 1066 453 ann.
1086 427 1131 459 IV,
1150 434 1174 453 c.
1194 428 1223 460 6;

212 489 246 494 -
263 475 382 502 Monam
401 476 478 507 1186,
494 474 515 501 s.
531 474 562 508 43
581 490 613 494 —
630 475 772 502 Portum
791 474 899 508 83212)

256 611 269 624 «
296 598 343 633 O.‚
361 598 469 627 Sancti
484 597 606 627 Nicolai
621 598 651 627 in
671 598 802 628 carcere
822 598 961 628 Tulliano
979 598 1105 627 diacono
1123 597 1222 627 cardi-

215 651 288 687 nali,
312 650 486 690 Apostolice
505 651 592 680 Sedis
611 651 721 690 leqato.
747 651 830 682 Cum
855 651 964 682 felicis
986 650 1223 681 recordationis

215 701 430 732 Innocentius
441 703 472 732 et
486 702 668 738 Honorius,
680 702 930 740 predecessores
946 702 1060 737 nostri,
1076 702 1224 732 volentes

214 755 449 785 Livoniensem
461 755 646 789 ecelesiam,
658 757 689 786 et
702 755 784 785 alias
797 756 830 785 in
842 755 992 794 partibus
1003 755 1071 785 illis
1084 755 1124 785 de
1139 763 1224 785 novo

213 808 386 844 creandas,
394 809 434 838 ad
441 817 560 838 manus
569 808 666 839 Sedis
675 808 865 847 Apostolice
872 808 1059 848 specialiter
1070 808 1222 843 retinere,

213 861 339 900 pluries
354 861 536 891 venerabili
547 861 638 892 fratri
651 862 763 891 nostro
777 884 796 890 ..
808 861 1021 891 Bremensiet
1035 861 1111 891 aliis
1123 861 1226 891 archi-

213 914 379 953 episcopis
397 914 630 953 circumposite
659 914 805 952 reglonis
832 914 1032 949 mandarint,
1049 922 1088 944 ne
1119 914 1151 944 in
1176 913 1225 943 eis

215 966 632 1005 sibijurisdictionemjure
643 966 882 1005 metropolitico
893 966 1121 1002 vendicarent,
1134 966 1223 1005 quia,

216 1027 321 1057 nuper
344 1019 485 1049 ecclesia
506 1019 646 1057 Rigensi
669 1020 818 1053 vacante,
843 1019 1012 1058 predictus
1034 1018 1226 1049 Bremensis

214 1071 389 1102 Albertum
401 1071 559 1101 clericum
573 1071 606 1101 in
620 1079 659 1101 ea
671 1071 798 1109 eligens
810 1072 840 1101 et
854 1071 1032 1101 instituens
1047 1071 1224 1107 ordinavit,

215 1133 250 1155 se
267 1125 324 1155 diu
342 1124 446 1155 fuisse
464 1124 499 1155 in
516 1124 611 1163 quasi
635 1124 846 1163 possessione
871 1125 1090 1155 ordinationis
1113 1125 1226 1163 hujus-

214 1177 307 1207 modi
321 1185 530 1210 asseverans,
549 1178 581 1207 et
596 1177 707 1207 dilecti
724 1177 786 1207 filii
803 1177 985 1216 capitulum
1004 1178 1111 1216 ipsius
1126 1177 1226 1208 eccle-

213 1229 262 1260 sie
278 1229 466 1264 Nicolaum,
486 1229 682 1259 canonicum
699 1229 818 1259 Sancte
839 1229 942 1260 Marie
962 1230 1224 1269 Magdeburgen-

213 1282 273 1318 sis,
292 1282 613 1312 Premonstratensis
631 1281 771 1316 ordinis,
792 1282 827 1312 in
843 1282 1048 1321 episcopum,
1071 1284 1168 1321 prout
1184 1283 1225 1313 ad

213 1344 248 1365 se
263 1335 427 1374 pertinere
445 1336 609 1369 asserunt,
625 1334 807 1373 elegerunt,
819 1335 1015 1365 electionem
1031 1336 1223 1366 contii-mari

211 1389 243 1419 et
259 1387 363 1418 electo
380 1396 504 1417 munus
519 1387 779 1418 consecrationis
795 1387 943 1426 impendi
961 1396 979 1417 a
1001 1387 1098 1418 nobis
1116 1388 1223 1418 humi-

211 1441 286 1471 liter
300 1439 505 1479 postulantes
523 1450 528 1469 :
547 1449 608 1470 nos
621 1440 776 1470 timentes
793 1448 833 1470 ne
850 1440 982 1470 novella
998 1441 1135 1471 ecclesie
1151 1450 1223 1480 pre-

212 1493 296 1524 dicte
317 1492 476 1531 plantatio
494 1493 649 1530 quassata
669 1492 786 1531 litigiis
804 1492 951 1522 incurrat
974 1493 1223 1531 irreparabilem

212 1546 385 1581 lesionem,
399 1554 436 1575 eo
448 1545 536 1584 quod
547 1545 678 1575 noviter
692 1545 846 1575 conversi
863 1545 905 1575 ad
920 1545 1021 1575 fidem
1036 1546 1132 1576 facile
1148 1555 1223 1585 pos-

189 1596 286 1629 'sent
313 1598 428 1634 averti,
455 1599 486 1628 et
516 1598 731 1628 convertendi
756 1598 987 1628 conversionis
1015 1599 1224 1638 propositum

212 1651 345 1683 facilius
361 1651 573 1690 abnegarent,
596 1650 790 1681 discretioni
809 1651 875 1686 tue,
894 1651 934 1682 de
953 1660 1019 1690 qua
1038 1651 1171 1691 plenam
1190 1652 1223 1682 in

213 1705 358 1735 Domino
388 1703 544 1734 fiduciam
574 1703 775 1738 obtinemus,
803 1712 861 1742 per
890 1704 1070 1743 apostolica
1101 1706 1224 1744 scripta

213 1757 412 1788 mandamus
430 1758 593 1795 quatenus
608 1757 729 1787 electos
745 1757 936 1795 huJusmodi
952 1758 987 1787 ut
1004 1758 1224 1789 electionibus

213 1810 252 1841 de
277 1819 312 1841 se
336 1810 431 1840 factis
457 1811 573 1849 sponte
598 1810 800 1845 renuntient,
825 1810 1005 1841 efficaciter
1029 1820 1166 1842 moneas
1194 1813 1224 1842 et

212 1863 366 1897 inducas:
393 1871 458 1902 quo
481 1863 522 1893 ab
540 1863 624 1902 ipsis
645 1863 789 1900 obtento,
815 1863 992 1902 provideas
1017 1864 1056 1894 de
1081 1873 1224 1903 persona

212 1916 330 1946 idonea
348 1915 486 1946 ecclesie
511 1915 656 1946 viduate.
683 1916 778 1951 Quod
803 1916 832 1946 si
858 1916 969 1947 forsan
997 1917 1134 1947 monitis
1155 1918 1222 1948 tuis

212 1977 278 1999 non
301 1969 540 2007 acquieverint,
568 1968 786 2007 inquisitione
811 1969 981 2008 prehabita
1005 1969 1168 2008 diligenti,
1191 1972 1223 2001 et

213 2022 370 2061 inspectis
386 2021 452 2051 hiis
468 2030 530 2060 que
548 2022 636 2060 apud
654 2022 771 2052 Sedem
796 2022 1021 2060 Apostolicam
1039 2031 1140 2062 super
1161 2023 1222 2054 hoc

213 2075 342 2113 negotio
365 2083 384 2104 a
407 2074 678 2113 procuratoribus
701 2075 873 2113 utriusque
895 2075 1000 2113 partis
1023 2077 1100 2106 sunt
1118 2085 1223 2115 nuper

212 2136 321 2159 coram
351 2127 533 2157 venerabili
555 2127 654 2157 fratre
683 2128 793 2157 nostro
812 2149 832 2157 ..
861 2127 1039 2158 Sabinensi
1067 2129 1222 2168 episcopo

213 2181 356 2215 actitata,
377 2189 439 2219 que
455 2180 514 2210 tibi
531 2179 593 2210 sub
611 2180 702 2210 bulla
719 2181 832 2210 nostra
845 2180 1011 2211 mittimus
1030 2181 1222 2218 interclusa,

214 2233 241 2263 si
255 2233 457 2272 compereris
470 2233 656 2271 predictum
669 2233 883 2263 Bremensem
898 2233 931 2263 in
943 2235 1116 2272 prenotata
1126 2235 1223 2274 quasi

215 2286 425 2325 possessione
446 2286 562 2321 fuisse,
578 2285 822 2316 ordinationem
840 2287 1061 2324 prenominati
1081 2287 1221 2323 Alberti,

214 2339 243 2369 si
260 2339 300 2369 de
316 2347 457 2377 persona
475 2338 594 2368 idonea
611 2338 804 2368 canonicam
820 2346 893 2368 esse
907 2340 1101 2374 constIterit,
1115 2341 1223 2379 appel—

214 2391 335 2422 latione
360 2393 496 2426 remota,
515 2392 705 2425 confirmes,
728 2391 824 2429 eique
847 2391 950 2421 facias
971 2401 1093 2422 munus
1111 2402 1223 2424 conse-

210 2445 367 2475 crationis
387 2444 543 2483 impendi.
569 2444 633 2475 Sed
650 2444 728 2482 quia
750 2444 907 2474 nolumus
928 2453 967 2475 ex
988 2445 1047 2475 1100
1066 2446 1222 2486 deinceps

210 2497 349 2536 ltigensi
365 2497 502 2527 ecclesie
519 2497 739 2536 prejudicium
755 2498 918 2534 generari,
934 2522 953 2528 ..
972 2499 1221 2539 archiepiscopo

210 2551 241 2580 et
262 2550 406 2589 capitulo
430 2550 669 2580 Bremensibus
693 2550 885 2581 auctoritate
911 2552 1021 2581 nostra
1045 2552 1221 2590 prohibeas

213 2611 251 2633 ne
270 2603 309 2632 de
332 2604 438 2633 cetero
463 2603 496 2633 in
516 2603 661 2641 predicta
682 2603 821 2633 ecclesia
844 2603 896 2633 vel
917 2604 992 2634 aliis
1015 2605 1054 2635 de
1081 2605 1222 2636 Livonia

212 2655 417 2689 electionem,
436 2655 690 2691 ordinationem,
708 2664 767 2686 seu
784 2656 917 2694 aliquod
932 2657 988 2695 jus
1006 2659 1220 2696 metropoliti-

211 2716 286 2738 cum
299 2708 362 2738 sibi
375 2716 534 2746 usurpare
551 2710 756 2746 presumant,
770 2710 964 2748 perpetuum
980 2719 1080 2749 super
1094 2711 1159 2741 hiis
1173 2712 1221 2741 eis

213 2761 383 2791 silentium
404 2761 615 2799 imponendo,
631 2761 769 2799 Rigensi
786 2762 930 2801 capitulo
945 2771 1103 2794 concessa
1119 2764 1222 2794 libera

213 2814 347 2844 licentia
364 2813 518 2851 eligendi,
539 2814 624 2843 sicut
645 2813 766 2845 liabent
781 2816 886 2845 cetere
902 2816 1039 2846 ecclesie
1056 2817 1223 2847 cathedra-

215 2867 273 2897 les.
292 2866 445 2896 Ceterum
457 2866 485 2895 si
502 2866 554 2896 vel
571 2866 734 2897 ordinatio
751 2868 890 2906 sepes-ati
906 2869 1099 2899 Bremcnsis
1112 2870 1223 2901 minus

213 2918 371 2949 canonica
392 2918 443 2947 vel
461 2918 500 2948 de
521 2926 662 2957 persona
680 2919 792 2949 minus
815 2919 932 2951 idonea
955 2921 1039 2951 fact-a
1060 2923 1120 2959 est,
1140 2922 1223 2953 elec-

341 2969 529 2994 GREGOIRE
547 2969 596 2997 lx,
613 2971 632 2994 t.
648 2969 673 2994 1.

1018 242 1282 284 QUATRIEME
1306 244 1471 282 ANNEE.

2234 268 2292 298 274

1285 331 1409 362 tionem
1425 334 1560 372 capituli
1577 337 1773 369 examinans
1788 340 1973 381 diligenter,
1991 345 2020 374 si
2036 354 2107 376 eam
2123 347 2292 380 inveneris

1284 382 1323 412 de
1338 392 1481 422 persona
1497 385 1615 417 idonea
1630 391 1787 421 canonice
1802 393 2012 430 celebratam,
2027 397 2134 436 ipsam
2151 401 2291 432 auctori·

1282 436 1346 465 tate
1366 438 1477 467 nostra
1495 440 1670 471 confirmes
1686 444 1716 472 et
1734 444 1836 475 electo
1855 447 1956 477 facias
1978 457 2100 480 munus
2121 460 2291 484 consecra-

1282 488 1382 519 tionis
1401 489 1560 529 impendi.
1584 493 1755 533 Alioquin,
1775 506 1813 527 ea
1837 499 1897 528 rite
1918 503 2056 538 cassata,
2079 505 2216 536 ecclesie
2237 515 2290 537 su-

1281 541 1426 579 pradicte
1443 545 1620 581 provideas
1637 547 1676 576 de
1693 556 1834 586 persona
1850 551 1967 582 idonea
1985 554 2016 583 in
2033 557 2209 593 pastorem,
2227 567 2290 597 que

1281 595 1371 624 tanto
1386 598 1545 634 congruat
1561 599 1653 629 oneri
1669 602 1700 630 et
1715 601 1844 633 honori.
1862 604 1936 635 Dat.
1958 606 2121 643 Laterani,
2140 610 2169 640 11
2186 619 2290 642 nonas

1281 647 1409 685 aprilis,
1427 650 1638 687 pontificatus
1654 654 1758 684 nostri
1775 663 1861 686 anno
1880 660 2008 695 quarto.
2035 672 2049 687 a

1349 816 1422 847 438
1869 822 1986 856 Latran,
2006 826 2034 851 13
2051 826 2122 852 avril
2143 828 2218 854 1‘230.

1318 899 1574 935 Archipresbylero
1599 902 1728 931 Civitatis
1755 905 1858 938 Novae,
1887 910 1914 933 ct
1941 908 2037 942 Merlo,
2061 911 2198 938 canonico
2224 912 2289 940 Clu-

1283 947 1385 981 giensi,
1409 949 1527 976 mandat
1544 953 1695 985 quatenus,
1717 967 1749 972 —
1767 961 1833 980 cum
1854 955 1933 989 prior
1951 959 1978 983 et
1996 961 2151 986 conventus
2171 960 2290 988 Sanctae

1283 996 1387 1023 Mariae
1414 997 1449 1024 ad
1478 998 1623 1032 Carceres,
1648 1000 1799 1028 Paduanae
1824 1003 1972 1037 dioecesis,
1997 1005 2101 1033 fratres
2126 1010 2154 1034 et
2178 1016 2291 1038 sorores

1282 1044 1419 1072 ecclesiae
1447 1047 1566 1074 Sanctae
1590 1049 1695 1076 Mariae
1717 1050 1750 1077 de
1774 1051 1867 1085 lspida
1891 1061 1976 1087 super
2006 1055 2129 1088 quadam
2154 1057 2290 1091 pecuniae

1283 1099 1400 1119 summa
1415 1100 1512 1120 coram
1530 1095 1625 1129 priore
1639 1096 1759 1124 Sanctae
1774 1098 1922 1127 Trinitatis
1937 1101 2108 1129 Veronensis
2122 1103 2291 1132 auctoritate

1283 1141 1439 1174 apostolica
1459 1144 1671 1177 convenientes,
1692 1146 1801 1173 nollent
1817 1148 1979 1182 exprimere
1999 1150 2026 1176 in
2045 1154 2175 1185 porrecto
2195 1152 2290 1179 libello

1282 1190 1496 1218 conventionali
1513 1200 1601 1226 quare
1622 1193 1675 1220 sibi
1695 1194 1772 1221 dieta
1794 1197 1914 1230 pecunia
1931 1198 2092 1232 deberetur,
2112 1215 2143 1220 -
2161 1201 2188 1227 in
2205 1209 2291 1229 causa

1283 1236 1344 1271 ipsa
1369 1240 1538 1274 procedant;
1564 1242 1690 1277 alioquin
1710 1246 1806 1277 partes
1822 1246 1856 1271 ad
1885 1246 1987 1280 prioris
2009 1248 2114 1282 judicis
2138 1250 2290 1276 remittant

1282 1293 1413 1314 examen.
1439 1303 1473 1307 —
1490 1289 1568 1322 (Rae.
1589 1292 1628 1323 15,
1652 1290 1672 1319 f.
1689 1293 1705 1317 ἱ).
1723 1297 1767 1326 v⁰;
1785 1301 1852 1321 ann.
1871 1294 1916 1327 lv,
1932 1302 1956 1322 c.
1976 1298 2005 1329 75
2024 1312 2053 1316 —
2071 1297 2191 1325 ΜοηΕΛυ
2213 1299 2289 1330 1186,

1283 1333 1303 1360 f.
1322 1336 1353 1369 ὃς
1371 1351 1405 1355 -
1419 1337 1456 1363 ct‘.
1477 1338 1622 1365 Porinas-T
1640 1341 1733 1375 9588.)

1323 1438 1337 1453 «
1367 1428 1659 1468 ..archipresbitero
1686 1431 1824 1462 Civitatis
1843 1434 1937 1471 Nove,
1963 1441 1991 1464 et
2015 1436 2122 1471 Mcrlo,
2149 1439 2291 1469 canonico

1285 1479 1451 1519 Cluyiensi.
1471 1481 1591 1512 Dilecti
1611 1483 1671 1514 filii
1694 1484 1812 1516 fratres
1827 1504 1875 1517 —.
1895 1488 1970 1518 Dat.
1989 1489 2154 1527 Laterani,
2182 1491 2292 1522 idibus

1283 1533 1412 1572 aprilis,
1429 1535 1642 1574 pontificatus
1656 1539 1760 1568 nostri
1776 1548 1863 1570 anno
1879 1543 2006 1579 quarto.
2031 1555 2045 1569 n

1351 1709 1424 1740 439
1871 1714 1986 1748 Latran,
2003 1716 2037 1742 15
2052 1717 2124 1744 avril
2145 1719 2220 1744 1230.

1319 1792 1420 1820 Abbati
1437 1793 1618 1821 Cisterciensi
1640 1796 1759 1822 mandat
1777 1800 1916 1831 quatenus
1933 1800 1968 1825 ad
1984 1801 2210 1829 submovendam
2231 1803 2292 1830 dis—

1283 1841 1411 1868 cordiam
1434 1844 1462 1868 et
1488 1843 1672 1870 concordiam
1699 1844 1929 1880 reformandam,
1958 1848 1999 1874 vel
2028 1850 2131 1876 saltem
2156 1853 2291 1886 treuguas

1283 1889 1440 1917 firmandas
1463 1890 1540 1917 inter
1561 1892 1700 1920 Franciae
1716 1896 1745 1920 et
1766 1895 1885 1929 Angliae
1905 1904 1984 1931 reges
2005 1900 2100 1932 partes
2119 1907 2185 1926 suas
2206 1900 2293 1928 inter-

1283 1940 1378 1972 ponat.
1391 1953 1426 1959 -·
1442 1939 1518 1974 (Rae.
1539 1942 1580 1973 15,
1597 1940 1616 1968 s.
1630 1942 1644 1967 3
1661 1950 1703 1974 r0;
1719 1950 1787 1969 ann.
1806 1943 1851 1976 Ν,
1867 1952 1891 1971 c.
1905 1946 1934 1979 8;
1950 1961 1985 1966 —
2000 1946 2115 1974 MonEAU
2134 1949 2211 1980 1186,
2226 1948 2245 1975 s.
2261 1950 2289 1982 ὃς

1281 2001 1316 2007 -
1335 1988 1478 2015 Pori-msa·
1495 1989 1586 2023 8528.)

1323 2091 1338 2106 «
1364 2103 1384 2110 ..
1402 2080 1504 2109 abbati
1523 2081 1724 2112 Cisterciensi.
1746 2084 1842 2114 Illius
1861 2086 1947 2125 regis
1969 2087 2044 2117 licet
2060 2105 2108 2118 —.
2130 2090 2290 2128 Specialis

1283 2131 1471 2162 dilectionis
1486 2133 1621 2164 affectus
1633 2143 1698 2172 quo
1712 2137 1902 2167 carissimos
1921 2139 1952 2168 in
1968 2140 2099 2170 Christo
2116 2141 2203 2171 tilios
2220 2151 2292 2174 nos-

1283 2186 1381 2215 tros..
1396 2185 1535 2216 Francie
1547 2196 1583 2217 ac
1598 2209 1618 2217 ..
1630 2188 1749 2226 Anglie
1762 2198 1854 2228 reges
1866 2191 2013 2222 illustres
2024 2194 2179 2224 eteorum
2192 2205 2292 2234 regna

1283 2238 1317 2267 in
1341 2237 1465 2268 Christi
1487 2239 1672 2270 visceribus
1697 2242 1938 2280 amplexamur,
1961 2246 2139 2277 efficaciter
2163 2257 2222 2278 nos
2246 2249 2293 2280 in·

1283 2290 1372 2320 ducit
1395 2292 1430 2320 ut
1451 2291 1536 2321 inter
1560 2300 1616 2322 eos
1639 2295 1829 2332 satagamus
1853 2297 1944 2334 pacis
1970 2298 2082 2328 federa
2101 2300 2290 2338 reformare,

1284 2343 1433 2373 videntes
1457 2345 1487 2374 et
1509 2344 1657 2375 dolentes
1681 2347 1769 2384 quod
1795 2356 1835 2378 ex
1853 2349 2062 2381 dissensione
2085 2360 2290 2390 guerrarum,

1283 2397 1391 2434 preter
1418 2396 1450 2426 id
1478 2397 1565 2435 quod
1594 2398 1665 2429 sine
1693 2408 1771 2438 pace
1796 2402 1955 2440 temporis
1981 2412 2044 2442 pax
2070 2407 2213 2443 pectoris
2237 2408 2291 2438 vix

1282 2449 1432 2483 habetur,
1451 2449 1626 2481 innumera
1642 2460 1751 2482 rerum
1765 2454 1951 2492 dispendia,
1967 2457 2195 2495 irreparabiHa
2210 2461 2291 2498 peri-

1282 2502 1357 2532 cula
1374 2511 1549 2541 corporum
1567 2505 1597 2533 et
1616 2504 1875 2537 irremediabilia
1898 2508 2095 2541 detrimenta
2119 2512 2289 2544 inevitabi-

1282 2555 1356 2585 liter
1372 2555 1545 2586 imminent
1568 2557 1767 2594 animarum,
1792 2562 1827 2589 ut
1846 2561 1992 2599 jacturas
2009 2563 2092 2593 alias
2113 2566 2289 2602 taceamus,

1282 2616 1423 2646 quarum
1453 2617 1571 2647 expers
1600 2618 1673 2640 esse
1705 2620 1769 2641 non
1798 2614 1905 2651 potest
1936 2615 2084 2645 Ecclesia
2113 2618 2288 2655 generalis,

1282 2669 1381 2698 quam
1406 2660 1533 2690 inimici
1558 2662 1649 2700 pacis
1675 2665 1705 2693 et
1731 2664 1806 2693 fidei
1835 2666 1912 2695 tnnc
1937 2668 2087 2697 securius
2115 2669 2288 2707 impetunt.

1282 2722 1357 2743 cum
1374 2714 1446 2751 ejus
1463 2714 1576 2744 vident
1591 2715 1678 2745 [ilios
1693 2716 1891 2747 abinvicem
1908 2719 2117 2750 dissidentes.
2136 2724 2219 2752 (jum
2234 2723 2289 2762 igi·

1282 2767 1337 2796 tur
1358 2766 1566 2796 reformande
1589 2769 1763 2799 concordie
1783 2770 1942 2800 mediator
1966 2772 2104 2803 idoneus
2126 2774 2289 2810 habearis.

1283 2827 1342 2858 per
1357 2820 1536 2857 apostolica
1554 2821 1612 2850 tibi
1629 2821 1749 2860 scripta
1766 2823 1963 2853 mandamus
1981 2827 2143 2863 quatenus
2159 2827 2201 2858 ad
2217 2829 2290 2859 sub-

1285 2872 1483 2902 movendam
1513 2872 1711 2904 discordiam
1741 2876 1771 2904 et
1800 2877 2009 2906 concordiam
2036 2878 2290 2917 resorlllalrlalll,

1286 2924 1339 2954 vel
1357 2925 1475 2955 saltem
1497 2927 1650 2963 treuguas
1675 2927 1865 2958 lii-mandas.
1890 2931 1999 2967 partes
2023 2932 2095 2960 tuas
2118 2933 2292 2964 affectuose

2076 2985 2108 3010 18
