2498 3242
264 272 325 302 249

265 357 408 389 quoque,
425 356 527 388 super
541 357 580 379 eo
597 348 686 387 quod
701 348 883 387 supradicti
899 348 964 379 duo
977 349 1106 387 judiees
1122 349 1274 379 diceban-

263 403 318 433 tur
348 401 462 432 contra
487 401 628 432 sormam
657 400 722 431 sibi
751 401 920 436 traditam,
949 402 989 431 ad
1017 402 1211 432 missionem
1242 402 1275 432 in

264 454 511 494 possessionem
537 453 577 483 de
599 453 697 483 domo
724 454 755 484 et
776 453 984 492 pertinentiis
1009 455 1092 489 suis,
1119 455 1194 493 post
1219 463 1274 493 ap-

262 505 476 546 pellationem
494 505 688 544 legitimam,
711 508 899 546 contempto
922 508 1031 543 tertio,
1058 508 1274 546 processisse,

262 559 396 598 propter
413 558 502 598 quod
518 558 692 597 petebatur
708 567 823 589 eorum
842 568 1033 598 processum
1049 560 1177 590 irritum
1195 569 1275 590 nun—

265 610 354 648 tiari,
371 612 464 650 parte
481 611 783 650 Hospitalariorum
803 612 896 642 illum
918 613 1092 651 approbari
1110 613 1275 644 contrario

261 664 462 704 postulante,
479 664 519 694 de
537 673 678 695 assensu
697 666 949 704 procuratorum
968 666 1140 704 utriusque
1158 666 1274 704 partis,

259 724 321 757 per
342 717 408 748 alia
430 717 554 756 scripta
578 717 814 748 mandavimus
838 719 883 753 ut,
907 720 973 748 tam
997 727 1096 757 super
1118 718 1176 748 tali
1201 727 1274 757 pro-

261 777 358 800 cessu
378 778 478 809 quam
499 778 600 810 super
623 770 780 801 omnibus
803 779 844 801 ex
868 771 939 810 ipso
964 771 1098 807 secutis,
1124 780 1182 801 nec
1209 780 1272 801 11011

260 831 362 862 super
392 823 515 853 vestris
541 823 686 862 querelis
709 824 778 863 ι111111
805 824 930 854 exortis
955 825 987 854 et
1015 824 1272 862 emergentibus,

260 875 423 915 pendente
451 876 698 906 reformationis
725 877 868 915 negotio,
894 877 1029 915 excepto
1055 877 1143 914 quod
1174 885 1273 916 snper

259 927 434 967 premissis
449 937 468 958 a
483 928 580 959 nobis
597 928 704 958 suerat
718 929 918 964 ordinatum,
933 929 1086 959 audirent
1104 929 1179 959 111110
1198 929 1272 959 inde

258 981 440 1021 proposita,
469 981 557 1020 quod
584 981 783 1011 canonicum
813 982 969 1012 existeret
999 982 1188 1012 statuentes.
1222 982 1272 1012 Ad

258 1041 343 1072 quos
371 1034 582 1073 postmodum
612 1034 844 1073 IIospitalarii,
875 1034 908 1064 in
936 1034 1089 1072 pluribus
1119 1036 1272 1073 suggesta

258 1085 400 1117 falsitate
411 1095 448 1117 ac
460 1086 598 1116 veritato
611 1095 802 1125 suppressa,
815 1087 941 1116 litteras
952 1087 1151 1125 apostolicas
1163 1095 1271 1126 repor-

258 1139 381 1174 tarunt,
402 1139 448 1175 ut,
471 1138 559 1169 infra
575 1140 700 1169 certum
721 1140 852 1178 tempus
871 1148 971 1178 super
988 1140 1145 1178 predictis
1167 1140 1271 1169 omni-

257 1191 321 1222 bus
350 1191 519 1229 negotium
549 1191 763 1226 instruentes,
797 1192 881 1222 illud
911 1192 951 1221 ad
984 1201 1044 1222 nos
1074 1193 1270 1222 instructum

256 1243 473 1277 remitterent,
496 1243 525 1273 si
548 1252 626 1282 pars
649 1245 760 1274 vestra
778 1244 848 1282 jam
879 1244 1002 1275 monita
1025 1244 1193 1274 omisisset
1218 1245 1270 1275 vel

255 1297 330 1335 post
345 1296 564 1326 monitionem
580 1304 695 1326 eorum
711 1296 877 1327 omitteret
908 1297 1043 1326 domum
1062 1297 1167 1335 ipsam
1185 1297 1271 1327 infra

255 1357 314 1379 sex
339 1349 506 1379 mensium
534 1349 679 1388 spatium
706 1349 898 1379 reformare.
927 1350 1013 1380 Sane
1038 1349 1147 1379 dictus
1176 1350 1270 1380 Pari-

254 1401 378 1433 siensis
400 1403 577 1441 episcopus
600 1403 631 1432 et
651 1402 775 1440 college
794 1402 913 1441 ipsius,
937 1402 1094 1440 neglectis
1117 1411 1157 1432 ex
1178 1404 1269 1441 parte

255 1456 366 1486 vestra
387 1464 502 1486 eorum
522 1455 776 1491 monitionibus,
799 1456 830 1485 et
848 1455 979 1493 cognito
1000 1463 1058 1493 per
1081 1454 1269 1493 inquisitio-

254 1516 330 1539 nem
361 1508 580 1538 summariam
606 1508 727 1538 factam
756 1516 854 1546 per..
882 1507 1109 1538 venerabilem
1134 1507 1269 1537 fratrem

253 1562 404 1592 nostrum
432 1561 719 1600 archiepiscopum
746 1561 976 1595 Bisuntinum,
1003 1561 1081 1590 tunc
1107 1560 1269 1590 decanum

252 1614 512 1654 Lingonensem,
531 1615 669 1654 ejusque
686 1614 842 1653 collegas,
861 1614 948 1652 quod
966 1614 1086 1644 domus
1101 1613 1136 1644 in
1154 1614 1269 1643 eodem

253 1667 370 1698 ordine
392 1667 566 1698 reformari
587 1667 730 1702 valebat,
750 1690 771 1697 ..
795 1667 906 1697 abbati
925 1667 1178 1702 Clarevallensi,
1198 1666 1268 1697 Cis-

255 1725 431 1756 terciensis
447 1725 586 1760 ordinis,
602 1726 632 1755 et
648 1725 784 1764 collegis
801 1725 872 1755 suis
887 1724 1115 1764 injunxerunt,
1133 1725 1179 1759 ut,
1197 1733 1270 1763 pro-

254 1778 327 1809 viso
349 1778 463 1808 domui
487 1778 642 1817 primitus
664 1778 704 1808 de
722 1779 859 1813 rectore,
885 1786 921 1807 ac
940 1777 1131 1816 approbatis
1153 1777 1183 1807 si
1204 1785 1269 1815 qua

253 1830 300 1862 ibi
322 1831 460 1870 provide
487 1831 638 1862 ordinata
663 1831 697 1861 in
722 1830 961 1870 temporalibus
983 1832 1014 1861 et
1038 1827 1269 1869 spiritualibus

254 1884 449 1923 reperirent,
467 1885 646 1914 statuerent
660 1885 690 1914 et
704 1884 898 1922 supplerent
912 1892 975 1922 que
990 1883 1163 1913 statuenda
1178 1883 1269 1912 vide-

254 1938 328 1968 rent
341 1937 412 1967 sive
432 1937 629 1976 supplenda,
646 1937 826 1968 reserentes
842 1937 889 1967 eis
908 1937 995 1975 quod
1010 1936 1200 1966 invenirent
1216 1935 1268 1966 vel

253 1990 411 2021 ducerent
431 1990 637 2025 faciendum,
657 1990 727 2028 qui,
746 1990 882 2028 proviso
906 1989 1020 2020 domui
1038 1989 1077 2019 de
1096 1989 1266 2028 magistro,

253 2051 327 2075 eam
343 2043 377 2074 in
395 2043 511 2074 ordine
528 2052 588 2073 suo
601 2043 773 2073 reformari
785 2044 955 2079 curarunt,
972 2042 1167 2072 mandantes
1184 2042 1268 2072 inter

253 2096 320 2127 alia
342 2096 490 2135 regulam
509 2096 628 2126 domus
652 2095 999 2134 ipsius,approbatam
1023 2104 1041 2125 a
1064 2095 1265 2133 Lingonensi

252 2149 408 2189 episcopo
439 2150 470 2179 et
496 2157 515 2178 a
541 2148 649 2182 vobis,
680 2148 727 2178 ibi
753 2148 891 2178 firmiter
917 2147 1098 2178 observari.
1116 2147 1266 2178 Tandem

253 2202 413 2234 relatione
432 2202 592 2241 ipsorum,
611 2210 686 2231 cum
708 2201 940 2239 delegantibus
959 2209 1136 2239 processus
1152 2208 1266 2230 eorum

251 2255 426 2295 placuerit,
446 2255 486 2284 ad
504 2255 623 2285 Sedem
639 2254 866 2293 Apostolicam
884 2253 1058 2287 destinata,
1078 2253 1265 2292 Hospitala-

1093 264 1336 301 TROISOEME
1359 264 1524 302 ANNE&

2285 278 2344 307 250

1337 352 1467 384 cuntur,
1479 351 1522 385 et,
1540 359 1605 380 non
1622 350 1706 381 sacta
1722 352 1770 382 eis
1786 353 1879 391 copia
1892 353 2112 393 deproeessu‚
2129 355 2170 385 ad
2185 364 2244 386 nos
2261 356 2341 386 rela—

1337 402 1459 432 tionem
1484 402 1675 441 bujusmodi
1703 405 1939 441 transmisisse,
1966 416 2040 436 cuin
2061 407 2156 445 juxta
2180 408 2344 445 legitimas

1337 455 1525 485 sanctiones
1542 456 1696 494 quotIens
1715 457 1894 487 relaturum
1917 468 1951 489 se
1966 459 2068 497 judex
2092 460 2231 498 quilibet
2249 462 2344 499 polli—

1339 509 1442 543 cetur,
1476 508 1590 545 iltlJico
1621 508 1842 546 litigatoribus
1871 511 1956 548 apud
1989 514 2059 541 acta
2089 513 2344 543 consultationis

1338 560 1528 599 exemplum
1548 561 1644 590 edere
1668 562 1832 597 teneatur;
1857 563 2017 593 adiciente
2040 567 2249 603 procuratore
2271 575 2343 605 pre-

1337 613 1423 643 111010
1442 613 1528 651 1111011
1555 622 1613 652 per
1630 622 1668 643 ea
1685 623 1748 652 que
1774 615 1857 645 sacta
1880 617 1983 649 erant,
2008 626 2065 646 nec
2084 618 2217 648 domum
2243 619 2343 649 resor-

1335 667 1456 696 matam
1481 675 1540 696 nec
1566 667 1738 697 reformari
1760 676 1857 706 posse
1877 668 1909 698 in
1934 678 1993 699 suo
2017 670 2130 700 ordine
2153 672 2342 710 apparebat.

1335 719 1479 749 Demum
1501 728 1541 749 ex
1558 720 1649 758 parte
1674 722 1783 750 vestra
1799 721 1968 759 proposito
1985 722 2085 760 quod,
2105 732 2178 752 cum
2201 724 2240 752 ab
2259 724 2342 753 llos-

1334 771 1564 810 pitalarioruni
1592 772 1795 811 impetitione
1821 774 1950 803 fueritis
1978 782 2034 813 per
2061 778 2206 805 nostram
2233 776 2343 814 provi-

1334 825 1480 855 dentiam
1503 824 1658 860 absoluti,
1680 826 1894 864 pronuntiata
1921 827 2011 857 irrita
2037 828 2248 857 concessione
2271 838 2340 866 pre-

1333 877 1430 913 dicta,
1446 886 1560 908 eorum
1576 886 1638 907 non
1655 878 1809 908 intererat
1822 879 1906 909 farto
1920 879 2111 917 hujusmodi
2129 889 2163 910 se
2178 889 2342 918 opponere

1335 930 1402 961 ullo
1420 931 1530 965 modo,
1551 939 1747 969 responsum
1767 931 1873 961 extitit
1895 940 1934 961 ex
1953 933 2092 962 adverso
2112 933 2200 971 quod
2218 933 2274 971 jus
2294 942 2343 962 ac-

1332 984 1493 1023 quisitum
1510 984 1558 1013 eis
1574 986 1654 1019 erat,
1670 985 1733 1014 tam
1749 993 1789 1014 ex
1805 985 2050 1023 predecessoris
2068 986 2169 1015 nostri
2188 986 2342 1016 mandato

1333 1038 1417 1068 facto
1435 1038 1589 1077 episcopo
1608 1037 1824 1075 Lingonensi,
1844 1039 1878 1067 111
1895 1038 1934 1068 ad
1951 1038 2211 1068 controversiam
2230 1047 2341 1077 proce-

1332 1090 1433 1126 deret,
1455 1099 1555 1129 quam
1578 1091 1616 1120 de
1639 1090 1737 1120 domo
1757 1092 1865 1121 vestra
1884 1091 1917 1120 in
1937 1091 2084 1129 ipsorum
2103 1091 2217 1121 ordine
2236 1091 2342 1121 facere

1332 1143 1532 1178 intendebat,
1552 1152 1651 1182 quam
1667 1143 1765 1174 etiam
1783 1152 1822 1173 ex
1834 1143 2023 1183 juramento
2041 1144 2127 1182 quod
2142 1143 2341 1173 dicebamini

1331 1197 1514 1235 prestitisse
1536 1196 1575 1227 de
1601 1197 1717 1226 stando
1743 1196 1955 1234 dispositioni
1979 1196 2125 1235 episcopi
2148 1196 2341 1234 supradicti,

1331 1258 1406 1280 cum
1424 1250 1576 1279 videatur
1593 1250 1625 1279 in
1643 1249 1744 1279 simili
1764 1258 1854 1283 casu,
1872 1250 2005 1288 propter
2024 1249 2218 1287 religionem
2233 1249 2339 1287 jusju-

1332 1303 1438 1337 randi,
1456 1303 1562 1332 selicis
1580 1302 1816 1332 1·-:·c,0r‹1ationis
1833 1302 1858 1332 I.
1876 1310 1973 1341 papa,
1989 1302 2201 1341 predecessor
2217 1304 2339 1338 noster,

1330 1356 1539 1395 adjudicasse
1562 1355 1724 1394 hospitale
1750 1355 1862 1385 Sancti
1887 1355 2006 1390 Elucii,
2032 1356 2163 1385 Lucane
2185 1355 2340 1389 diocesis,

1331 1408 1570 1447 Hospitalariis
1593 1408 1704 1438 Sancti
1730 1407 1905 1446 Sepulchri
1930 1408 2076 1438 Pisanis.
2095 1409 2222 1438 Yerum
2247 1417 2338 1438 inan-

1330 1463 1405 1492 dato
1427 1463 1458 1491 et
1477 1462 1665 1500 juramento
1686 1461 1843 1499 predictis
1869 1461 2095 1499 oppom‘diatur
2120 1469 2170 1490 res
2193 1461 2340 1499 judicata

1329 1524 1387 1555 per
1399 1515 1625 1554 provisionem
1641 1514 1820 1552 predi‹·tain
1834 1515 1865 1543 et
1875 1514 2119 1552 predecessoris
2131 1514 2234 1544 nostri
2248 1523 2339 1544 man-

1329 1569 1443 1599 datum
1461 1567 1634 1600 directum,
1651 1566 1912 1605 approbantibus
1928 1566 2175 1604 Hospitalariis,
2189 1590 2208 1597 ..
2229 1566 2340 1597 abbati

1330 1622 1447 1652 Sancte
1467 1620 1636 1651 Genovet'e
1655 1622 1685 1649 et
1703 1619 1839 1657 collegis
1857 1619 1973 1657 ipsius,
1995 1619 2034 1649 de
2054 1619 2151 1649 domo
2173 1620 2204 1648 in
2224 1620 2339 1649 ordine

1331 1683 1403 1709 suo,
1422 1674 1451 1704 si
1467 1682 1520 1703 res
1536 1674 1622 1703 esset
1638 1673 1776 1710 integra,
1801 1672 2021 1705 reformanda,
2044 1680 2102 1702 nec
2120 1681 2185 1702 non
2207 1681 2341 1711 precep-

1330 1730 1399 1758 tum
1424 1729 1574 1757 nostrum
1596 1728 1669 1765 post
1690 1725 1917 1764 provisionem
1935 1725 2136 1755 destinatum
2154 1725 2338 1756 Parisiensi

1330 1781 1486 1820 episcopo
1503 1781 1533 1810 et
1550 1779 1687 1817 collegis
1702 1778 1862 1816 ejusdem,
1884 1780 1930 1813 ut,
1951 1778 1979 1807 si
1996 1778 2068 1808 fieri
2091 1780 2214 1817 posset,
2235 1779 2266 1807 in
2286 1787 2338 1808 eo-

1329 1835 1403 1864 110111
1415 1834 1530 1864 ordine
1545 1832 1759 1862 reformarent
1774 1831 1923 1861 eandem.
1939 1830 2190 1869 Proponebatur
2205 1831 2341 1869 insuper

1328 1887 1428 1926 quod,
1446 1887 1506 1916 etsi
1530 1885 1648 1915 suisset
1668 1884 1842 1923 prestitum
1856 1885 2095 1922 Juramentum,
2114 1893 2189 1913 cum
2207 1884 2340 1913 artioris

1328 1949 1428 1979 quam
1444 1939 1495 1969 illi
1510 1939 1638 1969 ordinis
1649 1937 1810 1972 existatis,
1829 1937 2026 1975 generaliter
2042 1937 2136 1974 illud,
2153 1936 2339 1967 exhibitum

1328 1994 1368 2023 de
1392 1992 1508 2023 stando
1533 1990 1746 2030 dispositioni
1768 1989 1914 2028 episcopi
1936 1989 2168 2028 Lingonensis,
2194 1989 2235 2019 ad
2258 1989 2339 2019 reci-

1327 2046 1487 2085 piendum
1504 2045 1637 2074 illorum
1653 2043 1802 2073 ordinem
1818 2051 1877 2072 vos
1896 2042 2086 2072 nullatenus
2101 2042 2275 2080 obligaret,
2295 2043 2337 2076 et,

1328 2097 1545 2137 sijurassetis
1563 2104 1718 2135 expresse
1741 2096 1779 2125 de
1797 2095 2020 2125 convertendo
2044 2104 2103 2125 vos
2127 2095 2167 2124 ad
2188 2095 2338 2125 ordinem

1297 2154 1298 2164 ¹
1327 2151 1519 2184 eorundem,
1544 2150 1697 2179 111101111111
1719 2150 1750 2178 01
1773 2148 1983 2178 temerarium
2007 2147 2181 2183 extitisset,
2209 2149 2239 2178 et
2264 2148 2338 2178 ideo

1329 2214 1394 2236 uon
1412 2204 1627 2238 servandum,
1643 2211 1717 2232 eum
1736 2202 1818 2231 nulli
1835 2202 1876 2231 ab
1892 2201 2004 2231 artiori
2021 2201 2061 2231 ad
2078 2201 2238 2231 laxiorem
2252 2201 2336 2231 ordi-

1296 2263 1297 2269 *
1329 2267 1404 2289 nem
1420 2257 1619 2288 descendere
1635 2256 1844 2285 concedatur.
1863 2255 1914 2284 Ex
1932 2255 1987 2284 tali
2005 2255 2104 2284 etiam
2120 2254 2338 2284 conversione

252 2308 378 2339 riorum
394 2309 599 2347 procurator,
612 2307 646 2337 in
662 2308 772 2337 nostra
784 2306 952 2346 presentia
965 2306 1176 2341 constitutus
1192 2313 1266 2336 con·
1295 2322 1297 2338 1

251 2361 302 2392 tra
323 2360 432 2400 ipsam
449 2360 567 2399 objecit
585 2360 672 2398 quod
696 2361 840 2399 potestas
858 2360 1021 2390 dictorum
1041 2359 1265 2398 delegantium
1294 2399 1295 2409 ¹

250 2414 360 2453 quoad
378 2413 624 2444 reformationis
644 2413 820 2444 articulum
838 2414 992 2443 revocata
1012 2412 1120 2442 suerat
1135 2420 1194 2451 per
1214 2411 1264 2441 ul-
1295 2446 1296 2451 ¹

1295 2456 1296 2481 ³
1325 2470 1491 2509 pertinent
1506 2468 1687 2503 niediante;
1712 2466 1948 2506 propterquod
1971 2466 2031 2500 eis,
2050 2466 2147 2496 etiam
2170 2466 2286 2504 sponte
2310 2465 2338 2494 si

249 2465 350 2498 timas
366 2466 503 2502 litteras,
516 2467 723 2497 continentes
735 2466 835 2504 quod,
851 2466 1001 2504 ipsorum
1013 2465 1149 2495 monitis
1165 2473 1265 2504 sup-er

249 2519 484 2550 reformatione
511 2519 680 2558 neglectis,
705 2527 840 2549 causam
861 2519 1063 2548 instruerent
1085 2520 1116 2547 et
1139 2518 1179 2547 ad
1203 2526 1264 2547 nos
1294 2530 1295 2560 3

250 2572 674 2603 remitterentsufficienter
688 2572 898 2607 instructam,
911 2572 1046 2610 propter
1061 2570 1262 2609 (111οᾶ10101·-

249 2624 363 2655 mandi
383 2633 446 2655 non
466 2625 649 2655 habuerant
673 2625 876 2659 facultatem,
898 2624 1073 2664 presertim
1095 2632 1170 2653 cum
1189 2624 1262 2653 ante

250 2677 471 2716 receptionem
497 2677 682 2708 litterarum
707 2678 856 2717 ipsarum
884 2677 925 2708 ad
952 2677 1171 2707 monitionem
1197 2684 1262 2706 non

247 2730 471 2769 processerint
497 2730 695 2761 faciendam.
722 2729 1142 2769 Preterea,IrIospitalariis
1172 2729 1262 2767 igno-

249 2781 400 2813 rantibus
411 2784 443 2813 et
453 2783 617 2822 pendente
628 2783 680 2814 die
693 2784 861 2823 assignata
872 2784 955 2822 qua¹
972 2783 1120 2813 dicerent
1130 2781 1263 2820 quando

248 2834 290 2866 ad
306 2835 544 2875 inquirendum
562 2836 766 2874 accederent,
784 2836 1037 2876 inquisitionem
1053 2835 1172 2867 secisse
1188 2843 1262 2865 nos-

279 2958 303 2982 ¹.
323 2957 370 2982 Με.
387 2963 451 2990 quo.

1293 2596 1295 2617 t

1293 2735 1294 2749 1

1293 2777 1295 2811 l

1327 2311 1469 2350 quedam
1482 2309 1671 2340 absurditas
1682 2309 1886 2346 sequeretur,
1903 2308 1981 2337 dum
1992 2316 2050 2346 per
2063 2307 2121 2337 hoc
2136 2307 2339 2345 contingeret

1328 2363 1572 2403 Hospitalarios
1599 2362 1705 2392 subici
1736 2361 1938 2397 Lingonensi
1965 2360 2114 2397 ecclesie,
2140 2361 2253 2390 contra
2273 2359 2338 2398 pri—

1327 2417 1450 2455 vilegia
1472 2417 1502 2446 et
1529 2414 1752 2453 indulgentias
1773 2413 1935 2444 libertatis
1956 2413 2079 2451 quibus
2101 2413 2142 2442 ad
2163 2420 2224 2443 nos
2245 2412 2338 2442 nullo

1325 2523 1458 2556 vellent,
1472 2521 1660 2552 renuntiare
1678 2529 1743 2550 non
1757 2521 1900 2558 possent.
1918 2519 2109 2549 Mandatum
2122 2527 2252 2557 quoque
2265 2526 2339 2549 nos-

1326 2577 1412 2606 trum
1429 2575 1596 2614 posterius
1613 2582 1678 2603 nou
1696 2572 1871 2602 videbatur
1889 2572 2016 2607 obesse,
2035 2580 2122 2605 cum,
2140 2571 2224 2601 sicut
2242 2579 2335 2610 supe-

1326 2628 1396 2659 rius
1425 2628 1474 2658 est
1504 2635 1711 2666 expressum,
1741 2634 1800 2664 per
1831 2625 1978 2655 veritatis
2006 2623 2278 2663 suppressionem
2306 2625 2337 2654 et

1325 2681 1571 2721 suggestionem
1593 2679 1748 2709 falsitatis
1772 2678 1889 2707 suisset
1912 2678 2096 2712 obtentum;
2121 2676 2210 2715 quod
2234 2677 2336 2707 atten-

1325 2735 1441 2765 dentes
1456 2732 1661 2763 Parisiensis
1678 2731 1855 2770 episeopus
1871 2732 1901 2760 et
1918 2730 1990 2768 ejus
2008 2729 2131 2767 college
2148 2728 2336 2759 interlocuti

1325 2789 1470 2822 fuerunt,
1486 2795 1523 2817 eo
1541 2795 1604 2816 non
1621 2785 1782 2817 obstante,
1800 2792 1858 2822 per
1873 2783 2002 2821 priores
2019 2782 2144 2812 liiteras
2158 2781 2335 2820 procedere

1325 2850 1360 2873 se
1375 2841 1506 2872 debere.
1523 2839 1590 2870 Nec
1608 2846 1740 2868 necesse
1758 2837 1818 2866 snit
1833 2836 1962 2874 copiam
1979 2834 2214 2874 Hospitalariis
2228 2833 2335 2864 facere

1325 2895 1365 2926 de
1383 2900 1539 2934 processu
1559 2893 1592 2922 in
1612 2891 1769 2921 relatione
1789 2889 1960 2923 mittenda,
1982 2897 2058 2918 cum
2078 2889 2151 2926 post
2171 2886 2334 2927 provisio-

1326 2955 1403 2980 nem
1423 2947 1561 2979 eandem
1581 2946 1613 2976 et
1629 2944 1819 2984 preceptum
1843 2942 1993 2973 nostrum
2010 2941 2050 2972 de
2072 2939 2282 2972 reformanda
2299 2939 2333 2968 iu
