2498 3242
160 293 213 323 861

158 358 242 397 legis
260 359 453 391 duxerimus
470 361 712 400 injungendum
738 367 788 397 ut,
815 368 844 393 te
868 364 899 393 id
919 364 1048 394 ellit-,ere
1066 364 1172 401 negli-

159 416 266 450 gente,
285 412 361 451 ipsi,
386 414 452 444 nisi
469 415 667 445 rationabile
684 416 763 454 quid
779 417 936 452 obstaret,
954 417 1036 446 illud
1053 417 1171 456 ext-qui

158 470 389 502 procurarent,
415 484 454 489 —
477 471 506 497 te
532 468 675 498 faciente
698 478 808 499 coram
833 470 1064 500 executoribus
1087 471 1170 509 ipsis

157 517 246 548 inter
272 523 381 549 cetera
411 520 605 558 excipiendo
629 522 768 560 proponi
794 523 880 561 quod
909 533 973 553 non
1002 524 1170 554 tenebaris

157 571 350 616 mandatum
376 572 566 612 hujusmodi
592 575 788 614 adimplere,
816 585 873 614 pro
897 586 933 606 eo
956 577 1060 616 quod,
1085 577 1171 606 sicut

157 623 302 660 dicebas,
325 625 528 656 venerabilis
551 628 654 658 frater
673 632 784 658 noster
809 652 827 657 ..
851 629 1024 667 episcopus
1044 630 1170 659 Torna-

157 677 278 713 censis,
307 682 383 708 tunc
408 680 596 717 Apostolice
620 681 715 712 Sedis
737 681 883 719 legatus.
909 686 1058 720 pretextu
1086 692 1167 721 qua-

156 730 298 760 rundam
334 730 475 762 aliarum
506 732 710 769 litterarum,
743 744 800 773 per
827 745 909 774 quas
936 739 1102 774 receperat
1133 735 1167 764 in

156 784 322 815 mandatis
345 794 363 814 a
386 785 497 821 nobis,
516 791 550 816 ut
572 787 730 825 magistro
746 789 802 817 w.
820 788 859 818 de
876 788 1141 825 lIanelingeliem
1158 790 1167 808 ¹

155 836 190 866 in
218 836 329 876 aliqua
355 838 571 869 ecclesiarum
595 849 653 870 sue
676 841 818 871 diocesis
839 841 1035 871 auctoritaie
1057 845 1169 871 nostra

155 888 190 918 in
206 889 367 920 beneficio
384 892 581 929 provideret,
600 893 766 932 quandam
782 894 967 924 contulerat.
981 895 1014 924 in
1029 894 1168 937 ecclesia

154 941 227 980 ipsa
255 943 458 981 prebendam
481 955 486 974 :
509 946 610 976 iidem
634 951 841 982 executores,
860 947 1085 985 exceptionem
1103 956 1167 977 non

154 995 368 1027 admittentes
385 996 587 1037 hujusmodi,
606 1008 680 1029 eum
704 1009 768 1029 non
788 1000 956 1029 videretur
977 1000 1060 1038 ipsis
1082 1000 1169 1038 quod

153 1048 297 1087 speciale
312 1050 521 1087 mandatum,
545 1052 631 1090 quod
654 1062 712 1090 pro
736 1052 823 1083 dicto
845 1054 876 1083 J.
900 1056 1108 1091 receperant,
1133 1057 1168 1082 ut.

153 1101 188 1130 in
206 1101 462 1134 Herlebeccensi
489 1105 554 1134 sibi
577 1105 716 1136 ecclesia
741 1106 970 1144 providerent,
994 1106 1167 1136 occasione

153 1154 320 1191 generalis
334 1165 506 1187 remanere
523 1157 657 1188 deberet
673 1158 846 1193 infectum,
865 1162 895 1189 et
911 1158 1168 1197 appellationem

153 1216 253 1245 quam
267 1211 300 1237 tu
317 1213 450 1247 propter
466 1208 526 1239 hoc
539 1209 680 1240 duxeras
695 1211 935 1249 opponendam,
952 1210 1104 1240 frivolam
1121 1220 1169 1241 re-

152 1263 318 1298 putantes,
338 1261 479 1291 eundem
493 1261 651 1292 clericum
668 1271 687 1292 a
705 1286 724 1291 ..
739 1263 864 1293 decano
880 1267 908 1293 et
925 1263 1068 1301 capitulo
1082 1264 1166 1302 ejus-

152 1312 226 1343 dem
245 1312 384 1343 ecclesie
399 1322 458 1352 per
474 1314 634 1352 quosdam
650 1314 882 1353 subdelegatos
899 1324 976 1345 suos
996 1316 1098 1354 recipi
1117 1317 1166 1346 se-

153 1370 267 1396 cerunt
289 1366 324 1395 in
347 1367 546 1397 canonicum
571 1371 601 1397 et
622 1368 657 1397 in
681 1368 836 1404 fratrem,
863 1372 894 1399 ct
918 1368 949 1399 ei
973 1369 1108 1398 stallum
1130 1370 1165 1399 in

151 1418 252 1449 choro
268 1423 297 1449 et
315 1418 424 1449 locum
441 1419 474 1449 in
492 1420 636 1458 capitulo
653 1421 835 1459 assignari,
856 1430 892 1451 ac
913 1421 947 1451 in
967 1426 997 1452 te
1016 1422 1165 1461 promul-

151 1471 222 1510 gari
243 1472 475 1510 suspensionis
493 1473 710 1509 sententiam,
735 1473 763 1503 si
788 1473 846 1503 alii
867 1474 1068 1512 prebendam
1085 1484 1164 1505 con-

148 1525 266 1560 ferres,
284 1534 383 1563 quam
401 1525 508 1563 primo
531 1534 647 1556 vacare
664 1526 871 1564 contingeret
886 1527 920 1556 in
937 1527 1078 1557 ecclesia
1093 1537 1163 1558 me-

147 1582 285 1608 morata.
306 1578 370 1609 Sed
395 1583 445 1614 tu,
473 1578 599 1609 nullam
618 1579 656 1610 de
673 1580 862 1618 receptione
883 1585 914 1611 et
934 1580 1162 1612 installatione

144 1631 253 1670 ipsius
275 1631 391 1662 habita
410 1633 591 1668 mentione,
616 1633 778 1672 quasdam
794 1634 835 1663 ad
857 1657 876 1663 ..
901 1634 1063 1664 decanum
1081 1635 1162 1665 Tor-

145 1692 324 1714 nacensem
347 1685 485 1724 ejusque
505 1686 695 1725 conjudices
712 1691 826 1716 contra
849 1687 958 1725 ipsum
980 1696 1079 1726 super
1099 1687 1161 1718 hoc

146 1746 164 1767 a
178 1737 274 1768 nobis
289 1737 420 1768 litteras
434 1738 633 1777 impetrasti,
649 1748 707 1778 per
721 1749 803 1779 quas
819 1741 942 1770 factam
955 1740 1021 1771 sibi
1035 1750 1052 1770 a
1064 1741 1161 1772 nobis

146 1791 288 1829 gratiam
310 1791 429 1822 niteris
446 1791 621 1822 annullare
636 1803 641 1828 ;
660 1796 691 1823 et
707 1802 782 1823 cum
799 1793 878 1823 dicti
891 1793 1022 1833 judices
1038 1794 1159 1832 ipsum,

144 1843 334 1873 litterarum
349 1844 496 1882 ipsarum
517 1845 725 1881 auctoritate,
748 1846 923 1882 citassent,
945 1847 1045 1882 idem,
1070 1847 1161 1877 suffi—

145 1895 247 1926 cienti
263 1901 475 1935 procuratore
491 1897 641 1933 dimisso,
666 1898 708 1928 ad
725 1899 928 1937 presentiam
944 1903 1092 1929 nostram
1109 1909 1163 1930 ac-

146 1949 262 1984 cessit,
280 1949 435 1988 idemque
451 1955 655 1988 procurator,
674 1951 751 1990 quia
766 1952 896 1991 judices
916 1952 982 1991 ipsi
998 1952 1038 1982 ad
1054 1952 1163 1983 locum

146 2010 212 2032 non
227 2006 335 2032 tutum
351 2002 496 2033 citabant
515 2003 668 2039 eundem,
689 2004 792 2034 alium
809 2005 874 2035 sibi
890 2005 1093 2043 denegantes
1109 2014 1163 2035 as-

146 2057 279 2095 signare
294 2066 460 2093 securum,
476 2057 649 2089 humiliter
664 2059 832 2098 requisiti,
850 2060 999 2090 sentiens
1015 2060 1163 2092 indebite

147 2118 182 2140 se
207 2110 357 2148 gravari,
387 2115 534 2140 nostram
563 2111 768 2142 audientiam
795 2112 983 2151 appellavit.
1012 2113 1163 2152 Cumque

145 2163 377 2202 prenominato
394 2163 514 2194 clerico
530 2163 689 2194 dilectum
703 2165 811 2195 filium
833 2169 984 2195 nostrum
1003 2166 1049 2201 S.,
1073 2165 1163 2196 tituli

147 2215 262 2247 Sancti
286 2216 460 2246 Laurentii
484 2217 519 2246 in
545 2217 672 2247 Lucina
690 2217 914 2256 presbit-erum
940 2218 1161 2255 cardinalem,

147 2268 338 2299 dederimus
357 2268 554 2305 auditorem,
581 2279 618 2300 ac
639 2279 698 2308 per
717 2270 915 2301 relationem
936 2271 1043 2310 ipsius
1066 2271 1163 2302 nobis

146 2322 335 2353 constiterit
359 2322 447 2361 quod
470 2323 617 2361 predicto
644 2323 765 2354 clerico
794 2324 829 2354 in
857 2324 972 2354 eadem
994 2324 1163 2363 prebenda

144 2374 276 2405 nullum
299 2375 354 2415 jus
376 2376 485 2406 fuerat
510 2376 729 2415 acquisitum,
756 2376 904 2407 volentes
924 2381 1034 2407 tamen
1055 2376 1163 2407 eidem

144 2427 265 2459 clerico
281 2428 423 2467 gratiam
439 2428 549 2459 facere
567 2429 756 2468 specialem,
773 2438 810 2459 ac
828 2438 902 2460 earn
917 2428 1028 2460 taliter
1041 2428 1162 2460 consu'-

143 2489 234 2512 mare
252 2485 289 2511 ut
304 2481 464 2521 injuriam
484 2481 546 2511 tibi
566 2481 704 2512 minime
722 2482 902 2518 faciamus,
927 2491 968 2513 ne
989 2482 1066 2513 inde
1083 2491 1161 2513 nas-

143 2537 238 2564 catur
257 2533 459 2573 injuriarum
480 2534 625 2570 occasio,
643 2535 731 2565 unde
748 2535 823 2574 jura
844 2539 1039 2570 nascuntur,
1058 2534 1161 2565 latam

143 2586 180 2616 in
196 2589 227 2617 te
242 2586 389 2625 predicte
409 2586 642 2626 suspensionis
656 2587 858 2618 sententiam
875 2586 1074 2623 relaxantes,
1091 2587 1160 2618 dis-

143 2639 326 2670 cretionem
342 2643 432 2669 tuam
455 2639 636 2678 rogandam
649 2640 804 2671 duximus
825 2644 857 2671 et
872 2640 1086 2676 monendam,
1102 2650 1160 2679 per

142 2691 263 2722 iterata
286 2691 347 2722 tibi
370 2692 492 2731 scripta
517 2693 730 2732 precipiendo
755 2693 951 2724 mandantes
977 2698 1157 2733 quatenus,

144 2753 185 2775 ne
202 2744 289 2775 dicto
305 2745 426 2776 clerico
441 2745 573 2776 dedisse
589 2755 647 2785 pro
670 2746 776 2784 gratia
792 2746 965 2777 videamur
987 2747 1160 2786 angustias

143 2802 176 2828 et
190 2797 333 2833 labores,
351 2807 416 2829 non
433 2799 585 2830 obstante
601 2799 793 2838 exceptione
809 2800 971 2838 predicta,
990 2804 1021 2831 et
1038 2800 1160 2831 litteris

179 2924 199 2948 1.
218 2924 362 2949 Pout-etre
379 2931 449 2956 pour
462 2927 681 2955 liauctinyehem
695 2926 735 2956 (=
748 2926 909 2957 Avelghem.
923 2926 1161 2950 arrondissement

145 2967 180 2992 de
195 2967 344 2998 Courtrai).

1017 290 1231 328 SEPTIEME
1253 291 1413 330 ANNEE.

2212 307 2269 336 862

1214 369 1218 420 Ι
1257 373 1275 394 a
1292 369 1320 395 tc
1339 374 1438 403 super
1456 366 1516 397 hoc
1536 367 1722 406 impetratis
1742 378 1778 397 ac
1800 378 1955 406 processu
1978 370 2090 399 habito
2116 381 2173 409 per
2195 381 2268 402 eas-

1214 421 1217 447 l
1256 416 1341 452 dem,
1363 419 1392 448 ei
1415 420 1628 457 prehendam,
1652 421 1679 450 si
1705 430 1768 460 qua
1791 422 1824 450 in
1852 422 2104 453 Herlelnavensi
2127 425 2266 455 ecclesia

1254 474 1346 499 vacat
1362 471 1401 500 ad
1418 481 1566 510 presens,
1586 474 1634 502 rel
1651 474 1818 512 quamcito
1835 484 1869 504 se
1885 475 2024 505 facultas
2041 476 2209 513 obtule-rit,
2227 478 2267 507 oln

1254 524 1476 553 reverentiam
1501 526 1688 563 Apostolice
1715 526 1809 556 Sedis
1832 532 1861 557 et
1888 533 2051 559 nostram.
2085 529 2268 560 liberaliter

1254 576 1405 606 conseras
1422 581 1453 606 et
1470 578 1639 613 assignem
1658 578 1807 618 alioquin
1823 579 1952 609 dilectis
1965 581 2043 609 liliis
2061 605 2078 610 ..
2093 582 2227 618 ‹lunt-ano,
2246 606 2264 611 ..

1253 627 1488 659 archidiacono
1503 630 1535 659 in
1552 631 1753 669 Amlwerpia
1767 636 1795 661 et
1811 632 1958 668 Nicolao,
1977 635 2135 663 canonico
2149 635 2266 665 Canic-

1253 681 1460 717 racensibus,
1479 683 1602 713 nostris
1624 684 1740 713 damus
1757 684 1878 715 litteris
1895 685 1928 714 iu
1946 687 2110 715 mandatis
2129 692 2160 716 ut
2179 692 2208 717 te
2226 688 2265 717 ad

1252 733 1286 762 id
1299 751 1338 755 —
1351 735 1560 773 compellant.
1578 737 1651 766 Dat.
1665 737 1828 775 Anagnie,
1843 738 1874 768 X
1887 738 2045 769 kalendas
2063 740 2263 775 novembris,

1252 794 1339 815 anno
1355 787 1506 825 septimo.
1526 800 1539 814 »

1290 909 1394 933 1568.
1407 921 1439 925 —
1452 905 1483 932 In
1500 907 1623 933 eundem
1642 908 1757 935 modum
1774 910 1916 944 scriptum
1929 914 2073 946 estsuper
2089 912 2143 938 boc
2153 912 2260 938 eisdem

1326 1107 1440 1136 ¹58³)

1287 1168 1500 1195 Archidiacono
1518 1169 1689 1198 Novariensi
1706 1176 1800 1199 narrat
1816 1182 1958 1201 excessus
1974 1175 2001 1201 in
2020 1176 2262 1206 Rolan‹lufn.f1·a-

1251 1219 1323 1242 trem
1344 1217 1454 1244 ordinis
1478 1217 1727 1251 Praedicatorum,
1746 1220 1907 1248 Placentiae
1929 1227 2123 1258 perpetratos,
2142 1230 2170 1252 et
2189 1235 2261 1260 quo—

1251 1264 1335 1290 modo
1352 1269 1451 1299 postea
1469 1266 1652 1300 Llanselmus
1667 1268 1840 1304 Maynerius}
1866 1276 1994 1305 potestas
2010 1276 2038 1299 ct
2053 1274 2100 1299 alii
2115 1283 2131 1300 a
2147 1274 2261 1302 civibus

1249 1313 1313 1339 suis
1334 1314 1370 1339 ob
1388 1314 1443 1341 hoc
1467 1316 1542 1350 capti
1564 1317 1640 1348 sint;
1664 1317 1779 1344 mandat
1801 1319 1826 1345 ei
1847 1324 1992 1354 quatenus
2014 1322 2122 1348 civitati
2146 1323 2181 1349 de
2204 1323 2260 1350 alio

1247 1366 1360 1388 rectore
1377 1363 1525 1397 provideat.
1539 1369 1566 1391 et
1582 1366 1715 1393 eumdem
1735 1366 1766 1393 L.
1781 1371 1963 1401 potestatem,
1982 1370 2193 1399 sufficientibus
2209 1373 2260 1399 ob-

1247 1409 1362 1438 sidibus
1378 1413 1514 1447 receptis,
1527 1413 1640 1440 liberari
1658 1415 1752 1442 saciat.
1766 1416 1893 1449 -fflffi
1910 1418 1950 1449 17,
1970 1418 1987 1444 f.
2001 1419 2032 1446 94
2046 1427 2091 1453 νος
2108 1429 2174 1447 ann.
2192 1421 2257 1451 vn,

1246 1466 1272 1485 c.
1290 1459 1359 1491 335;
1377 1475 1409 1479 —
1427 1460 1597 1489 Ronssxnsno
1615 1463 1688 1496 559.)

1780 1111 1910 1146 Anagni‚
1926 1113 1959 1139 ‘22
1976 1114 2093 1141 octobre
2111 1114 2189 1142 1233.

1288 1586 1301 1601 «
1323 1597 1341 1603 ..
1361 1576 1582 1606 archidiacono
1597 1578 1789 1608 Novariensi.
1809 1580 1854 1609 Ex
1873 1585 1985 1612 tenore
2001 1582 2189 1613 litterarum
2206 1602 2255 1614 —.

1245 1627 1320 1657 Dat.
1335 1628 1500 1666 Anagnie,
1512 1630 1561 1660 XI
1574 1630 1734 1661 kalendas
1751 1622 1951 1669 norembris,
1966 1644 2053 1665 anno
2071 1637 2220 1675 septimo.
2243 1651 2255 1664 »

1320 1835 1436 1864 1520

1282 1895 1374 1923 Priori
1397 1901 1426 1924 et
1445 1898 1570 1933 capitulo
1586 1898 1840 1928 Neumasensibus
1855 1903 1901 1935 (=
1916 1902 2191 1939 Nemausensibus),
2208 1915 2258 1933 or-

1245 1944 1322 1972 dinis
1345 1947 1438 1972 sancti
1461 1946 1637 1981 Augustini,
1664 1948 1810 1983 significat
1833 1958 1866 1976 se
1891 1954 2019 1978 statuere
2043 1957 2074 1979 ut
2093 1953 2183 1981 libros
2207 1955 2256 1989 qui

1245 1993 1388 2020 ecclesiae
1408 1993 1620 2022 Neumasensis
1639 1998 1684 2029 (=
1702 1996 1924 2032 Nemausensis)
1938 2001 2086 2028 canonicis
2111 2003 2258 2030 studenti-

1246 2041 1301 2068 bus
1316 2042 1529 2077 deputabantur
1545 2047 1573 2071 et
1589 2045 1759 2072 emebantur
1774 2046 1808 2072 ab
1825 2047 1881 2074 illis
1900 2047 1936 2074 de
1957 2048 2041 2076 bonis
2057 2050 2190 2084 ejusdem
2206 2060 2256 2079 ec-

1246 2090 1367 2123 etesiae,
1384 2099 1437 2118 seu
1459 2100 1533 2126 quos
1556 2093 1640 2120 amici
1660 2093 1746 2120 etiam
1763 2098 1791 2121 et
1813 2096 1966 2131 propinqui
1984 2097 2094 2125 eisdem
2109 2100 2257 2128 canonicis

1246 2137 1360 2171 dabant,
1374 2147 1440 2166 cum
1457 2139 1576 2167 eosdem
1591 2141 1680 2168 libros
1695 2143 1836 2177 quaedam
1851 2145 2016 2172 saeculares
2033 2155 2173 2181 personae
2190 2157 2256 2183 pro-

1246 2187 1318 2222 priis
1333 2191 1556 2222 praesumerent
1570 2189 1673 2217 usibus
1687 2191 1842 2226 applicare,
1854 2192 1882 2219 in
1894 2193 2035 2221 eeclesiae
2048 2203 2118 2222 suae
2133 2197 2256 2224 armario

1245 2240 1435 2269 conservent,
1453 2241 1481 2264 et
1502 2238 1597 2265 nullus
1621 2238 1657 2265 de
1676 2239 1732 2266 illis
1748 2239 1919 2275 disponere,
1943 2242 2053 2277 absque
2071 2245 2189 2280 capituli
2210 2246 2256 2273 sui

1244 2284 1374 2317 licentia,
1393 2290 1568 2321 praesumat.
1585 2302 1617 2307 —-
1635 2287 1719 2321 (Rau.
1739 2289 1780 2321 17,
1798 2289 1816 2315 f.
1833 2290 1866 2316 95
1882 2296 1921 2321 r⁰;
1938 2299 2004 2319 ann.
2021 2291 2086 2325 V11,
2105 2301 2130 2320 c.
2145 2293 2219 2327 336.)

1778 1838 1905 1874 Anagni,
1923 1840 1956 1868 23
1972 1842 2090 1869 octobre
2109 1843 2184 1871 1233.

1286 2411 1300 2426 α
1323 2423 1342 2429 ..
1356 2401 1461 2438 priori
1476 2406 1502 2431 ει
1518 2403 1653 2439 capitulo
1668 2403 1933 2441 Neumasensibus,
1949 2407 2069 2437 ordinis
2083 2410 2184 2438 sancti
2196 2410 2256 2440 Au-

1242 2453 1374 2490 yustim'.
1389 2453 1474 2484 Cum
1487 2463 1506 2484 a
1522 2454 1618 2485 nobis
1634 2472 1683 2485 —.
1698 2456 1772 2486 Dat.
1792 2458 1956 2497 Anagnie,
1976 2460 2005 2489 X
2022 2460 2182 2492 kalendas
2196 2471 2255 2493 no-

1243 2505 1406 2542 vembris,
1425 2515 1513 2537 anno
1529 2508 1680 2547 septimo.
1701 2522 1714 2535 »

1316 2711 1426 2741 15⁷¹
1775 2715 1900 2750 Anagni,
1918 2716 1951 2744 23
1968 2718 2085 2745 octobre
2104 2719 2180 2747 1233.

1278 2771 1528 2808 Arcbiepiscopos
1546 2777 1575 2800 et
1595 2774 1763 2809 episcopos,
1780 2775 1899 2803 abbates
1920 2780 1948 2804 et
1969 2777 2041 2805 alios
2063 2780 2252 2808 ecclesiarum

1243 2820 1387 2854 praelatos
1403 2829 1454 2856 per
1468 2820 1659 2848 Tbeutonianl
1675 2823 1851 2850 constitutos
1867 2829 1947 2859 rogat
1965 2829 1993 2852 et
2007 2826 2136 2854 hortatur
2151 2833 2253 2864 quate-

1244 2876 1299 2895 nus
1314 2876 1367 2896 eos
1381 2870 1430 2904 qui
1447 2870 1617 2905 magistrum
1639 2869 1802 2898 Com-adum
1818 2872 1853 2898 de
1870 2873 2020 2909 Marburg,
2039 2874 2184 2904 Ecclesiae
2203 2886 2253 2913 pa-

1243 2917 1451 2952 ranymphum,
1468 2918 1563 2945 virum
1585 2923 1802 2946 consummatae
1819 2920 1934 2948 virtutis
1953 2925 1982 2949 et
1999 2931 2169 2958 praeconem
2186 2925 2251 2953 fidei

1243 2965 1434 2999 christianae,
1451 2966 1602 3001 sacrilegis
1619 2971 1717 2994 tenere
1735 2969 1867 2996 manibus
1889 2973 1917 2996 et
1940 2970 2029 2998 ferina
2055 2977 2151 3000 mente
2175 2975 2252 3009 peri-
