2498 3242
152 272 209 302 941
1013 265 1226 303 SEPTIEME
1248 265 1409 303 ANNEE.
1620 260 1625 268 '
2208 278 2263 307 942

154 339 279 369 nostris
306 339 423 369 danius
450 339 572 370 litteris
597 339 631 369 in
659 339 824 369 mandatis
850 344 900 373 ut,
923 342 1169 378 procuratorem

154 391 262 430 ipsius
292 391 327 420 in
359 392 582 430 predictorum
614 392 794 422 decanatus
825 397 856 422 et
888 392 1132 430 prebendarum
1159 392 1168 411 ¹

154 444 400 482 possessionem
413 444 463 474 vel
475 445 583 483 quasi,
597 445 668 484 ejus
681 445 826 480 nomine,
841 445 1048 475 inducentes.
1062 443 1169 473 eidem

154 495 325 535 capellano
351 501 508 535 tanquam
531 506 644 527 eorum
668 498 791 527 dci-ano
812 498 850 527 de
872 497 1019 536 ipsorum
1035 496 1168 536 juribus

155 553 186 579 et
202 549 434 588 proventibus,
453 550 670 580 decernentes
688 550 821 580 irritum
843 555 874 580 et
894 551 1011 585 inane,
1037 550 1064 579 si
1089 549 1169 588 quid

155 601 273 632 exinde
289 606 359 640 post
378 602 589 633 collationem
607 608 753 633 nostram
773 604 873 633 fuerit
891 608 1012 633 temere
1029 607 1169 641 attemp-

156 658 271 688 tatum,
289 655 413 684 faciant
430 655 558 693 integre
573 657 776 695 responderi.
794 657 954 693 Quocirca
972 656 1168 686 mandamus

155 711 332 746 quatenus,
347 709 472 738 eisdem
489 709 523 738 in
540 710 733 740 executione
750 710 896 739 mandati
915 709 1019 739 nostri
1038 717 1168 739 cessan-

155 761 256 796 tibus,
280 771 336 791 vos
360 762 553 792 mandatum
569 773 668 802 super
684 763 745 793 hoc
762 763 994 802 apostolieum,
1015 762 1167 792 submoto

156 813 390 853 appellationis
413 815 593 850 obstaculo,
619 817 736 855 exequi
760 816 953 854 procuretis.
978 815 1166 846 Contradic-

156 870 244 897 tores
267 871 328 897 etc.
356 868 449 904 Quod
472 868 500 898 si
524 877 589 898 non
610 869 706 899 ambo
731 873 806 901 etc..
829 868 912 898 alter
933 872 1079 898 vestrum
1104 871 1164 897 ete.

155 920 229 950 Dat.
248 920 415 951 Laterani.
436 922 503 951 1111
522 930 625 951 nonas
638 921 798 960 januarii,
817 930 903 951 anno
920 920 1070 959 septimo.
1092 932 1104 946 ι)

191 1025 296 1054 Ρῗθὸ.
313 1040 347 1046 -
367 1025 398 1052 Iu
420 1026 543 1053 eundem
562 1026 676 1053 modum
694 1027 834 1062 scriptum
851 1031 895 1053 est
914 1048 931 1053 ..
949 1028 1068 1061 episcopo
1083 1030 1107 1052 et
1122 1034 1169 1052 ca·

152 1076 243 1109 pitulo
260 1075 444 1102 Olencnsibns.

230 1231 248 1257 1
259 1229 347 1258 ἵθθ

196 1292 286 1319 Priori
302 1296 330 1319 et
345 1292 493 1319 canonicis
510 1291 631 1318 Sanctae
648 1291 751 1318 Crucis
768 1291 802 1317 de
820 1291 898 1318 Urbe
915 1291 1060 1324 significat
1075 1300 1107 1318 se
1124 1291 1167 1318 in-

157 1340 268 1372 hibere,
285 1341 339 1366 sub
357 1349 448 1374 poena
464 1339 785 1372 excommunicationis,
805 1348 839 1366 ne
855 1341 921 1374 quis
935 1340 970 1365 de
987 1340 1070 1367 bonis
1088 1340 1167 1374 ipso-

666 1229 779 1260 Latran,
798 1229 829 1257 13
847 1228 1000 1255 decembre
1018 1229 1094 1256 1233.

157 1397 220 1416 rum
235 1389 376 1415 ecclesiae
388 1389 585 1415 immobilibus
597 1388 722 1415 vendere
738 1389 841 1422 aliqua,
859 1392 888 1414 et
903 1389 1067 1423 specialiter
1082 1388 1167 1414 Goza-

158 1446 225 1464 num
246 1445 312 1464 cum
334 1437 510 1472 appenditiis
530 1437 608 1468 suis,
626 1441 653 1463 et
671 1437 875 1471 possessiones
895 1437 964 1463 alias
979 1446 1051 1471 quas
1067 1437 1166 1463 eadem

155 1486 280 1513 ecclesia
305 1494 340 1512 ex
367 1485 558 1512 concessione
588 1485 744 1519 apostolica
770 1485 797 1511 in
829 1485 974 1511 territorio
1002 1485 1167 1512 Tusculano

155 1535 287 1565 babebat,
306 1539 388 1568 prout
405 1535 432 1561 in
445 1535 549 1561 litteris
561 1534 592 1561 C.
611 1542 700 1569 papae
713 1534 827 1569 plenius
842 1534 1054 1562 continebatur.
1068 1538 1168 1569 utpote

153 1583 280 1617 plenarie
309 1584 341 1609 ad
367 1583 588 1618 dispositionem
620 1583 774 1610 cardinalis
806 1583 881 1609 tituli
913 1582 1035 1609 Sanctae
1065 1582 1168 1610 Crucis

153 1632 334 1667 spectantia,
354 1632 514 1664 infeudare,
533 1633 638 1664 locare,
657 1640 708 1658 seu
727 1632 780 1658 alio
798 1632 882 1658 modo
899 1632 1024 1658 alienare
1044 1636 1093 1658 aut
1113 1632 1167 1658 sub

151 1680 260 1707 tributo
278 1689 384 1715 ponere
399 1681 523 1715 alicujus
535 1703 541 1713 ,
557 1682 668 1715 absque
685 1680 770 1707 Sedis
792 1681 978 1713 Apostolicae
1000 1689 1052 1707 sen
1073 1681 1167 1707 cardi-

155 1729 227 1756 nalis
239 1729 344 1755 ibidem
358 1729 512 1756 existentis
525 1729 648 1761 licentia,
662 1736 872 1764 praesumat.—
884 1729 968 1762 (Rae.
981 1730 1023 1761 17,
1037 1729 1055 1755 Γ.
1072 1729 1119 1756 ¹29
1132 1736 1166 1760 1¹⁰,

152 1785 220 1806 ann.
240 1777 305 1810 VH,
324 1787 349 1805 c.
369 1778 435 1807 460;
451 1793 487 1798 —
503 1778 621 1806 Monam
644 1778 719 1810 1188,
739 1778 755 1804 s.
773 1778 848 1806 ‘Min

196 1886 208 1899 α
236 1897 255 1902 ..
277 1875 380 1912 priori
399 1879 424 1903 et
441 1875 601 1903 canonicis
617 1874 726 1903 Sancte
750 1874 856 1904 Crucis
875 1875 908 1903 de
932 1875 1014 1903 Urbe.
1040 1874 1109 1904 Etsi
1132 1884 1169 1904 ex

154 1926 304 1965 injuncto
331 1944 379 1955 —.
409 1927 480 1956 Dat.
511 1926 683 1962 Laterani,
715 1926 826 1957 idibus
851 1927 1054 1959 decembris.
1083 1935 1169 1957 anno

153 1979 306 2017 septimo.
327 1991 339 2005 n

231 2139 250 2166 Ι
260 2138 345 2167 ’ἵθῖ

194 2199 337 2235 Episcopo
357 2199 496 2227 Feltrensi
508 2200 684 2227 desideranti
699 2201 726 2226 in
739 2200 864 2227 ecclesia
880 2200 978 2227 Sancti
997 2200 1124 2227 Victoris
1135 2200 1170 2227 de

716 2138 829 2170 lmtran,
849 2138 877 2165 1⁶2
889 2139 1004 2173 janvier
1020 2138 1096 2165 1234.

158 2249 341 2276 Monteieltro
358 2251 457 2283 (prope
475 2248 617 2283 Feltram),
631 2250 657 2275 in
670 2257 726 2283 qua
737 2257 844 2283 corpus
861 2249 1061 2284 requiescebat
1077 2249 1169 2275 sancti

158 2297 296 2326 Victoris,
313 2302 389 2332 apta.
410 2301 440 2324 ut
457 2298 634 2332 proponebat
649 2297 722 2324 idem
740 2298 907 2332 episcopus,
924 2297 1017 2324 ordini
1034 2298 1169 2332 regulari,

156 2350 186 2372 et
200 2354 285 2381 quam
302 2346 431 2372 decanus
454 2345 622 2377 Feltrensis,
639 2345 690 2372 sed
710 2354 764 2372 non
790 2346 900 2372 ratione
916 2346 1083 2375 decanatus.
1103 2354 1170 2372 nos-

110 2406 115 2410 -
154 2394 275 2421 cebatur
297 2395 438 2426 obtinere,
460 2394 663 2429 religiosorum
681 2398 875 2426 conventum,
893 2394 1027 2420 videlicet
1051 2394 1169 2421 fratrum

156 2442 280 2470 Sanctae
305 2443 412 2469 Mariae
434 2444 460 2469 in
489 2443 574 2469 Portu
598 2443 771 2475 Ravennati,
797 2443 960 2472 instituere.
983 2443 1116 2469 concedit
1140 2447 1170 2469 ut

154 2493 296 2527 quosdam
313 2492 445 2518 redditus
458 2492 493 2518 de
512 2491 584 2518 Villa
600 2491 700 2526 Campi
716 2495 745 2518 et
760 2491 915 2526 Mislanlol,
931 2492 964 2518 ad
983 2500 1076 2523 suam,
1093 2492 1171 2519 sicut

155 2541 315 2573 asserebat,
333 2541 517 2567 donationem
535 2544 712 2574 spectantes,
733 2548 781 2574 pro
798 2540 872 2567 dicta
889 2540 1014 2567 ecclesia
1035 2541 1070 2567 de
1087 2549 1170 2575 prae-

156 2590 222 2617 fatis
247 2590 383 2616 fratribus
413 2589 588 2621 ordinanda,
613 2594 772 2616 memorato
800 2589 910 2616 decano
936 2589 1082 2622 conserat,
1104 2597 1170 2616 cum

157 2647 212 2666 non
231 2639 350 2665 baberet
366 2639 538 2665 beneficium
556 2639 787 2665 ecclesiasticum
804 2637 840 2664 de
855 2646 912 2672 quo
927 2638 965 2664 illi
983 2638 1089 2665 valeret
1105 2646 1171 2673 pro-

157 2687 264 2714 videre.
281 2701 317 2708 —
332 2687 416 2721 (Rau.
437 2688 482 2719 17,
500 2687 518 2713 s.
539 2688 587 2715 129
605 2694 648 2715 v⁰:
665 2696 731 2714 ann.
754 2686 860 2718 v11,c.
879 2687 952 2719 461.)

200 2795 213 2809 α
243 2806 262 2811 ..
287 2784 421 2821 episcopo
446 2783 605 2812 Fcllrensi.
630 2782 712 2813 Cum
737 2781 932 2819 religionem
958 2781 1106 2819 plantare
1122 2799 1169 2811 —.

158 2836 233 2866 Dat.
252 2835 419 2866 Laterani.
439 2836 470 2866 II
490 2835 564 2865 idus
578 2835 742 2875 januarii,
761 2844 848 2864 anno
867 2835 1018 2873 septimo.
1041 2847 1052 2860 n

195 2949 214 2972 l.
234 2951 282 2973 Ms.
301 2957 307 2972 :
325 2948 472 2979 prebende.

1329 339 1348 366 Ι
1359 339 1446 368 ’708

1290 393 1451 428 Universos
1471 402 1571 430 fideles
1592 408 1689 430 monet
1710 408 1738 430 et
1755 404 1882 430 bortatur
1900 410 1944 435 ut,
1962 419 1994 424 -
2011 414 2076 431 cum
2094 406 2196 432 fratres
2212 407 2265 432 do-

1255 458 1319 476 mus
1335 451 1513 485 leprosorum
1531 452 1628 478 Sancti
1643 452 1737 478 Lazari
1751 452 2003 487 I‘Iierosolymitaui
2021 459 2208 486 gravarentur
2224 459 2265 481 tot

1808 341 1919 369 Latrim.
1941 342 1968 368 14
1985 343 2098 376 janvier
2118 343 2191 370 1232.

1253 499 1369 530 debitis,
1385 508 1433 533 pro
1448 500 1553 526 Terrae
1567 500 1690 527 Sanctae
1706 501 1837 526 subsidio
1855 502 2021 529 contractis,
2035 502 2120 535 quod,
2140 503 2264 529 venditis

1250 548 1309 581 jam
1336 548 1508 582 quibusdam
1536 549 1774 582 possessionibus
1799 558 1871 583 quas
1898 550 2056 576 habebant⁴
2084 551 2209 585 reliquas
2237 552 2262 578 in

1254 604 1356 630 magna
1379 601 1457 630 pii-to
1475 597 1600 623 vendere
1617 598 1870 631 coitipcllei·etittii',
1888 612 1923 617 —
1938 599 1970 623 :nl
1993 599 2165 625 solutionem
2183 600 2264 626 debi-

1254 648 1346 670 torum
1367 645 1493 679 ipsorum
1511 649 1539 671 et
1555 645 1766 679 praedictorum
1783 646 1899 672 fratrum
1921 648 2174 675 sustentationem.
2193 649 2264 682 ipsis

1255 694 1297 719 vel
1311 694 1437 727 ipsorum
1453 695 1570 725 nuntiis.
1585 702 1649 720 cum
1662 694 1694 720 ad
1708 702 1758 720 eos
1770 695 1958 721 accesserint.
1973 696 2174 730 elcwoosyuas
2191 698 2264 731 peti-

1253 741 1320 774 turi,
1337 742 1372 768 (le
1390 742 1472 768 bonis
1489 742 1552 768 suis
1569 742 1699 768 subsidia
1715 747 1850 774 erogent;
1865 743 1995 769 noverint
2013 754 2043 768 st·
2061 744 2154 777 ipsum
2171 745 2263 771 omni-

1254 791 1307 816 bus
1324 799 1427 817 manus
1441 791 1569 817 caritatis
1586 791 1641 817 illis
1658 792 1874 825 porrigentibus
1891 793 1990 825 viginti
2007 792 2069 818 dics
2083 793 2117 817 ‹lo
2136 794 2264 827 injuncta

1252 839 1307 865 sibi
1333 839 1506 873 paenitentia
1530 840 1666 866 relaxare.
1690 854 1722 860 —
1746 840 1828 872 (Rea.
1855 842 1895 871 ¹7,
1920 841 1939 867 s.
1969 842 2014 867 rsa
2041 848 2082 871 x⁰;
2107 850 2173 867 ειιιιι.
2199 841 2262 873 v11,

1252 896 1277 915 c.
1293 887 1366 918 46-2.)

1294 1015 1306 1029 «
1328 1004 1483 1032 Unico-sis
1500 1004 1614 1033 chriso·
1629 1004 1768 1040 fidelibus
1783 1004 1822 1033 ad
1842 1014 1914 1041 qnos
1935 1006 2032 1033 littere
2052 1006 2104 1033 isle
2119 1014 2263 1042 peruene-

1253 1057 1328 1085 rint.
1361 1055 1431 1085 Etsi
1462 1055 1629 1086 universis
1657 1056 1885 1094 indigentibus
1912 1075 1961 1086 —.
1989 1058 2061 1087 Dat.
2095 1058 2261 1087 Laterani.

1252 1109 1383 1138 XVIIII
1402 1108 1560 1139 kalendas
1577 1109 1750 1143 februarii,
1771 1118 1858 1140 anno
1875 1110 2025 1149 septimo.
2049 1123 2061 1136 υ

1327 1321 1346 1348 Ι
1357 1321 1445 1349 ’ἳθθ

1289 1383 1518 1417 Areliiepiscopo
1533 1381 1704 1411 Viennensi,
1724 1383 1909 1417 Apostolicae
1928 1384 2013 1410 Sedis
2029 1386 2132 1417 legato,
2150 1385 2261 1411 mandat

1807 1321 1918 1354 Lati-an,
1940 1323 1966 1348 ¹4
1981 1323 2094 1357 janvier
2114 1323 2190 1350 1234.

1251 1437 1406 1466 quatenus,
1429 1432 1461 1457 ad
1487 1432 1713 1458 Aurasicensem
1732 1434 1776 1465 (=
1793 1433 2030 1465 Arausieenscm)
2051 1434 2195 1459 civitatem
2212 1442 2260 1460 ac-

1251 1481 1368 1511 cedens.
1387 1481 1421 1507 (lc
1440 1481 1628 1506 Aurasicensi
1644 1481 1782 1515 episeopo
1801 1481 1939 1515 inquirat,
1957 1483 2020 1515 qui,
2038 1495 2071 1501 —
2087 1482 2260 1508 commissae

1251 1529 1306 1555 sibi
1323 1529 1488 1562 lauguentis
1502 1530 1644 1555 ecclesiae
1658 1530 1819 1557 facultates.
1833 1530 1919 1555 immo
1932 1539 1963 1555 se
1981 1532 2074 1564 ipsum
2093 1531 2261 1565 perditionis

1251 1577 1420 1603 adscribens
1446 1576 1600 1612 operib'us2
1625 1578 1812 1612 ‹luzunplures
1836 1579 1957 1605 focarias
1982 1580 2105 1611 babens,
2129 1583 2157 1605 ut
2181 1580 2261 1606 dice-

1252 1627 1351 1655 batur:
1369 1627 1531 1661 surripiens
1548 1627 1710 1656 viiginibuS
1735 1628 1878 1653 castitatis
1902 1629 2059 1654 virt-ulum.
2086 1637 2133 1662 pro
2156 1629 2262 1662 quibus

1251 1679 1279 1702 et
1302 1676 1365 1701 aliis
1389 1675 1522 1701 facilitate
1546 1675 1699 1702 damnabili
1724 1676 1910 1703 seducendis,
1936 1678 2086 1710 qnamdam
2111 1678 2260 1704 miseram.

1252 1725 1278 1750 in
1302 1723 1490 1758 procurandis
1511 1724 1614 1749 alienis
1639 1724 1768 1758 lapsibus
1790 1724 1862 1750 sorte
1885 1734 1934 1759 per
1958 1725 2087 1759 proprios
2110 1725 2260 1752 eruditam.

1255 1772 1479 1806 [auxiliatricem]
1500 1772 1655 1807 specialem
1673 1772 1728 1799 sibi
1744 1774 1944 1803 constituerat.
1958 1773 2042 1807 eiquo
2057 1782 2142 1799 unum
2161 1774 2196 1800 de
2213 1774 2262 1799 (lo-

1253 1821 1367 1848 miciliis
1381 1821 1587 1847 Aurasicensis.
1599 1821 1752 1853 ecclesiae,
1763 1823 1808 1855 cuj
1817 1830 1849 1847 us
1861 1822 1978 1855 indigna
1996 1831 2066 1856 pane
2080 1823 2261 1851 vescebatur.

1252 1870 1455 1904 deputarerat;
1472 1869 1505 1895 ad
1522 1869 1662 1895 ecclesias
1675 1875 1703 1895 et
1718 1870 1916 1896 ecclesiastica
1934 1871 2072 1896 beneficia
2089 1872 2262 1897 eonferenda

1253 1919 1447 1952 symoniacam
1473 1917 1618 1943 advocans
1640 1918 1827 1952 pravitatem;
1849 1918 1992 1952 justitiam
2021 1921 2185 1952 petentibus
2209 1929 2262 1946 non

1254 1966 1424 2000 impendens
1451 1969 1480 1991 et
1506 1966 1624 1991 emissis
1652 1966 1894 2000 appellationibus
1918 1974 2006 2000 super
2032 1967 2116 1993 illatis
2141 1969 2175 1992 ab
2201 1969 2263 2001 ipso

1255 2014 1395 2040 molestiis
1415 2014 1532 2039 minime
1555 2014 1707 2041 deterens:
1732 2014 1895 2051 interventu
1922 2015 2059 2054 pecuniae
2085 2017 2263 2042 matrimonia

1254 2062 1381 2096 legitima
1409 2062 1548 2088 dirimens
1577 2067 1604 2088 et
1636 2062 1788 2096 prohibitis
1811 2063 1991 2089 obstaculum
2019 2072 2072 2089 nou
2096 2074 2262 2099 opponens:

1255 2110 1349 2137 divina
1365 2111 1465 2142 officia,
1485 2111 1550 2136 licet
1566 2112 1898 2138 excoiiiuiunicationum
1922 2114 2074 2138 sententiis
2098 2113 2262 2141 innodatus

1254 2160 1401 2186 celebrare
1423 2167 1624 2194 praesumens,
1643 2175 1673 2178 —
1692 2160 1718 2185 in
1738 2160 1842 2186 multos
1858 2169 1999 2187 excessus
2015 2162 2175 2193 cochlea-au
2191 2171 2264 2196 quae.

1255 2208 1396 2235 invenerit
1417 2208 1537 2234 Summo
1559 2208 1688 2235 Pontifici
1710 2210 1772 2235 suis
1797 2209 1899 2235 litteris
1926 2210 2047 2236 fideliter
2064 2212 2212 2237 rescribat.
2228 2226 2263 2232 —

1253 2257 1336 2292 (Rau.
1359 2259 1398 2290 17,
1417 2258 1433 2284 s.
1457 2257 1503 2285 130
1518 2264 1561 2288 r⁰;
1578 2266 1644 2284 ann.
1665 2257 1908 2289 V11.c.-tssa;—
1924 2259 2042 2286 Monate
2064 2260 2138 2291 1188,
2156 2260 2172 2286 Γ.
2191 2260 2263 2293 283.)

1296 2386 1308 2399 (t
1339 2396 1360 2402 ..
1386 2374 1612 2411 archiepiscopo
1644 2374 1821 2409 Viennensi,
1853 2376 2016 2412 ‚lposlolicr
2045 2375 2128 2404 Salis
2157 2376 2263 2413 Icyato.

1255 2428 1434 2457 Pravorum
1473 2426 1694 2456 accidentium
1736 2436 1847 2456 amara
1884 2445 1938 2456 —.
1977 2429 2050 2457 Dat.
2090 2429 2263 2463 Laterani.

1254 2481 1385 2510 XVIIII
1401 2479 1561 2510 kalendas
1577 2480 1750 2515 februarii,
1769 2490 1855 2510 anno
1873 2481 2023 2519 septimo.
2048 2495 2059 2506 υ

1330 2685 1447 2715 ΙῖΙθ

1293 2747 1452 2783 Episcopo,
1470 2748 1578 2774 decano
1599 2753 1626 2774 ct
1645 2749 1809 2774 succentori
1834 2748 2047 2774 l'arisicnsibus
2069 2749 2179 2774 mandat
2197 2758 2265 2783 qua-

1808 2686 1918 2713 Lan-an.
1941 2687 1969 2712 lb*
1984 2686 2098 2719 janvicr
2119 2687 2192 2714 1235.

1259 2803 1344 2822 tenus
1368 2796 1579 2822 Cenomanensi
1605 2798 1742 2831 episcopo
1768 2801 1796 2822 et
1820 2797 1939 2828 collegis
1965 2798 2041 2824 suis.
2063 2797 2212 2830 judicibus
2239 2799 2265 2825 in

1258 2853 1342 2871 causa
1365 2845 1440 2871 iuter
1463 2844 1650 2874 Ludovicum.
1673 2853 1769 2879 regem
1794 2845 1981 2873 Francorum,
1999 2850 2026 2871 et
2047 2845 2199 2880 [l‘etruml.
2217 2856 2266 2873 co-

1260 2894 1356 2920 mitem
1379 2893 1559 2922 Britanniae.
1578 2899 1692 2922 exorta.
1712 2895 1860 2928 injungant
1880 2900 1907 2920 ut
1929 2894 1963 2919 «le
1982 2895 2073 2929 ipsius·
2089 2904 2194 2921 causac
2210 2897 2266 2923 cir-

1260 2943 1444 2969 cumstantiis
1466 2942 1560 2977 ipsum
1586 2951 1684 2977 papam
1712 2943 1814 2968 litteris
1839 2944 1900 2968 suis
1921 2945 2072 2969 certiorem
2097 2944 2209 2971 saciant.
2234 2959 2267 2964 —
