2498 3242
205 254 265 284 745
1062 248 1275 286 SEPTIEME
1297 249 1458 288 ANNEE.
2256 265 2313 294 7—16

206 318 309 350 ciales
332 319 414 350 alios
437 329 455 350 a
478 320 652 358 premissis
675 329 816 357 cessare,
841 330 898 360 per
920 331 1095 352 censuram
1118 322 1218 352 eccle-

205 372 388 402 siasticam.
412 372 633 412 appellatione
655 379 795 404 remota.
818 375 955 411 cogatis.
978 375 1217 405 nichilominus

207 433 319 462 regem
339 425 449 463 ipsum
473 430 509 455 ut¹
528 434 547 455 a
567 426 768 465 supradictis
790 428 945 458 omnibus
971 433 1001 458 ct
1022 429 1132 458 idcm¹
1160 438 1217 468 pe-

206 477 298 508 nitus
322 478 553 517 conquiescat,
581 483 613 509 et
639 479 780 510 barones
808 485 838 510 et
861 481 944 510 alios
967 482 1151 512 antedictos
1177 482 1217 511 ab

204 529 273 560 hiis
292 530 380 560 infra
400 540 549 561 mensem
572 541 720 563 cessare.
740 533 859 563 tradita
882 534 946 563 sibi
966 544 982 563 a
1002 535 1141 564 Domino
1159 544 1217 573 po-

204 587 322 613 testate
343 584 534 622 compellat,
558 584 725 616 efficacius
747 592 987 617 ammonentes.
1006 588 1040 617 Si
1057 598 1134 617 vero
1152 597 1217 618 mo-

203 636 390 666 nitionibus
409 637 529 668 vestris
546 638 633 669 idem
652 648 707 669 rex
727 650 826 678 super
843 641 909 670 hiis
928 641 1015 670 infra
1037 642 1216 671 terminum

203 689 430 728 obtemperare
454 699 519 721 non
545 693 711 723 curaverit
736 698 970 729 memoratum,
998 703 1054 724 vos
1079 698 1214 730 extunc,

204 743 272 772 nisi
294 743 382 773 infra
408 752 558 774 mensem
587 744 690 775 alium
721 756 784 785 que
815 747 1028 785 premisimus
1051 747 1217 777 studuerit

203 796 391 826 executioni
407 797 577 832 mandare,
595 799 707 829 omnia
723 799 794 829 loca
808 800 925 839 adque
939 800 1120 830 devenerit.
1137 800 1216 829 sub-

200 849 289 880 datis
317 849 543 881 ecclesiastico
567 851 761 888 interdicto,
788 852 835 883 ita
863 852 951 891 quod
979 853 1138 892 quamdiu
1167 853 1215 882 ibi

199 903 318 938 suerit,
347 903 477 934 nullum
508 904 632 935 ibidem
662 905 813 935 divinum
839 906 985 936 officium
1017 905 1213 936 celebretur.

200 956 295 993 Quod
311 956 338 986 si
356 965 414 987 nec
427 957 618 997 hujusmodi
632 959 762 989 vexatio
775 959 840 988 sibi
852 959 979 989 dederit
994 959 1212 995 intellectum,

199 1018 268 1039 vos.
287 1009 425 1040 alterius
442 1011 568 1041 mensis
585 1011 691 1049 spatio
705 1011 902 1051 postelapsu,
923 1020 1033 1049 regem
1049 1012 1213 1050 prefatum

200 1063 241 1092 ad
265 1063 342 1098 hoc,
371 1072 511 1093 censura
537 1064 780 1100 ecclesiastica,
807 1065 984 1103 sul)[moto]
1009 1065 1214 1104 cujus[libet]

198 1116 500 1154 confi-afflictionis]
521 1121 552 1147 et
575 1116 834 1155 ap[pellationis]
856 1117 1134 1156 impc[dimento].
1159 1127 1213 1148 co-

199 1168 296 1207 gatis.
315 1169 390 1198 Nou
403 1169 555 1199 obstante
572 1170 810 1200 constitutione
823 1170 1210 1209 etc..asque:genera1i,

197 1221 245 1251 ita
262 1226 372 1252 tamen
391 1222 478 1261 quod
499 1221 586 1252 ultra
609 1226 674 1253 tres
692 1222 742 1252 vel
761 1227 903 1261 quatuor
925 1222 1031 1252 dietas
1054 1227 1145 1252 extra
1164 1232 1211 1253 re-

200 1283 302 1313 gnum
326 1274 517 1313 Portugalie
540 1274 664 1314 aliquis
696 1275 737 1305 ad
759 1275 924 1314 judicium
949 1284 1014 1305 non
1040 1275 1208 1311 trahatur,

198 1327 251 1357 vel
272 1327 482 1365 indulgentia
507 1327 620 1366 aliqua
641 1327 749 1357 eidem
769 1328 839 1365 regi
860 1327 900 1357 ab
919 1327 1106 1366 Apostolica
1128 1329 1210 1358 Sede

197 1388 366 1415 concessa,
379 1389 438 1418 per
453 1388 553 1419 quam
568 1379 691 1410 dicitur
709 1380 739 1410 ei
758 1379 864 1410 fuisse
881 1379 1059 1415 indultum,
1078 1389 1117 1410 ne
1134 1380 1210 1419 quis

196 1433 232 1462 in
248 1441 325 1463 eum
340 1432 391 1463 vel
407 1442 547 1471 regnum
563 1442 662 1463 suum
678 1433 1031 1463 excommunicationis
1045 1433 1096 1464 vel
1110 1433 1209 1464 inter-

193 1485 275 1516 dicti
288 1485 490 1516 sententiam
501 1486 621 1516 audeat
631 1485 853 1524 promulgare.
869 1486 964 1523 Quod
975 1487 1081 1516 sinon
1093 1495 1208 1517 omnes

193 1543 268 1574 etc.,
287 1542 332 1573 tu,
350 1539 454 1568 frater
470 1538 634 1577 episcope,
653 1542 714 1569 etc.
733 1539 807 1569 Dat.
825 1539 993 1575 Laterani,
1011 1539 1075 1570 VII
1091 1539 1208 1570 kalen-

188 1591 250 1622 das
262 1591 372 1631 junii,
384 1600 471 1622 anno
490 1592 641 1631 septimo.
662 1604 675 1619 ⁷>

261 1778 377 1806 1328
800 1777 914 1812 Lau-an,
930 1778 964 1805 ‘26
979 1779 1035 1805 mai
1055 1778 1130 1806 1233.

223 1840 382 1875 Episcopo,
401 1840 510 1866 decano
525 1844 554 1866 et
578 1841 688 1867 cantori
710 1840 936 1867 Zamorensibus
963 1844 1062 1868 notum
1082 1841 1150 1868 facit
1173 1850 1204 1869 se

187 1890 284 1924 ipsum
306 1889 455 1916 monuisse
480 1897 577 1924 regem
605 1888 787 1924 Portugaliae
811 1892 842 1916 ut
862 1889 989 1916 decimas
1004 1894 1033 1917 et
1055 1890 1109 1917 alia
1130 1891 1204 1917 bona

186 1939 297 1974 quibus
313 1938 466 1965 ecclesiam
484 1937 722 1972 Portugalensem
746 1938 934 1973 spoliaverat,
952 1938 1044 1965 eidem
1064 1939 1204 1966 ecclesiae

190 1987 341 2021 restituat,
359 1987 460 2021 eisque
477 1986 592 2014 mandat
607 1990 751 2021 quatenus
761 1987 895 2014 eumdem
909 1995 1006 2022 regem
1022 1987 1056 2014 ad
1073 1988 1128 2014 hoc
1143 1996 1204 2014 mo-

191 2040 291 2068 neant;
310 2036 387 2071 quod
403 2037 428 2062 si
444 2036 574 2070 ipsorum
591 2036 799 2063 monitionibus
814 2036 1001 2071 acquiescere
1017 2037 1149 2068 noluerit,
1166 2037 1204 2062 il-

189 2086 249 2112 lum
266 2093 317 2120 per
332 2084 516 2111 interdictum
537 2084 666 2111 locorum
683 2084 718 2111 ad
734 2092 808 2119 quae
827 2084 985 2119 devenerit,
1002 2085 1037 2111 ad
1054 2085 1110 2112 hoc
1124 2093 1204 2112 com-

189 2133 442 2168 pellant.—(Rso.
462 2134 501 2165 17,
519 2134 537 2160 f.
556 2133 588 2160 3‘2
605 2139 644 2166 r⁰;
662 2141 729 2160 ann.
746 2132 809 2164 VII,
821 2142 847 2161 c.
865 2133 929 2167 1225
942 2148 976 2154 —
988 2133 1107 2161 Monam
1126 2134 1202 2166 1188,

188 2183 209 2210 f.
227 2183 283 2216 76.)

231 2297 243 2311 «
271 2307 290 2313 ..
317 2285 460 2322 episcopo,
488 2307 508 2312 ..
532 2284 644 2313 decano
663 2289 688 2313 ει
711 2307 732 2312 ..
754 2286 876 2314 cantori
895 2286 1139 2314 Zamorensibus.
1167 2285 1202 2316 Si

186 2346 288 2377 quam
303 2337 448 2375 graviter
463 2337 526 2367 Oza
546 2345 724 2375 percussus
735 2337 848 2373 fuerit,
867 2346 904 2368 eo
921 2338 1007 2377 quod
1020 2347 1129 2368 arcam
1148 2347 1202 2369 sa-

186 2391 234 2420 cri
255 2390 380 2421 sederis
403 2389 576 2427 sacrilegis
603 2390 806 2429 presumpsit
830 2391 986 2421 manibus
1008 2395 1199 2428 attrectare,

184 2443 381 2474 carissimus
395 2443 430 2472 in
449 2442 584 2473 Christo
604 2442 694 2473 filius
710 2447 822 2474 noster
843 2467 861 2472 ..
883 2444 1073 2482 Portugalie
1091 2453 1148 2474 rex
1164 2445 1200 2474 il-

182 2496 301 2526 lustris
310 2496 419 2526 dehita
429 2495 645 2526 meditatione
655 2501 820 2534 pensaret,
832 2497 1082 2528 Sacrosanctam
1093 2498 1201 2529 Eccle-

184 2549 271 2580 siam
286 2549 453 2579 oss'endere
469 2548 660 2579 nullatenus
679 2553 900 2588 attemptaret.
919 2550 1006 2581 Sane
1024 2551 1200 2581 venerabi-

183 2602 227 2633 lis
246 2603 349 2632 frater
373 2606 486 2632 noster
512 2625 532 2631 ..
557 2602 808 2641 Portugalensis
829 2603 1003 2642 episcopus
1028 2604 1063 2634 in
1087 2609 1199 2636 nostra

184 2655 355 2695 proposuit
371 2655 539 2694 presentia
556 2655 758 2686 constitutus
771 2656 869 2695 quod,
887 2666 962 2687 cum
982 2657 1200 2696 Portugalen-

185 2709 233 2739 sis
254 2708 384 2744 civitas,
402 2717 476 2738 cum
497 2708 588 2738 omni
605 2708 851 2748 jurisdictione,
871 2709 1026 2740 districtu
1042 2720 1078 2741 ac
1097 2712 1200 2750 perti-

185 2761 311 2792 nentiis
325 2761 407 2791 suis.
423 2761 464 2791 ad
478 2761 753 2800 Portugalensem
765 2761 952 2799 ecclesiam,
967 2772 1006 2794 ex
1021 2763 1199 2795 donatione

221 2887 240 2911 1.
261 2886 298 2911 Le
313 2887 463 2911 manuscrit
477 2890 556 2917 porte
572 2893 577 2910 :
595 2889 619 2911 et
638 2888 712 2911 idem
727 2890 821 2912 amoto
832 2889 958 2918 penitus.
972 2889 992 2912 11
1007 2889 1064 2913 faut
1078 2897 1115 2914 ou
1131 2897 1199 2921 sup-

186 2931 290 2962 prime:-
305 2934 408 2961 amoto,
423 2937 458 2955 ou
475 2937 612 2962 supposer
627 2930 643 2954 ὲ
656 2934 699 2955 cet
712 2931 823 2956 endroit
836 2938 890 2956 une
904 2932 1010 2958 lacune.

1299 322 1414 354 inclite
1430 324 1544 363 regine
1560 326 1609 360 T.,
1630 326 1743 363 regine
1763 326 1964 363 Portugalic.
1986 336 2104 365 proave
2121 338 2191 363 sue,
2210 331 2314 368 perti-

1301 381 1376 406 neat
1398 377 1496 415 pleno
1521 378 1613 417 jure,
1646 383 1741 417 prout
1769 379 1803 409 in
1829 380 2051 410 instrumento
2073 391 2171 420 super
2198 383 2313 412 eadem

1299 430 1514 461 concessione
1539 432 1688 462 consecto
1713 431 1843 471 plenius
1873 434 2077 465 csmtiuctur.
2109 436 2194 474 ipse.
2227 437 2311 466 sicut

1300 482 1469 517 convenit,
1495 492 1558 513 non
1585 485 1760 515 attendens
1780 486 1877 524 quod.
1903 486 1959 524 qui
1984 496 2136 524 sponsam
2161 490 2310 520 offendit.

1301 543 1366 564 non
1385 536 1509 574 aspirat
1531 537 1571 566 ad
1590 538 1702 575 sponsi
1726 539 1865 574 gratiam
1890 541 2155 577 prorum-endam.
2181 542 2312 572 indebi-

1301 591 1366 616 tam
1394 588 1518 618 ibidem
1544 589 1609 619 sihi
1629 590 1899 629 jurisdictionem
1921 601 2102 631 usurpans.
2122 604 2186 624 non
2204 595 2310 625 solum

1299 640 1388 669 cives
1406 642 1673 678 portugalenses,
1695 643 1721 672 si
1739 643 1918 682 aliquando
1938 645 2024 674 iah-1·
2040 656 2094 675 eos
2111 648 2220 677 civilis
2237 658 2310 678 con-

1300 694 1461 723 troversia
1485 695 1684 730 suscitetur,
1712 696 1769 725 scd
1799 697 1897 726 ctiam
1929 697 2036 735 ipsum
2062 700 2251 738 episcopum
2279 706 2309 731 et

1298 755 1457 784 personas
1476 747 1731 783 ecclesiasticas,
1751 749 1779 778 si
1803 750 1915 778 forsan
1935 750 2021 779 iuter
2041 760 2095 780 cos
2115 756 2143 780 <t
2165 753 2309 792 aliquem

1298 798 1435 837 deipsis
1461 799 1590 829 civibus
1613 801 1820 839 questionem
1847 802 1993 841 aliquam
2021 804 2100 833 oriri
2127 806 2307 843 contingat.

1297 851 1384 889 cogit
1400 860 1509 881 coram
1530 862 1564 883 se
1581 853 1631 883 vel
1649 854 1718 883 suis
1735 854 1933 884 officialibus
1951 855 1990 884 ad
2007 856 2150 886 invicem
2164 857 2307 896 litigare.

1297 903 1440 943 aliisque
1468 905 1506 935 de
1530 905 1601 944 ipso
1623 906 1777 945 episcopo
1800 911 1831 937 et
1855 909 2007 946 personis
2032 910 2170 947 prefatis
2194 910 2245 940 vel
2270 912 2308 941 de

1296 957 1394 987 dictis
1413 958 1542 988 civibus
1564 960 1846 998 conqucucutifflrs
1869 962 2088 999 respondere:
2111 972 2147 991 ae
2172 964 2310 1002 insuper

1296 1011 1428 1041 eosdem
1455 1011 1545 1042 cives
1571 1012 1604 1041 in
1633 1022 1730 1042 suum
1756 1013 1937 1043 exercitum
1963 1019 2130 1054 tamquam
2156 1017 2308 1048 homines

1295 1064 1444 1102 proprios
1468 1065 1631 1103 proficisci
1654 1066 1821 1105 compellit
1845 1071 1934 1097 motu
1953 1069 2084 1107 proprie
2106 1070 2306 1106 voluntatis;

1294 1117 1562 1155 procurationem
1589 1118 1689 1147 etiam
1718 1119 1900 1149 indebitam
1931 1121 1971 1150 ah
1998 1122 2112 1152 eodem
2142 1123 2305 1162 episcopo,

1295 1169 1391 1208 quasi
1410 1170 1475 1199 sibi
1499 1171 1627 1201 ratione
1644 1171 1790 1202 civitatis
1803 1173 1961 1212 jamdicto
1980 1174 2136 1206 debitam.
2153 1176 2254 1214 exigit
2277 1182 2306 1208 et

1295 1229 1478 1264 extorquet.
1494 1226 1532 1255 Et
1544 1226 1640 1264 quasi
1650 1226 1710 1256 hcc
1724 1227 1788 1257 sihi
1803 1236 1868 1257 non
1880 1230 2068 1260 sufficerent
2081 1231 2122 1260 ad
2132 1232 2305 1269 offensam,

1294 1278 1484 1316 episcopum
1501 1278 1610 1316 ipsum
1624 1288 1660 1309 ac
1675 1279 1849 1310 ecclesiam
1866 1283 2089 1320 supradictam
2106 1284 2307 1323 quibusdam

1289 1330 1435 1368 juribus,
1459 1330 1654 1367 honoribus,
1673 1341 1732 1362 nec
1752 1341 1815 1362 non
1837 1338 1867 1362 et
1892 1334 2029 1365 decimis
2054 1336 2222 1373 regalibus
2241 1337 2305 1367 sibi

1293 1382 1331 1413 de
1344 1383 1420 1422 jure
1436 1383 1558 1413 debitis
1575 1388 1606 1413 et
1625 1384 1665 1413 ab
1682 1384 1796 1415 inclite
1814 1387 2078 1426 1·e[cord:ui0uis]
2097 1413 2116 1418 ..
2135 1399 2211 1427 rege
2225 1392 2306 1420 Por-

1292 1436 1427 1474 tugalie,
1445 1441 1537 1475 patre
1554 1446 1625 1471 suo,
1645 1437 1842 1476 aliquandiu
1859 1440 1931 1470 sine
1947 1443 2171 1472 contrrwersia
2190 1452 2304 1481 perso-

1290 1488 1381 1524 lutis,
1405 1498 1441 1518 ac
1457 1489 1557 1519 rebus
1579 1489 1654 1520 aliis
1675 1490 1792 1520 illicite
1816 1492 1984 1530 spoliavit,
2009 1494 2091 1523 alias
2112 1496 2254 1526 cundem
2272 1502 2304 1527 et

1290 1542 1379 1572 cives
1401 1543 1548 1580 prefatos
1574 1543 1725 1582 injuriis,
1751 1545 1979 1576 exactionibus
2005 1552 2036 1577 et
2060 1548 2304 1579 molestationi-

1289 1595 1351 1625 bus
1366 1595 1527 1625 indebitis
1548 1605 1733 1634 aggravans
1755 1598 1995 1630 nichilominus
2012 1605 2041 1631 et
2058 1602 2249 1639 molestans,
2266 1604 2302 1633 in

1289 1649 1439 1688 ejusdem
1452 1649 1598 1688 episcopi
1613 1650 1835 1689 prejudicium
1851 1656 1880 1682 et
1896 1662 2086 1690 gravamen.
2102 1656 2210 1692 Unde,
2228 1666 2303 1687 eum

1288 1711 1328 1731 ex
1357 1706 1509 1740 suscepte
1537 1702 1709 1733 servitutis
1741 1704 1848 1734 officio
1881 1709 2054 1736 teneamur
2082 1708 2240 1739 ecclesias
2272 1714 2304 1740 et

1289 1763 1403 1785 earum
1419 1755 1496 1794 jura
1515 1764 1533 1785 a
1549 1755 1773 1794 quorumlihet
1791 1757 1984 1789 incursibus
2003 1760 2189 1798 defensare,
2212 1772 2303 1794 sere-

1288 1807 1427 1838 nitatem
1445 1808 1572 1846 regiam
1588 1817 1761 1839 monemus
1780 1812 1940 1842 attentius
1960 1817 1991 1842 et
2006 1813 2179 1844 hortamur
2194 1819 2240 1851 ut,
2262 1816 2302 1846 ab

1288 1861 1435 1900 episcopi
1453 1865 1484 1891 et
1501 1861 1640 1892 ecclesie
1657 1863 1897 1900 predictorum,
1923 1874 1959 1895 ac
1982 1866 2155 1897 hominum
2181 1878 2302 1899 eorun-

1287 1913 1362 1943 dem
1391 1922 1490 1952 super
1514 1914 1689 1952 premissis
1714 1917 1869 1947 omnibus
1892 1918 2042 1949 indebita
2070 1921 2301 1953 molestatione

1287 1967 1464 2003 desistens,
1477 1967 1624 1998 decimas
1635 1972 1666 1998 et
1676 1969 1741 1999 alia
1749 1971 1937 2008 supradicta
1952 1973 2105 2012 episcopo
2117 1979 2147 2004 et
2161 1975 2300 2007 ecclesie

1287 2020 1441 2050 restituat
1461 2021 1664 2056 memoratis,
1685 2026 1715 2051 et
1734 2022 1824 2060 ipsos
1842 2032 1879 2053 ea
1898 2025 2009 2055 onmia
2028 2026 2067 2056 de
2083 2031 2191 2058 cetero
2209 2029 2300 2066 paci-

1287 2072 1346 2103 fice
1361 2073 1532 2111 possidere
1552 2074 1721 2112 permittat
1739 2079 1769 2105 ct
1792 2085 1936 2114 congrue
1957 2079 2141 2110 satisfaciat
2165 2081 2203 2111 de
2220 2082 2299 2112 sub-

1288 2126 1413 2156 tractis.
1431 2126 1576 2166 Ideoque
1592 2127 1627 2156 in
1640 2128 1762 2159 virtute
1779 2129 1967 2161 obedientie
1980 2133 2193 2171 precipiendo
2209 2144 2299 2165 man·
2334 2124 2336 2126 Ι

1286 2179 1403 2209 damus
1433 2184 1613 2218 quatenus,
1653 2181 1694 2210 ad
1733 2190 1845 2220 regem
1880 2186 2045 2222 prefatum
2079 2187 2299 2224 personaliter

1286 2232 1496 2263 accedentes.
1521 2233 1630 2271 ipsum
1654 2234 1694 2263 ad
1717 2236 1905 2273 supradicta
1929 2238 2040 2268 onmia
2066 2248 2199 2270 monere
2221 2241 2299 2270 dili-

1285 2285 1418 2323 gentius
1439 2289 1470 2315 et
1486 2285 1644 2317 inducere
1663 2289 1858 2325 procuretis.
1877 2290 1912 2319 Si
1933 2300 2010 2320 vero
2032 2300 2087 2322 rex
2104 2293 2174 2331 ipse
2190 2294 2299 2324 moni-

1284 2337 1433 2368 tionibus
1450 2339 1570 2369 vestris
1589 2340 1802 2378 acquiescere
1819 2342 1963 2373 noluerit
1980 2344 2013 2373 in
2037 2344 2098 2374 hac
2114 2351 2222 2384 parte.
2240 2357 2297 2378 vos

1284 2400 1360 2421 eum
1376 2391 1416 2422 ad
1429 2391 1501 2427 hec,
1520 2401 1595 2422 cum
1613 2398 1726 2423 contra
1743 2395 1849 2424 Deum
1865 2396 1972 2426 eidem
1989 2406 2025 2428 ac.
2042 2399 2152 2429 anime
2171 2409 2229 2430 sue
2245 2410 2297 2439 pe-

1282 2444 1427 2474 riculum
1443 2444 1572 2476 deferre
1591 2446 1783 2478 nullatenus
1799 2448 1990 2485 debeamus,
2007 2460 2065 2490 per
2083 2452 2296 2484 interdictum

1282 2496 1430 2528 locorum
1449 2497 1490 2528 ad
1503 2507 1567 2537 que
1583 2499 1765 2530 devenerit.
1784 2501 1829 2530 ita
1848 2502 1935 2540 quod
1951 2504 2098 2542 quaudiu
2115 2505 2162 2534 ibi
2183 2507 2295 2537 suerit.

1283 2550 1414 2580 nullum
1435 2551 1522 2581 inihi
1542 2551 1693 2582 divinum
1716 2554 1861 2583 officium
1884 2555 1934 2585 vel
1959 2556 2222 2588 ecclesiasticum
2243 2570 2296 2589 sa-

1283 2608 1501 2639 cramentum,
1523 2609 1634 2643 preter
1650 2606 1846 2644 baptismata
1864 2608 2078 2646 parvulorum
2096 2615 2126 2641 et
2142 2613 2296 2650 peniten-

1284 2656 1347 2686 tias
1373 2657 1605 2688 morientium.
1632 2659 1844 2698 aliquatenus
1869 2661 2069 2693 celebretur.
2099 2665 2295 2696 auctoritate

1282 2713 1413 2745 nostra,
1438 2710 1616 2749 sub[moto]
1645 2712 1849 2750 cuj[uslibet]
1879 2714 2137 2754 ap[pellationis]
2162 2722 2193 2748 et
2221 2727 2294 2748 con-

1283 2762 1518 2801 tra[dictionis]
1536 2764 1742 2803 ol)[staculo],
1763 2766 1978 2804 compellatis.
2000 2769 2072 2798 Dat.
2090 2774 2125 2799 ut
2142 2780 2252 2809 supra.
2279 2784 2291 2798 n

1314 2881 1416 2906 ¹828.
1435 2881 1516 2910 —In
1538 2883 1662 2910 eundem
1681 2884 1739 2910 fere
1764 2884 1878 2911 modum
1900 2886 2040 2921 scriptum
2064 2892 2109 2915 est
2130 2897 2219 2925 super
2238 2891 2294 2918 hoc

1280 2931 1367 2957 eidem
1383 2932 1450 2964 regi.
