2498 3242
209 268 282 298 1123

207 334 408 364 monasterio
431 332 568 371 prefuit.
592 342 608 362 a
631 333 832 371 prioratibus
849 338 878 363 et
905 333 1057 363 domibus
1077 332 1215 363 Clunia-

205 387 315 416 censis
331 386 458 415 ordinis
475 385 609 415 extorsit
626 394 689 414 non
709 385 870 415 modicam
891 386 1029 424 pecunie
1046 384 1216 424 quantita-

207 444 287 469 tem.
315 439 353 468 de
382 448 445 477 qua
475 443 538 467 tam
567 442 637 476 post
665 438 849 468 cessionem
876 447 970 468 suam
998 447 1096 477 quam
1127 441 1213 469 ante.

207 492 292 530 apud
310 491 467 530 quosdam
488 491 607 528 partim
624 491 772 529 deposuit
791 495 818 521 et
836 491 955 529 partim
972 500 1072 529 penes
1089 500 1123 520 se
1141 490 1215 520 reti-

206 554 305 574 nens.
325 544 445 582 partim
467 552 542 573 vcro
567 543 765 582 quibusdam
791 544 942 582 personis
964 543 1070 582 ipsius
1088 543 1216 573 ordinis

206 602 235 627 et
263 596 337 626 aliis
366 596 489 625 dicitur
515 601 695 626 mutuasse.
723 597 830 633 Quare
862 596 923 626 suit
952 605 990 625 ex
1018 600 1109 634 parte
1137 596 1216 625 dicti

208 649 336 679 abbatis
354 649 586 679 Cluniacensis
611 649 705 678 nobis
727 649 899 679 humiliter
921 649 1153 687 supplicatum,
1182 653 1217 679 ut

207 702 441 740 indempnitati
472 701 619 740 ejusdem
649 702 843 732 monasterii
875 706 1010 740 paterna
1045 702 1216 740 providere

207 756 432 787 sollicitudine
467 756 691 794 dignaremur.
726 757 886 793 Quocirca
923 757 1125 787 fraternitati
1162 762 1216 787 tue

207 819 265 849 per
286 809 463 848 apostolica
482 809 603 848 scripta
625 810 820 839 mandamus
841 814 1022 848 quatenus.
1048 810 1076 839 si
1098 819 1149 840 res
1170 810 1216 840 ita

209 872 242 893 se
265 862 378 892 habet.
398 862 537 891 cunda-111
562 862 714 891 abbatem
736 863 776 892 ad
799 862 999 892 reddendam
1020 863 1083 900 ipsi
1106 862 1217 891 abbati

208 915 246 944 dc
270 915 431 953 perceptis
456 924 633 951 congruam
658 915 834 949 rationem,
859 919 889 944 et
909 915 948 944 ad
973 915 1217 945 restituendum

208 976 244 997 ea
264 976 326 1006 que
344 967 382 995 de
399 967 600 1005 prioratibus
617 967 700 1005 ipsis
717 972 746 997 et
768 967 920 997 domibus
939 977 1013 997 eum
1030 968 1217 1006 percepisse

209 1020 406 1049 constiterit.
422 1020 566 1057 exceptis
582 1020 734 1058 expensis
752 1029 834 1058 quas
851 1021 1040 1050 necessario
1059 1021 1218 1058 probave-

208 1073 249 1102 rit
263 1082 296 1101 se
311 1072 441 1107 secisse.
454 1072 654 1110 quibusdam
666 1072 787 1103 litteris
799 1073 883 1103 bone
897 1074 1055 1103 memorie
1068 1073 1217 1111 B[artho-

208 1123 331 1162 lomei}
351 1123 480 1152 abbatis
497 1123 747 1158 Cluniaccnsis,
762 1124 800 1153 'in
817 1124 939 1162 quibus
956 1125 1118 1155 contineri
1135 1124 1218 1154 diei-

210 1182 263 1206 tur
277 1176 362 1215 quod
379 1181 480 1205 totum
497 1177 665 1215 proprium
680 1177 767 1216 quod
780 1177 952 1213 habuerat,
969 1178 1161 1208 restituerat
1175 1177 1216 1214 ei,

208 1238 418 1268 nequaquam
435 1229 663 1259 obstantibus.
687 1234 717 1260 et
733 1231 741 1251 ¹
759 1230 978 1269 depositarios
996 1240 1033 1261 ac
1053 1231 1218 1262 debitores

209 1282 248 1312 ad
275 1283 480 1313 restituenda
511 1282 701 1322 hujusmodi
732 1283 843 1313 debita
870 1288 901 1313 et
926 1284 1075 1322 deposita
1102 1293 1219 1322 supra-

208 1335 294 1364 dicto
311 1335 439 1371 abbati.
462 1344 521 1365 nec
548 1345 612 1365 non
637 1340 665 1366 et
685 1336 825 1366 cundem
851 1336 1003 1366 abbatem
1020 1337 1218 1367 Maricolen-

209 1397 278 1418 sem
302 1388 340 1417 ad
365 1388 579 1418 relaxandum
597 1389 836 1428 juramentum,
864 1390 892 1419 si
918 1389 1004 1428 quod
1030 1390 1059 1420 ei
1080 1390 1218 1428 predicti

208 1440 372 1470 debitores
387 1446 416 1470 et
435 1441 629 1479 depositarii
647 1441 684 1471 de
702 1441 895 1493 redd[e·nd]a
911 1442 976 1471 sibi
992 1443 1133 1480 pecunia
1148 1451 1219 1481 pre-

207 1493 374 1523 stiterunt.
394 1498 423 1523 et
444 1494 483 1522 ad
500 1494 715 1531 resignanda.
735 1495 763 1523 si
781 1503 845 1533 qua
862 1504 960 1533 super
977 1495 1038 1525 boc
1056 1495 1183 1526 obtinet
1193 1498 1216 1531 2,

208 1546 446 1576 instrumenta.
471 1551 501 1576 et
519 1547 647 1577 litteras
672 1557 708 1577 ac
732 1548 920 1583 cautiones,
940 1548 967 1578 si
988 1557 1070 1587 quas
1087 1553 1219 1587 propter

207 1598 267 1628 hoc
288 1610 303 1626 a
326 1598 531 1629 debitoribus
550 1600 671 1638 recepit
693 1600 834 1636 eisdem,
853 1618 891 1622 -—
911 1601 1103 1639 compellas.
1125 1602 1219 1632 invo-

208 1656 279 1680 cato
297 1651 335 1679 ad
357 1651 434 1685 hoc..
459 1652 486 1681 si
509 1662 590 1690 opus
610 1653 708 1682 suerit
725 1676 730 1687 ,
750 1653 874 1683 auxilio
892 1653 1021 1683 brachii
1038 1654 1217 1690 seculari53

208 1704 477 1741 {nor1³ot·.<tan1·:
497 1705 733 1735 ‹winstitutione
757 1705 795 1735 de
820 1705 947 1735 duabus
965 1706 1062 1736 dietis
1081 1707 1168 1736 edita
1184 1707 1219 1736 in

208 1757 349 1787 concilio
367 1758 525 1795 generati.
547 1759 722 1788 dummodo
742 1759 827 1789 ultra
851 1760 1001 1798 quintam
1024 1760 1074 1789 vel
1094 1765 1219 1790 sextam

206 1819 265 1848 per
281 1809 471 1848 hujusmodi
492 1810 619 1840 litteras
641 1811 744 1850 aliqui
766 1817 864 1842 extra'
879 1822 973 1841 suam
994 1813 1151 1843 diocesim
1179 1813 1219 1843 ad

205 1862 368 1901 judicium
394 1872 457 1892 non
482 1863 680 1901 trahantur}
706 1865 779 1894 Dat.
807 1864 950 1902 Spoleti,
973 1865 1125 1895 kalendis
1145 1876 1217 1904 sep-

208 1914 356 1945 tembris.
374 1916 585 1953 pontificatus
603 1917 707 1946 nostri
725 1926 811 1947 anno
830 1922 954 1947 octavo.
976 1930 988 1944 2>

279 2078 398 2107 2080

243 2140 388 2174 Episcopo
415 2140 582 2176 parisiensi,
609 2143 764 2169 occasione
794 2143 926 2175 notandi,
957 2144 1068 2171 abbatis
1098 2145 1220 2172 Mat-ico-

212 2189 313 2220 tensis,
330 2189 389 2222 qui.
407 2190 549 2223 quondam
565 2191 654 2217 abbas
670 2190 881 2224 cluniacensis,
897 2193 1052 2226 prioratum
1071 2193 1222 2220 Lehenen-

211 2245 291 2264 sem.
310 2237 341 2262 ad
364 2236 555 2264 Cbxniacense
577 2240 783 2265 monasterium
801 2241 1009 2275 pertinentem,
1027 2250 1091 2268 cum
1109 2242 1222 2269 abbatia

208 2289 308 2312 contra
321 2285 477 2320 apostolica
492 2290 601 2314 statuta
618 2288 769 2319 retinebat.
788 2289 903 2315 mandat
918 2294 1062 2323 quatenus
1075 2290 1177 2318 domos
1193 2295 1222 2318 et

209 2335 355 2369 prioratus
375 2342 450 2368 quos
472 2335 588 2369 quidam
612 2336 732 2363 abbates
755 2340 784 2363 et
809 2337 920 2371 priores
941 2342 997 2364 tam
1021 2338 1221 2366 cluniacensis

208 2390 293 2417 quam
310 2383 429 2409 alterius
445 2383 556 2410 ordinis
574 2393 639 2411 cum
656 2386 719 2412 suis
735 2386 858 2412 abbatiis
873 2391 900 2413 et
917 2387 1092 2421 prioratibus
1108 2388 1221 2415 detine-

207 2431 292 2458 bant.
313 2431 346 2457 ad
368 2432 576 2459 ordinationem
593 2433 705 2460 abbatis
725 2433 927 2461 Cluniacensis
946 2441 1078 2467 revocet,
1100 2437 1222 2471 adjectis

209 2479 452 2506 instructionibus
469 2481 504 2507 de
521 2481 627 2508 debitis
644 2483 810 2509 eorumdem
827 2483 978 2510 domorum
993 2489 1021 2511 et
1032 2486 1221 2519 prioratuum.

208 2527 495 2559 -‹R50.17,f.·206
507 2535 627 2560 r⁰;ann.
643 2530 887 2563 5'111‚c.215;—
899 2532 1018 2561 Monam
1032 2534 1108 2561 1189.
1122 2534 1140 2561 f.
1158 2535 1220 2566 1523

210 2591 242 2596 -
259 2576 294 2603 N.
314 2576 430 2609 Vatois.
449 2578 607 2604 Guiltaume
622 2579 800 2613 d‘.›1uverqne‚
819 2590 846 2614 p.
865 2581 938 2614 366.)

685 2082 812 2115 Spolete,
832 2083 869 2108 1οΓ
885 2083 1051 2117 septembre
1070 2083 1147 2110 1234.

934 267 1173 298 aneisrans
1196 266 1251 296 DE
1274 258 1496 297 GREGOIRE
1520 268 1578 298 ix.

252 2691 262 2703 n
282 2701 302 2706 ..
317 2680 450 2716 episcopo
464 2680 641 2710 Parisiensi.
663 2681 810 2712 Dilectus
826 2682 916 2713 filius
933 2707 949 2712 ..
970 2683 1071 2713 abbas
1088 2684 1220 2715 Clunia·
1258 2680 1261 2704 i

1259 2761 1260 2764 ,
1302 2737 1345 2763 cis
1361 2736 1396 2762 de
1415 2735 1556 2770 Pruvino,
1571 2745 1587 2762 a
1604 2734 1688 2762 Petro
1705 2735 1782 2761 dicto
1799 2734 1985 2768 Papiliolne1,
2003 2733 2069 2760 olim
2086 2733 2218 2767 eiusdem
2236 2733 2312 2767 prio-

243 2789 263 2812 1.
281 2791 330 2813 MS.
347 2799 354 2812 :
371 2793 397 2813 et
411 2794 450 2813 ut.

242 2832 263 2856 ἱ).
281 2835 330 2856 Με,
347 2843 353 2856 ;
369 2835 504 2858 obtinent.

241 2876 263 2900 3.
282 2876 319 2900 La
336 2879 423 2907 partie
439 2878 472 2901 de
488 2879 513 2901 la
529 2879 606 2909 piece
622 2881 764 2911 imprimee
781 2882 814 2905 ici
830 2885 908 2906 entre
922 2883 1048 2908 crochets
1063 2885 1070 2915 [

211 2921 319 2950 ajoutee
339 2921 406 2944 dans
422 2922 447 2945 la
464 2929 556 2953 margo
570 2923 606 2947 du
622 2926 756 2954 Reyistre.

2231 270 2306 300 1124

1297 333 1407 361 censis
1421 342 1481 362 sua
1498 333 1592 363 nobis
1611 334 1770 372 petitione
1786 335 1983 365 monstravit
1995 335 2093 374 quod,
2111 345 2185 366 cum
2202 344 2307 375 nuper

1298 393 1316 415 a
1337 385 1420 415 Sede
1441 386 1629 424 Apostolica
1650 387 1693 417 sit
1716 391 1876 417 statutum
1899 396 1940 418 ne
1961 387 2083 427 aliquis
2105 388 2206 419 abbas
2228 388 2308 420 Clu-

1298 438 1467 469 niacensis
1497 439 1548 469 vel
1575 440 1714 471 alterius
1741 440 1869 471 ordinis
1898 449 1973 471 cum
1999 441 2131 471 abbatia
2159 442 2307 481 ejusdem

1298 491 1426 521 ordinis
1450 491 1597 522 obtineat
1618 493 1816 531 prioratum,
1841 492 2027 529 notandus,
2046 493 2147 524 abbas
2166 495 2307 525 Marico-

1298 542 1413 579 lensis,
1432 544 1684 575 Cameracensis
1700 546 1854 582 diocesis,
1873 545 2039 585 quondam
2056 546 2157 577 abbas
2173 546 2307 578 Clunia-

1299 596 1420 629 censis.
1437 597 1618 635 prioratum
1633 598 1872 633 Lehenensem.
1890 599 1930 628 ad
1943 598 2164 629 Cluniaeense
2178 608 2307 630 monas-

1298 649 1419 679 terium
1428 650 1660 688 pertinentem.
1669 651 1707 681 de
1717 660 1782 690 quo
1789 656 1837 681 est
1849 651 1883 680 in
1895 651 2045 681 abbatem
2054 651 2307 682 Maricolensem

1299 706 1500 740 assumptus,
1518 703 1625 733 adhuc
1641 712 1715 733 eum
1733 704 1865 734 abbatia
1884 704 2027 734 retinere
2043 704 2215 743 presumit,
2234 713 2307 734 con-

1300 759 1349 784 tra
1379 759 1538 785 statutum
1566 756 1757 795 hujusmodi
1784 761 1905 787 temere
1932 756 2110 792 veniendo,
2137 757 2172 786 in
2201 757 2308 795 ipsius

1298 808 1493 837 monasterii
1511 817 1574 838 non
1595 809 1760 838 modicum
1777 809 2024 839 detrimentum.
2044 809 2215 845 Ceterum,
2234 818 2309 839 cum

1299 859 1462 897 contingit
1491 861 1632 890 eundem
1663 861 1814 892 abbatem
1843 861 2098 892 Cluniacensem
2129 862 2308 901 aliquando

1300 911 1339 941 ad
1366 911 1611 943 ordinationem
1635 923 1728 943 suam
1755 914 1914 952 quosdam
1938 914 2103 953 prioratus
2126 919 2157 945 et
2178 915 2306 951 domos,

1301 974 1382 1003 quos
1415 966 1548 1004 quidam
1580 966 1715 996 abbates
1747 972 1778 997 et
1814 968 1941 1006 priores
1973 972 2039 998 tam
2076 967 2309 999 cluniacensis

1301 1026 1399 1056 quam
1417 1017 1554 1049 alterius
1571 1019 1698 1050 ordinis
1715 1029 1788 1049 cum
1808 1020 1878 1050 suis
1895 1020 2038 1051 abbatiis
2056 1025 2086 1051 et
2106 1021 2309 1059 prioratibus

1301 1070 1466 1105 detinent,
1497 1080 1671 1107 revocare,
1702 1076 1747 1102 tot
1774 1077 1805 1103 et
1833 1073 1934 1102 tantis
1960 1081 2015 1103 eos
2042 1074 2165 1112 reperit
2189 1073 2310 1104 debitis

1301 1123 1479 1162 obligatos,
1497 1124 1585 1163 quod
1601 1124 1631 1154 ei
1648 1124 1721 1162 plus
1740 1125 1940 1155 incommodi
1957 1134 2056 1164 quam
2075 1125 2232 1156 utilitatis
2247 1126 2311 1156 im-

1299 1181 1442 1215 portant.
1474 1177 1583 1213 Quare
1610 1177 1706 1208 nobis
1732 1177 1905 1208 humiliter
1930 1177 2128 1217 supplicavit
2151 1183 2187 1208 ut
2212 1187 2311 1218 super

1300 1229 1368 1259 hiis
1387 1230 1589 1260 monasterio
1609 1230 1674 1268 ipsi
1692 1235 1830 1269 paterno
1850 1231 1969 1261 affectu
1991 1231 2132 1269 compati
2155 1231 2311 1269 dignare-

1300 1291 1386 1312 mur.
1417 1283 1561 1321 Ideoque
1589 1283 1793 1313 fraternitati
1819 1286 1873 1313 tue
1900 1292 1957 1321 per
1982 1283 2162 1322 apostolica
2189 1284 2311 1323 scripta.
2356 1287 2361 1292 '

1300 1336 1498 1366 mandamus
1523 1341 1703 1375 quatenus,
1729 1337 1757 1365 si
1785 1345 1838 1366 res
1866 1337 1913 1366 ita
1937 1346 1972 1367 se
1998 1337 2114 1373 habet,
2143 1338 2256 1368 domos
2279 1341 2311 1368 et

1300 1389 1467 1428 prioratus
1493 1389 1636 1424 cosdem,
1662 1398 1726 1418 non
1753 1389 1963 1419 obstantibus
1991 1389 2160 1428 aliquibus
2185 1390 2308 1421 litteris

1302 1441 1342 1471 ab
1371 1441 1546 1471 abbatibus
1571 1441 1850 1472 Cluniacensibus
1881 1442 1930 1472 vel
1959 1451 1977 1471 a
2007 1443 2090 1473 Sede
2119 1443 2309 1481 Apostolica

1301 1503 1400 1533 super
1419 1494 1670 1524 confirmatione
1690 1495 1837 1533 ipsorum
1862 1494 2032 1525 domorum
2055 1499 2085 1525 et
2102 1495 2309 1533 prioratuum

1301 1547 1504 1585 impetratis.
1524 1547 1596 1577 sine
1613 1547 1814 1586 judiciorum
1838 1548 1993 1586 strepitu,
2012 1548 2208 1587 simpliciter
2224 1553 2256 1579 et
2271 1548 2310 1579 de

1300 1599 1399 1639 plano
1425 1600 1463 1630 ad
1488 1600 1731 1629 ordinationem
1755 1600 1834 1630 dicti
1858 1600 1987 1630 abbatis
2013 1601 2207 1631 auctoritate
2233 1610 2311 1632 nos-

1302 1657 1362 1684 tra.
1383 1653 1512 1683 sublato
1531 1652 1762 1691 appellationis
1779 1652 1967 1688 obstaculo,
1987 1662 2162 1689 revocans,
2182 1654 2311 1684 denun-

1302 1707 1364 1735 ties
1386 1706 1537 1735 abbatem
1554 1710 1585 1735 et
1601 1705 1713 1734 domos
1731 1709 1762 1735 et
1775 1705 1940 1744 prioratus
1957 1706 2136 1744 predictos,
2156 1715 2214 1736 seu
2230 1706 2311 1737 fide-

1298 1759 1447 1799 jussores
1478 1767 1606 1788 corum.
1634 1767 1733 1796 super
1762 1758 1909 1796 ipsorum
1939 1758 2060 1788 debitis
2091 1759 2311 1789 creditoribus

1303 1812 1515 1851 aliquatenus
1532 1820 1597 1841 non
1619 1811 1744 1846 teneri.
1764 1811 1831 1841 nisi
1853 1811 2029 1841 manifeste
2047 1811 2233 1841 constiterit
2248 1811 2312 1842 hu-

1299 1865 1446 1905 jusmodi
1476 1864 1587 1894 debita
1618 1873 1777 1894 conversa
1806 1864 1841 1893 in
1870 1863 2050 1894 utilitatem
2078 1864 2249 1894 domorum
2281 1868 2312 1895 et

1301 1918 1508 1956 prioratuum
1535 1917 1703 1951 extitisse,
1721 1917 1909 1946 detentores
1925 1925 2039 1946 eorum
2055 1911 2096 1946 acl
2111 1917 2312 1947 reddendam

1301 1971 1367 2009 ipsi
1386 1970 1425 2001 de
1446 1970 1610 2008 perceptis
1626 1969 1811 2008 plenariam
1827 1969 1990 1999 rationem
2012 1979 2050 2000 ac
2071 1970 2111 1999 ad
2131 1969 2313 2000 restituen-

1302 2024 1381 2053 dum
1404 2024 1532 2053 fructus
1553 2027 1584 2053 ct
1600 2023 1749 2053 redditus
1766 2031 1848 2061 quos
1865 2022 1951 2052 ultra
1975 2031 2135 2061 expensas
2156 2031 2238 2062 quas
2255 2031 2313 2052 ne-

1303 2077 1448 2107 cessario
1471 2085 1505 2107 se
1526 2076 1646 2106 secisse
1660 2075 1889 2114 probaverint,
1907 2075 1983 2105 illos
1999 2075 2186 2105 constiterit
2201 2083 2314 2113 perce-

1302 2131 1407 2169 pisse,
1429 2148 1466 2151 —
1482 2129 1724 2168 compellendo;
1750 2128 1989 2158 nichilominus
2014 2137 2052 2158 ea
2073 2136 2137 2167 que
2156 2127 2195 2158 de
2217 2127 2314 2158 bonis
2352 2164 2355 2166 ,

1303 2183 1474 2213 domorum
1498 2187 1529 2213 et
1549 2182 1755 2221 prioratuum
1776 2181 1954 2212 eorundem
1978 2180 2123 2211 alienata
2143 2180 2314 2211 inveneris

1304 2236 1421 2267 illicite
1438 2236 1489 2266 vel
1508 2236 1676 2271 distracta,
1703 2235 1744 2265 ad
1765 2235 1820 2274 jus
1849 2239 1880 2265 et
1906 2234 2140 2273 proprietatem
2165 2234 2315 2272 ipsorum

1303 2289 1453 2328 legitime
1476 2288 1671 2319 revocando.
1696 2287 1964 2319 Contradietores
1986 2290 2047 2317 etc.
2071 2287 2146 2317 Non
2162 2286 2314 2318 obstante

1304 2342 1542 2372 constitutione
1559 2347 1633 2377 etc.⁷
1653 2340 1829 2371 dummodo
1845 2331 1932 2370 ultra
1955 2339 2107 2378 quintam
2120 2339 2173 2370 vel
2188 2343 2314 2370 sextam

1304 2400 1364 2425 etc.
1396 2395 1468 2424 Dat.
1503 2393 1642 2433 Spoleti,
1673 2393 1826 2424 kalendis
1858 2393 2066 2431 septembris,
2099 2392 2313 2431 pontificatus

1304 2448 1410 2478 nostri
1426 2456 1513 2477 anno
1529 2452 1654 2477 octavo.
1675 2458 1688 2473 »

1373 2626 1487 2655 2⁰8¹
1885 2623 2011 2659 Spolbte,
2027 2624 2058 2650 21
2077 2623 2146 2650 aeut
2162 2623 2239 2650 1234.

1338 2687 1483 2722 Episcopo
1496 2687 1634 2714 Trecensi
1650 2687 1765 2713 mandat
1778 2689 1922 2720 quatenus
1934 2685 2089 2720 prioratum
2103 2684 2226 2711 Sanctae
2239 2683 2313 2711 Cru-

1304 2789 1382 2811 ratus
1413 2785 1516 2819 priore,
1541 2799 1578 2805 —
1600 2788 1669 2810 tunc
1695 2784 1834 2810 monacho
1859 2782 2027 2809 monasterii
2053 2781 2151 2808 Sancti
2175 2781 2252 2808 Petri
2276 2781 2312 2808 de

1258 2864 1260 2871 y
1302 2832 1393 2865 Cella,
1409 2833 1565 2860 Trecensis
1583 2833 1739 2864 dioecesis,
1756 2832 1802 2859 cui
1820 2831 1894 2858 idem
1913 2831 2055 2866 prioratus
2071 2834 2132 2857 erat
2146 2830 2312 2858 immediate

1122 2885 1260 2915 ]aete·

1302 2882 1469 2916 subiectus,
1485 2896 1521 2902 —
1535 2882 1641 2908 debitis
1659 2885 1826 2916 gravatum,
1845 2889 1900 2906 non
1921 2880 2065 2915 permittat
2085 2887 2100 2905 a
2120 2878 2312 2905 creditoribus

1257 2935 1261 2952 t
1301 2929 1412 2963 injuste
1435 2930 1542 2962 vexari,
1565 2938 1630 2956 cum
1654 2931 1681 2957 in
1704 2929 1832 2964 generali
1853 2928 1975 2955 concilio
1996 2926 2150 2954 inhibitum
2170 2926 2257 2953 fuerit
2277 2933 2312 2952 ne
