2498 3242
178 294 250 323 1011
902 288 1140 328 REGISTBES
1163 287 1218 317 DE
1240 279 1462 317 GREGOIRE
1485 288 1543 317 lx.
2197 287 2271 317 1012

175 360 264 395 rctjni
274 359 438 386 Jerusalem
453 363 477 385 ct
490 358 607 386 viribus
619 357 847 385 .·1sconsum'btls¹
862 355 906 385 Ea
919 363 982 393 que
993 353 1118 393 judicio
1131 370 1180 381 —.

177 407 250 442 Da't.
269 416 301 440 ut
320 420 429 448 supra.
451 423 462 434 u

252 575 364 603 ¹842
759 573 870 602 Latran.
888 573 920 599 -28
939 581 1016 599 mars
1036 572 1111 599 ¹234.

212 635 356 667 Manenti,
375 636 455 661 militi
473 636 507 661 de
523 635 608 663 Jano.
632 635 802 669 spoletanae
818 634 977 661 dioecesis.
994 634 1041 668 qui
1063 643 1094 660 se
1117 642 1183 660 cum

175 683 280 709 familia
297 689 323 709 ot
341 684 476 710 omnibus
492 684 575 709 bonis
597 684 772 710 [nonasterio
789 683 886 709 Sancti
907 682 984 709 Pauli
1005 682 1182 717 [Spoletanil,

175 731 306 765 ejusdem
320 732 474 759 ‹linet-esis.
490 732 643 759 obtulerat.
657 732 783 765 indulget
804 736 832 757 ut
844 731 877 756 ab
889 732 966 757 omni
979 731 1183 764 jurisdictione

175 780 323 814 temporali
336 780 436 806 amodo
450 781 487 806 sit
505 781 651 807 immunis,
665 796 695 799 —
713 779 795 811 (Rea.
814 780 853 808 17.
869 779 887 805 f.
907 780 953 805 170
967 786 1005 809 r⁰;
1022 788 1087 806 nnn.
1102 778 1182 810 Vlll,

174 836 199 854 c.
216 828 245 854 3:
262 842 297 848 —
315 828 459 855 Poirinsr
476 829 567 859 9436.)

219 944 227 950 υ
252 930 400 959 jhm-wi.
427 930 521 957 militi
542 929 575 957 dc
592 931 686 965 Jano,
710 929 866 967 Spolrtanr
887 930 1020 957 diocesis.
1046 928 1185 958 Pietatis

175 990 271 1019 opera
291 981 383 1018 cujus
400 998 447 1008 —.
466 982 536 1010 Dat.
558 982 723 1010 Laterani.
740 983 767 1010 Y
786 981 943 1010 kalendas
958 980 1084 1019 aprilis,
1098 989 1184 1010 anno

177 1039 302 1062 omaro,
322 1046 332 1055 ν·

252 1197 366 1225 18-13
762 1196 876 1224 Lati-an.
893 1197 926 1223 ‘23
944 1205 1020 1223 mars
1038 1197 1113 1224 1‘23-1.

214 1259 444 1292 Arcbiepiscnpo
468 1258 604 1284 Remensi
624 1259 737 1284 mandat
756 1262 900 1293 quatenus
917 1258 970 1287 M..
988 1258 1100 1290 viduae,
1118 1258 1184 1285 olim

177 1307 454 1334 excommunicatae,
479 1306 529 1332 sed
553 1311 621 1332 tunc
647 1307 839 1340 resipiscenti.
863 1306 1053 1333 absolutionis
1076 1306 1184 1333 benefi-

175 1355 252 1380 cium
271 1354 426 1387 impendat.
445 1370 475 1374 -
491 1354 574 1386 (Rho.
597 1356 636 1382 17,
655 1355 672 1380 ft
694 1354 741 1381 170
757 1362 876 1385 r⁰;ann.
890 1354 970 1386 VIII,
988 1363 1012 1381 c.
1033 1355 1114 1386 4;—
1129 1354 1186 1381 Mo-

175 1411 246 1429 near
267 1402 434 1434 1189.f.;‘·)

219 1519 228 1526 ‹=
248 1504 501 1541 ..arclzitpt‘scopo
520 1505 666 1532 [femensi.
683 1505 738 1539 )t.,
759 1504 854 1533 vidua
873 1505 921 1541 [..]
940 1504 1022 1534 civis
1041 1505 1185 1534 Remen-

176 1555 240 1585 εἰς.
260 1555 377 1584 humili
396 1556 490 1585 nobis
509 1557 665 1594 petitione
683 1557 876 1586 monstravit
893 1556 997 1595 quod,
1016 1565 1090 1586 cum
1105 1556 1185 1586 olim

176 1618 233 1646 pro
251 1631 270 1636 ..
292 1615 423 1637 cantore
446 1609 608 1639 §tn-ldensi
631 1619 688 1647 per
703 1609 832 1648 judices
856 1619 872 1639 a
894 1609 976 1639 Sede
997 1609 1185 1648 Apostolica

176 1660 342 1697 delegatos
367 1661 498 1691 vim-ulo
518 1662 634 1691 suisset
655 1662 1006 1691 excommunicationis
1031 1662 1182 1698 astricta,

176 1713 319 1742 tandein.
339 1713 469 1743 diatmlo
487 1714 660 1744 suadent-³.
679 1715 765 1753 juris
789 1715 920 1749 ignara,
939 1724 995 1752 per
1011 1714 1113 1744 salsas
1130 1714 1185 1744 lit-

177 1770 263 1794 teras
280 1766 340 1794 sul»
360 1766 492 1794 nomine
510 1771 620 1795 nostro
635 1767 800 1795 confectas
817 1766 855 1795 [le
871 1767 957 1795 facto
976 1776 1010 1797 se
1029 1776 1185 1805 procura-

176 1818 221 1846 vit
239 1818 374 1846 :tl-solvi.
396 1819 469 1847 Sed.
490 1819 656 1848 intellecto
673 1819 878 1856 postmodum
896 1820 929 1848 in
947 1820 1017 1849 soro
1032 1820 1185 1858 peniten-

177 1870 246 1899 tiali
266 1880 322 1908 per
339 1871 539 1899 sacerdot-¹111
558 1871 643 1909 quod
661 1871 736 1901 talis
757 1871 920 1904 absolutio
938 1871 1029 1901 nulla
1045 1876 1131 1907 erat,
1155 1876 1185 1902 et

177 1922 236 1951 hm:
262 1923 345 1951 sacto
368 1923 512 1957 gravit-w
535 1923 742 1962 deliquisset,
765 1933 822 1962 per
847 1923 1013 1961 delegatos
1036 1924 1183 1961 eosdem,

176 1974 262 2003 dicto
279 1975 405 2003 cantori
423 1967 608 2006 satisfascto.
633 1985 775 2014 congrue
798 1977 875 2006 fecit
901 1976 965 2006 sihi
987 1976 1186 2006 beneficium

176 2027 396 2057 absolutionis
419 2028 576 2065 impendi.
604 2029 678 2058 Fuit
701 2029 803 2066 igitur
826 2038 863 2059 ex
890 2034 980 2067 parte
1003 2038 1063 2059 sua
1090 2029 1185 2060 nohis

176 2079 349 2109 humiliter
364 2080 585 2118 supplicatum
598 2086 642 2116 ut,
658 2091 732 2111 cum
746 2081 909 2112 desideret
921 2082 1060 2112 salutem
1076 2082 1186 2113 anime

177 2141 235 2161 sue
259 2133 412 2162 omnibns
436 2134 617 2167 anteferre,
636 2138 665 2162 et
684 2143 762 2163 sexu
784 2143 819 2163 ac
837 2134 991 2165 sensibus
1008 2134 1186 2165 imbecillis

178 2193 242 2213 non
258 2185 360 2222 possit
378 2186 599 2223 Apostolican]
618 2186 733 2215 Sedem
747 2186 848 2221 adire,
864 2187 1055 2226 factumque
1070 2187 1186 2226 hujus-

179 2237 264 2265 modi
289 2237 328 2265 sit
355 2237 536 2266 occultum.
564 2238 651 2267 circa
675 2239 780 2276 ipsam
806 2239 1066 2269 misericorditer
1090 2248 1187 2277 agere

178 2289 403 2323 dignaremur.
427 2290 508 2319 Cum
532 2291 643 2329 itaque
667 2291 719 2329 pia
739 2295 844 2321 mater
861 2291 1007 2321 Ecclesia
1027 2301 1091 2322 non
1109 2302 1187 2323 con-

179 2343 321 2371 sueverit
347 2342 499 2372 claudere
523 2344 682 2373 cremium
701 2344 863 2373 redeunti.
882 2349 1186 2384 quantumcumque

179 2393 270 2423 illius
289 2395 438 2424 mulieris
459 2396 500 2424 sit
520 2396 629 2433 gravis
651 2405 816 2431 excessus,
837 2397 1039 2427 fraternitati
1057 2402 1129 2433 tue,
1148 2398 1187 2428 de

179 2456 243 2484 qna
263 2447 391 2484 plenam
416 2448 449 2476 in
468 2449 607 2478 Domino
626 2449 778 2478 fiduciam
797 2449 999 2484 obtinemus,
1019 2460 1076 2488 per
1091 2460 1187 2488 apos-

179 2498 276 2528 tolica
294 2499 414 2537 seripta
439 2501 632 2530 mandamus
655 2506 829 2539 quatenus⁴
855 2503 881 2531 si
906 2506 953 2532 est
971 2503 1031 2537 ita,
1051 2504 1081 2533 ei
1093 2504 1187 2542 juxta

180 2551 318 2580 sormam
345 2551 490 2581 Errlesie
517 2552 712 2582 beneficium
737 2554 956 2584 absolutionis
979 2555 1184 2593 impendens,

179 2604 387 2633 considerata
407 2604 501 2643 culpa
519 2606 642 2643 ipsius.
665 2610 788 2636 tantam
806 2611 837 2636 et
854 2607 951 2636 talem
968 2608 1186 2645 penitentiam

180 2655 337 2694 injungas
352 2657 471 2686 eidem.
487 2658 573 2695 qnod
588 2662 652 2686 tam
669 2658 778 2695 gravis
792 2658 887 2697 culpa
901 2659 999 2697 digne
1010 2659 1117 2690 valeat
1131 2670 1186 2691 ex-

182 2707 275 2744 piari.
295 2708 366 2737 Dat.
386 2709 552 2744 Laterani,
569 2710 597 2739 X
611 2710 769 2740 kalendas
784 2711 910 2749 aprilis,
927 2720 1014 2741 anno
1029 2716 1153 2742 octavo.
1171 2726 1183 2739 »

256 2872 371 2899 ¹844
764 2873 876 2907 Lati-an,
895 2875 928 2902 30
943 2883 1019 2902 mars
1038 2875 1113 2902 1234.

219 2932 386 2967 Praeposito
410 2938 438 2959 et
459 2934 625 2961 subdecano
647 2935 764 2970 Majoris
779 2935 927 2962 Ecclesiae
945 2935 1141 2970 Coloniensis‚
1159 2941 1187 2964 et

1265 351 1375 378 decano
1392 352 1515 379 Sanctae
1532 353 1637 379 Mariae
1654 353 1687 379 ad
1704 353 1819 380 Gradus
1834 352 2016 379 Coloniensis
2035 352 2149 379 mandat
2170 355 2272 388 quate-

1267 408 1321 425 nus
1342 399 1515 427 Monasterio
1533 400 1631 427 Veteri
1649 400 1818 434 Maguntino
1839 399 2006 435 impendant
2023 400 2195 427 visitationis
2211 400 2272 426 offi-

1266 448 1342 474 cium
1367 452 1393 474 et
1415 448 1442 474 in
1463 450 1528 483 ejus
1550 449 1722 475 monialibus
1741 449 1885 483 corrigant.
1902 451 1930 475 et
1946 448 2102 475 reforment
2119 457 2192 482 quae
2207 456 2273 474 cor-

1266 497 1402 523 rectionis
1424 500 1452 523 et
1472 497 1683 524 reformationis
1704 497 1795 524 officio
1812 497 1936 523 viderint
1956 497 2105 531 indigere3
2122 496 2226 523 saciant
2242 499 2273 523 ut

1267 544 1484 579 possessiones.
1502 545 1632 571 redditus
1652 548 1680 572 et
1702 546 1756 571 alia
1778 545 1851 571 bona
1871 552 1944 579 quae
1964 544 2143 579 [Sigfridus],
2159 545 2273 571 archie-

1267 593 1403 628 piscopus
1420 593 1616 627 Maguntinus,
1637 598 1838 629 occupaverat,
1862 594 2036 620 monasterio
2051 596 2208 620 memorato
2224 601 2274 619 re-

1266 642 1432 671 stituantur.
1445 646 1471 667 et
1483 641 1590 668 Juncta
1603 642 1758 674 abbatissa,
1776 643 1802 669 in
1819 641 1935 668 saeculo
1946 649 2139 673 commorans,
2150 641 2183 667 ad
2197 641 2272 667 idem

1267 691 1473 716 monasterium
1496 689 1603 717 redeat.
1625 705 1657 709 —
1674 690 1756 723 (Rau.
1778 691 1825 722 17,
1845 690 1862 717 f.
1885 690 1934 716 170
1952 696 1994 721 v⁰;
2011 697 2078 715 ann.
2095 688 2179 721 VIII,
2196 696 2222 715 c.
2238 689 2272 720 5;

1265 752 1300 758 —
1317 738 1462 765 PoTTuAsT
1474 738 1564 772 9429.)

1308 859 1321 873 «
1344 869 1362 875 ..
1380 847 1528 884 preposito
1543 851 1568 875 et
1585 869 1606 875 ..
1621 847 1788 876 subdecano
1801 847 1925 883 Μῃονὶς
1938 847 2075 881 Ecclesia,
2089 851 2115 875 et
2129 869 2146 874 ..
2163 846 2275 875 decano

1267 900 1375 928 Sancte
1400 900 1494 927 Μανία
1522 899 1562 927 acl
1587 899 1704 928 Gradus
1734 899 1999 936 Colonien[sium].
2029 899 2073 927 Ex
2100 902 2193 936 parte
2224 897 2276 927 di-

1267 951 1426 981 lectarum
1442 968 1488 979 —.
1511 951 1582 980 Dat.
1606 951 1772 986 Laterani,
1791 951 1841 980 111
1860 950 2020 981 kalendas
2037 950 2168 988 aprilis,
2188 958 2276 980 anno

1268 1009 1393 1034 oclavo.
1414 1017 1426 1030 π

1343 1187 1460 1216 1845
1853 1185 1966 1219 Latran,
1984 1186 2017 1214 29
2035 1194 2110 1213 mars
2127 1185 2205 1214 1234.

1304 1249 1410 1276 Abbati
1426 1253 1455 1275 et
1470 1249 1625 1276 conventui
1642 1249 1809 1275 monasterii
1827 1248 1949 1275 Sanctae
1967 1249 2071 1275 Mariae
2086 1248 2193 1276 Montis
2210 1248 2279 1275 Mir-

1267 1299 1318 1325 teti
1339 1306 1427 1332 supra
1449 1297 1618 1332 Nimpham,
1638 1296 1785 1323 Florensis
1803 1297 1923 1330 ordinis,
1941 1297 2016 1332 quod
2034 1297 2095 1332 ipse
2112 1297 2278 1332 sumptibus

1267 1346 1393 1381 propriis
1409 1345 1586 1377 fundaverat,
1603 1345 1748 1374 sianificat
1763 1353 1795 1371 se
1812 1345 1942 1371 inhibere
1958 1353 1994 1371 ne
2010 1345 2089 1379 quis,
2107 1345 2217 1379 absque
2232 1345 2278 1380 ip-

1267 1395 1330 1421 sius
1350 1393 1546 1425 conniventia,
1564 1393 1630 1419 dum
1653 1394 1778 1425 viveret,
1795 1401 1828 1419 ac
1845 1393 1949 1419 deinde
1965 1393 2029 1419 sine
2049 1393 2167 1427 majoris
2187 1393 2277 1427 pai-tis

1266 1442 1383 1477 capituli
1398 1442 1533 1476 praedicti
1551 1442 1718 1468 monasterii
1735 1442 1849 1468 licentia
1864 1444 1892 1468 et
1908 1442 1997 1476 patris
2012 1441 2123 1468 abbatis
2138 1449 2273 1474 assensu,

1267 1491 1402 1517 vendere.
1427 1490 1585 1522 infeudare,
1609 1490 1714 1522 locare,
1738 1490 1876 1525 obligare,
1901 1490 1946 1516 vel
1967 1490 2020 1516 alio
2043 1489 2127 1516 modo
2149 1490 2275 1516 alienare

1267 1543 1316 1565 aut
1331 1539 1358 1565 in
1375 1539 1498 1573 alicujus
1513 1539 1651 1565 tributum
1669 1538 1800 1572 redigere
1816 1539 1910 1572 aliqua
1925 1537 1961 1564 de
1977 1538 2173 1565 immobilibus
2188 1538 2276 1565 rebus

1267 1586 1398 1621 ejusdem
1423 1587 1607 1618 monasterii,
1631 1595 1684 1613 nec
1706 1595 1761 1613 non
1783 1594 1834 1621 pro
1855 1587 1949 1621 aliquo
1969 1586 2144 1620 fidejubere,
2167 1594 2220 1612 seu
2241 1586 2276 1612 ab

1267 1636 1361 1669 aliquo
1375 1635 1523 1669 pecuniam·
1537 1638 1637 1661 mutuo
1649 1635 1780 1669 accipere
1792 1635 1866 1661 ultra
1881 1642 2023 1660 summam
2041 1635 2068 1660 in
2087 1633 2219 1661 Florensi
2230 1642 2279 1661 or-

1267 1683 1334 1710 dine
1349 1684 1535 1710 constitutam
1553 1686 1727 1717 praesumat.
1745 1697 1778 1702 —
1795 1682 1877 1716 (Rau.
1894 1683 1937 1714 17,
1953 1683 1973 1709 f.
1992 1682 2042 1709 170
2053 1689 2099 1714 v⁰;
2116 1681 2276 1715 ann.VIII,

1267 1740 1293 1758 c.
1311 1731 1349 1764 ὃ.)

1309 1852 1322 1866 «
1344 1862 1362 1868 ..
1381 1840 1485 1868 abban*
1507 1844 1531 1868 et
1551 1839 1716 1868 conventui
1732 1839 1912 1867 monasterii
1927 1838 2036 1867 Sancte
2058 1839 2153 1867 Marie
2168 1838 2278 1867 Montis

1267 1893 1381 1921 Μίνωι·
1407 1901 1502 1929 supra
1525 1892 1710 1929 Nimpham,
1737 1892 1889 1920 Florensis
1914 1891 2044 1919 ordinis.
2068 1889 2139 1920 Etsi
2162 1898 2200 1920 ex
2224 1889 2280 1919 in-

1264 1945 1379 1983 juncto
1395 1961 1444 1973 ——.
1462 1945 1535 1974 Dat.
1555 1943 1721 1977 Laterani,
1739 1944 1807 1973 IIII
1823 1943 1982 1973 kalendas
1999 1942 2126 1981 aprilis,
2144 1942 2280 1981 pontifi-

1268 2001 1361 2027 catus
1380 1996 1485 2026 nostri
1503 2005 1590 2025 anno
1606 1999 1731 2025 octavo.
1751 2007 1764 2022 »

1344 2187 1460 2216 1846
1854 2185 1967 2217 Lati-an,
1986 2185 2019 2213 23
2036 2193 2112 2212 mars
2129 2185 2207 2212 1234.

1305 2248 1419 2274 Cantori
1433 2247 1568 2274 Trecensi
1587 2247 1703 2274 mandat
1713 2251 1867 2282 quatenus,
1882 2254 1947 2273 cum
1962 2247 2168 2273 monasterium
2181 2246 2280 2273 Sancti

1270 2297 1347 2323 Petri
1371 2297 1405 2322 de
1426 2296 1503 2322 Cella
1525 2296 1681 2323 Trecensis
1703 2304 1736 2322 ac
1759 2296 1902 2330 prioratus
1926 2294 2023 2321 Sancti
2046 2295 2153 2330 Aigutfi
2177 2294 2280 2322 pruvi-

1271 2344 1380 2376 nensis,
1407 2344 1587 2371 Senonensis
1611 2343 1769 2375 dioecesis,
1797 2343 1972 2370 monasterio
1997 2343 2091 2369 eidem
2115 2343 2278 2378 subjectus,

1269 2392 1340 2419 adeo
1365 2397 1564 2427 premerentur
1588 2392 1711 2424 debitis,
1739 2395 1785 2424 ut,
1811 2391 1984 2417 tenuissimo
2008 2394 2126 2426 sumptu
2154 2391 2278 2417 deducto

1271 2450 1321 2476 pro
1343 2442 1555 2468 sustentatione
1577 2441 1700 2473 abbatis,
1722 2444 1884 2467 conventus
1903 2444 1932 2467 et
1947 2440 2066 2467 aliorum
2087 2440 2278 2467 habitantium

1270 2490 1297 2516 in
1322 2490 1498 2516 monasterio
1517 2494 1545 2516 et
1564 2489 1691 2524 prioratu
1714 2489 1886 2524 praedictis,
1904 2490 1951 2515 vix
1968 2492 2060 2515 totum
2077 2488 2222 2515 residuum
2243 2487 2279 2514 ad

1270 2539 1443 2565 solutionem
1463 2538 1608 2564 sufficeret
1629 2545 1780 2564 usurarum
1793 2559 1799 2568 ,
1816 2536 1850 2562 ad
1867 2536 2011 2563 antedicta
2027 2536 2234 2562 monasterium
2250 2538 2279 2562 et.

1270 2586 1427 2620 prioratum
1444 2586 1602 2618 accedens,
1620 2586 1766 2612 universis
1786 2585 1892 2611 debitis
1914 2585 1941 2611 in
1964 2592 2048 2610 unam
2069 2591 2210 2610 summam
2232 2591 2279 2609 re-

1269 2634 1372 2667 dactis,
1387 2634 1517 2660 redditus
1533 2638 1561 2660 et
1576 2637 1733 2668 proventus
1748 2633 1878 2667 ipsorum
1895 2632 1980 2659 faciat
1994 2633 2021 2658 in
2037 2632 2211 2659 solutionem
2225 2631 2278 2657 de-

1270 2683 1394 2708 bitorum
1406 2682 1546 2714 converti,
1563 2689 1716 2716 quousque
1732 2684 1823 2707 totum
1840 2680 1968 2706 debitum
1984 2679 2070 2706 fuerit
2086 2679 2276 2714 persolutum,

1269 2730 1426 2756 monachos
1439 2730 1584 2765 proprium
1597 2729 1736 2756 habentes
1747 2729 1780 2755 ad
1795 2727 2000 2762 resignandum
2014 2727 2083 2754 illud
2098 2727 2126 2754 in
2143 2727 2278 2754 manibus

1269 2777 1381 2803 abbatis
1395 2776 1536 2811 cogendo.
1555 2792 1588 2796 —-
1607 2776 1688 2809 (Rae.
1708 2777 1749 2808 17,
1767 2776 1786 2803 s.
1805 2775 1854 2803 170
1871 2782 1915 2807 v⁰;
1931 2783 1998 2802 ann.
2016 2774 2096 2808 VIII,
2114 2783 2140 2802 c.
2158 2775 2197 2807 7.)

1311 2897 1324 2911 α
1343 2907 1362 2913 ..
1380 2886 1501 2914 cantori
1519 2885 1667 2914 Trecensi.
1684 2884 1735 2914 Ad
1750 2887 1897 2914 nostram
1915 2882 2047 2913 noveris
2063 2899 2111 2910 —.
2128 2882 2202 2911 Dat.
2219 2881 2281 2910 La-

1270 2936 1388 2972 terani,
1404 2937 1436 2967 X
1451 2936 1610 2967 kalendas
1625 2936 1750 2975 aprilis,
1770 2944 1856 2966 anno
1873 2938 1998 2965 octavo.
2017 2945 2030 2960 n
