2498 3242
168 286 242 318 1085
1020 277 1236 316 HUITIEME
1258 277 1418 316 ANNEE.
2197 289 2270 319 1086

236 353 353 382 2⁰03

201 414 344 450 Episcopo
355 414 496 441 Asisinati
507 415 784 450 mandatquatenus,
795 431 825 435 —
836 424 900 442 cum
912 415 1042 446 Laetitia,
1054 415 1109 441 filia
1120 413 1175 440 130-

165 462 286 489 naefidei
302 462 428 495 Judicis,
445 472 529 498 quae,
546 464 683 491 defuncto
698 464 851 496 Matthaeo,
865 464 925 490 viro
938 472 1001 495 suc,
1016 464 1041 490 in
1060 471 1176 490 monas-

166 512 238 538 terio
255 511 347 538 Vallis
363 511 495 544 Gloriae,
513 512 685 548 Spoletanae
701 513 862 545 dioecesis,
883 513 1010 539 habitum
1029 512 1176 544 religionis

166 565 380 595 assumpserat,
398 561 473 587 bona
496 570 548 587 sua
564 561 712 591 dotalicia,
732 566 810 596 patre
833 569 886 587 suo
904 561 1074 591 inducente,
1094 561 1176 587 matri

167 616 237 635 suae
253 608 440 639 contulisset,
460 614 487 636 et
511 614 627 644 propter
646 610 699 636 lioc
722 609 826 636 ibidem
849 618 913 636 cum
938 609 1002 636 aliis
1027 609 1176 636 sororibus

167 656 310 683 defectum
325 658 556 684 necessariorum
570 666 624 684 non
637 658 781 684 modicum
794 661 950 693 pateretur,
961 672 996 678 —
1007 658 1099 684 eidem
1113 666 1177 683 mo-

168 705 294 732 nasterio
310 706 345 732 tle
361 705 426 732 dote
449 705 580 740 ejusdem
605 705 741 732 Laetitiae
763 715 813 741 pro
837 706 928 740 ipsius
949 706 1175 738 sustentatione,

167 753 259 787 quoad
289 753 404 782 vixerit.
435 757 605 789 competens
635 754 797 781 subsidium
830 755 913 781 saciat
947 754 1113 782 ministrari.
1146 769 1177 773 —

167 801 250 834 (Rea.
271 802 312 834 17,
331 802 348 829 f.
370 802 417 829 193
433 809 475 836 r⁰;
493 811 559 830 ann.
577 802 658 832 VIII,
675 811 700 830 c.
721 804 788 834 150;
809 819 835 824 -
859 802 1004 831 Pori-uasa*
1019 803 1111 836 9488.)

781 354 869 386 Rieu,
884 354 899 380 S
911 354 1008 388 juillet
1028 351 1102 379 1934.

210 915 222 929 «
249 925 268 931 ..
288 904 423 940 episcopo
442 904 604 933 Asisinali.
626 903 675 933 Ad
698 908 843 934 nostram
870 904 1002 934 noveris
1025 922 1072 932 —.
1102 905 1176 934 Dat.

167 956 281 990 Reate,
301 956 383 986 VIII
402 955 577 996 idusjulii,
595 966 682 986 anno
698 960 822 987 octavo.
844 969 856 983 ι)

237 1121 356 1151 2004
778 1120 866 1153 Rieti,
887 1121 1010 1155 9juillet
1030 1121 1104 1148 1234.

202 1182 348 1217 Jlobanni]
368 1182 403 1209 de
420 1182 517 1210 Monte
539 1182 662 1209 Mirabili
679 1186 706 1209 et
726 1182 778 1215 H„
796 1183 1007 1210 archidiaconis
1029 1182 1178 1209 Parisien-

164 1231 258 1263 sibus,
271 1235 299 1257 et
311 1232 450 1266 magistro
465 1230 617 1262 Vernacio,
631 1231 770 1258 canonico
781 1231 942 1262 Tervisino‚
956 1230 1085 1257 Parisius
1095 1239 1178 1257 com-

164 1279 304 1312 moranti,
331 1279 446 1306 mandat
474 1283 621 1314 quatenus
648 1280 675 1306 in
707 1287 795 1306 causa
825 1288 898 1314 quae
929 1279 1005 1305 inter
1034 1280 1176 1314 priorem,

163 1328 377 1364 praepositum,
402 1328 583 1355 cellerarium
611 1332 639 1354 et
664 1327 804 1362 quosdam
828 1328 985 1354 monachos
1010 1327 1177 1354 monasterii

163 1375 378 1409 Columbensis,
395 1385 430 1403 ex
449 1385 504 1403 una
522 1378 616 1411 parte,
634 1380 663 1403 et
679 1376 715 1402 H.
736 1376 926 1407 monachum,
943 1376 991 1410 qui
1009 1384 1059 1411 pro
1075 1376 1178 1402 abbate

164 1426 330 1452 monasterii
349 1426 465 1460 praefati
487 1434 519 1451 se
539 1426 673 1460 gerebat,
691 1433 780 1459 super
801 1425 942 1451 electione
966 1425 1059 1459 ipsius
1081 1429 1178 1451 verte-

164 1475 262 1503 batur,
279 1475 306 1500 in
332 1482 388 1508 qua
413 1474 569 1508 procedere
595 1474 796 1508 neglexerant,
815 1473 936 1499 finaliter
963 1473 1128 1507 procedant.
1144 1487 1180 1493 —

165 1522 250 1557 (Rso.
270 1523 310 1553 17.
329 1523 346 1549 f.
368 1522 474 1554 1931·0;
492 1531 558 1549 ann.
576 1521 656 1553 VIII,
675 1530 700 1549 c.
719 1523 791 1554 151.)

208 1637 221 1651 «
243 1626 268 1654 J.
294 1625 328 1653 dc
352 1625 448 1653 Monte
467 1624 605 1653 mirabili
626 1629 651 1653 et
669 1625 722 1659 H.,
746 1624 1002 1661 archidfflaconis]
1023 1624 1180 1653 Parisien-

166 1678 284 1716 [sibus],
305 1682 331 1706 et
348 1678 497 1714 magistro
517 1678 672 1711 Vernacio,
687 1678 836 1706 canonico
854 1678 1021 1711 Tervz‘sz‘no,
1040 1677 1180 1706 Par-isius
1221 1701 1224 1707 .

166 1731 383 1761 commoranti.
400 1730 444 1760 Ex
456 1734 549 1768 parte
566 1753 585 1758 ..
598 1729 731 1768 prioris,
749 1753 768 1758 ..
784 1730 955 1768 prepositi,
976 1753 995 1758 ..
1014 1729 1180 1760 cellerarii

167 1787 199 1813 et
227 1783 435 1822 quorundam
467 1782 607 1812 aliorum
634 1782 871 1812 monachorum
898 1782 1093 1812 monasterii
1117 1782 1181 1813 Co·
1222 1777 1224 1804 ἶ

164 1835 352 1865 luxnhensis
366 1835 430 1865 fuit
443 1834 648 1873 propositum
665 1843 775 1865 coram
792 1835 887 1865 nohis
900 1835 996 1874 quod,
1016 1843 1091 1865 cum
1107 1844 1181 1865 cau-
1223 1836 1224 1854 ³

1224 1890 1225 1895 ¹
1264 1881 1375 1911 censis,
1392 1895 1424 1899 —
1440 1888 1505 1906 cum
1522 1880 1650 1915 ipsorum
1669 1881 1876 1908 monasterium
1891 1883 1951 1908 fere
1977 1891 2027 1917 per
2043 1884 2152 1910 miliare
2171 1892 2186 1910 a
2202 1885 2274 1911 civi-

166 1895 237 1917 sam
257 1895 321 1925 que
337 1886 425 1916 inter
446 1885 548 1924 ipsos,
573 1894 610 1916 cx
630 1890 723 1924 parte
744 1895 826 1922 una,
852 1891 882 1917 et
904 1887 945 1916 H.
967 1886 1179 1922 monachum,

166 1939 224 1979 qui
244 1948 302 1978 pro
324 1939 441 1968 abbate
458 1939 653 1969 monasterii
677 1939 797 1977 prefati
821 1949 855 1969 se
879 1939 975 1977 gerit,
999 1948 1036 1969 ex
1060 1939 1179 1975 altera,

166 2001 266 2031 super
293 1991 456 2022 electione
478 1991 586 2030 ipsius
610 1991 762 2027 vertitur,
789 1991 894 2026 vobis,
924 1991 964 2021 ad
987 1991 1182 2030 petitionem

165 2045 330 2076 dictorum
359 2045 609 2079 monachorum,
643 2045 704 2075 sub
737 2049 826 2075 certa
853 2046 960 2074 forma
989 2045 1182 2075 duxerimus

166 2098 448 2133 committendam,
473 2098 507 2127 in
532 2097 710 2128 commisso
733 2097 826 2128 vobis
852 2097 984 2135 negotio
1007 2097 1180 2133 hactenus,

167 2152 207 2183 ab
223 2152 272 2182 eis
294 2151 451 2190 requisiti
474 2150 611 2189 plurIes,
634 2151 811 2189 procedere
834 2150 1040 2188 neglexistis,
1068 2150 1182 2189 sicque

165 2205 335 2244 predictus
355 2204 415 2238 H.,
435 2204 468 2232 in
492 2203 694 2233 monasterio
714 2203 786 2242 ipso
807 2203 1009 2233 satellitibus
1030 2207 1062 2233 et
1079 2202 1183 2233 balis-

166 2257 263 2289 tariis
281 2257 351 2288 suis
371 2257 559 2287 fautoribus
580 2256 714 2294 positis,
737 2265 812 2286 cum
835 2256 883 2286 eis
902 2256 936 2285 in
957 2256 1054 2286 honis
1074 2256 1182 2294 ipsius

167 2310 349 2342 enormiter
377 2309 592 2344 debachatur,
619 2310 653 2339 in
685 2318 818 2347 gravem
848 2309 954 2347 ipsius
987 2308 1183 2339 monasterii

166 2363 341 2397 lesionem,
359 2367 390 2393 et
407 2362 601 2392 thesaurum
619 2366 650 2392 et
666 2362 730 2391 alia
748 2362 886 2392 ecclesie
903 2366 1098 2392 ornamenta
1114 2362 1183 2392 dis-

167 2416 285 2451 trahit,
306 2420 337 2446 et
359 2415 399 2445 de
416 2415 492 2445 aliis
516 2415 612 2446 honis
630 2415 778 2454 ejusdem
801 2419 891 2446 extra
909 2415 1095 2453 predictum
1112 2424 1183 2445 mo-

168 2469 353 2500 nasterium
372 2477 438 2499 non
462 2469 641 2503 modicam,
662 2473 697 2498 ut
714 2469 888 2503 asseritur,
912 2468 1088 2506 pecuniam
1105 2477 1184 2498 con-

168 2521 328 2561 gregavit.
346 2522 395 2552 Ne
412 2521 516 2559 igitur
533 2530 570 2551 ex
591 2521 824 2560 prorogatione
841 2520 962 2560 judicii
978 2520 1183 2559 sepedictum

168 2574 409 2605 monasterium
435 2574 585 2604 incurrat
607 2574 742 2612 gravius
768 2574 1016 2609 detrimentum,
1044 2573 1184 2604 tirmiter

168 2627 382 2667 precipiendo
402 2627 598 2657 mandamus
615 2631 792 2666 quatenus,
813 2627 841 2656 si
863 2631 912 2657 est
932 2627 996 2662 ita,
1021 2627 1183 2657 facientes

170 2681 315 2720 prefatos
339 2679 530 2710 balistarios
551 2684 582 2710 et
608 2679 769 2710 satellites
793 2680 832 2709 ali
850 2679 963 2709 eodem
982 2679 1184 2710 monasterio

171 2733 328 2768 amoveri,
350 2733 536 2771 procedatis
553 2733 699 2763 finaliter
719 2733 753 2761 in
777 2732 923 2771 predicto
943 2732 1074 2771 negotio
1097 2733 1186 2763 infra

171 2790 313 2825 quatuor
340 2785 507 2815 mensium
535 2785 678 2823 spatium
707 2794 725 2815 a
754 2785 941 2823 receptione
966 2786 1183 2824 presentium,

168 2839 262 2878 juxta
285 2838 433 2876 priorum
452 2837 692 2867 continentiam
714 2837 917 2871 litterarum,
945 2837 1110 2875 provisuri
1134 2837 1186 2867 ni-

172 2890 375 2921 chilominus
399 2894 433 2919 ut
454 2890 592 2928 prefatis
617 2890 789 2919 monachis
811 2898 970 2928 expense,
996 2894 1030 2919 ut
1054 2890 1088 2919 in
1110 2889 1186 2919 aliis

173 2943 296 2974 litteris
313 2942 513 2978 continetur,
534 2942 733 2978 necessarie,
751 2951 834 2982 quas
850 2943 885 2972 in
904 2942 1095 2982 hujusmodi
1110 2952 1187 2982 pro-

1259 351 1431 381 secutione
1458 353 1583 389 negotii
1610 353 1762 383 fecerunt
1789 353 1949 383 hactenus
1986 353 2036 383 vel
2064 354 2164 383 etiam
2194 359 2272 384 sunt

1259 403 1390 437 facturi,
1412 404 1450 434 de
1471 404 1566 435 honis
1589 405 1738 444 ejusdem
1757 406 1950 436 monasterii
1973 406 2216 441 ministrentur,
2240 411 2271 437 et

1261 465 1300 486 ne
1316 457 1452 486 interim
1475 457 1536 487 sub
1560 457 1660 487 dubio
1687 457 1757 488 litis
1779 462 1899 488 eventu
1920 458 2004 488 bona
2024 459 2130 497 ipsius
2151 459 2272 498 dilapi-

1261 509 1332 539 dari
1349 509 1479 539 valeant
1497 514 1527 540 et
1544 511 1707 541 consumi.
1725 510 1883 549 Alioquin
1901 511 2020 541 dilecto
2037 512 2105 541 filio
2124 536 2143 541 ..
2161 513 2272 542 arehi-

1259 562 1396 592 diacono
1419 563 1605 593 Senonensi
1624 564 1747 593 nostris
1769 563 1884 593 damus
1906 564 2026 594 litteris
2049 565 2083 594 in
2105 566 2269 596 mandatis

1259 619 1294 644 ut
1310 615 1398 645 idem
1412 619 1530 645 extunc
1547 616 1619 646 sine
1636 625 1725 646 more
1739 616 1912 654 dispendio
1930 617 2120 647 mandatum
2139 623 2270 656 aposto-

1258 667 1360 697 licum
1379 672 1571 707 exequatur.
1588 668 1682 705 Quod
1701 669 1729 699 si
1753 678 1817 699 non
1834 678 1948 699 omnes
1972 675 2032 699 etc.
2057 671 2130 700 Dat.
2156 672 2268 706 Reate,

1258 721 1321 751 VII
1339 721 1413 751 idus
1426 721 1514 760 julii,
1533 722 1745 760 pontificatus
1761 723 1865 752 nostri
1885 732 1972 752 anno
1988 728 2112 754 octavo.
2134 736 2145 750 ι»

1296 837 1399 862 2⁰05.
1416 833 1497 860 —In
1518 834 1641 860 eundem
1659 834 1774 860 modum
1793 834 1934 869 scriptum
1951 839 1995 861 051
2012 843 2100 870 super
2118 836 2172 862 hoc
2186 837 2273 863 eidem

1259 882 1464 908 archidiacono.

1331 1042 1448 1071 2008
1879 1043 1967 1075 Rieti,
1982 1044 1995 1070 7
2007 1043 2103 1078 juillet
2122 1043 2196 1070 1‘234.

1295 1103 1439 1139 Episcopo
1456 1104 1626 1131 Secobiensi
1644 1104 1778 1131 concedit
1795 1108 1825 1131 ut
1846 1104 2002 1132 canonicos
2025 1113 2058 1131 ac
2079 1105 2270 1140 portionarios

1260 1152 1449 1179 Secobiensis
1465 1153 1622 1185 ecclesiae,
1640 1153 1667 1179 in
1685 1153 1784 1179 eadem
1801 1154 1940 1186 ecclesia,
1958 1154 2012 1180 etsi
2028 1162 2114 1189 saepe
2135 1155 2270 1187 monitos,

1261 1201 1446 1228 residentiam
1464 1201 1557 1228 facere
1572 1206 1777 1236 aspernantes,
1795 1202 1819 1229 si
1836 1203 1937 1236 primo,
1955 1203 2101 1235 secundo,
2120 1204 2164 1229 vel
2185 1203 2269 1230 tertio

1259 1250 1399 1276 canonice
1418 1250 1452 1276 ab
1469 1250 1533 1284 ipso
1549 1251 1664 1282 moniti,
1683 1251 1812 1277 residere
1833 1251 1860 1277 in
1876 1250 1951 1278 dicta
1968 1251 2093 1278 ecelesia
2109 1251 2182 1278 forte
2198 1259 2271 1278 con-

1260 1298 1447 1333 tempserint,
1466 1298 1579 1333 privare
1601 1300 1693 1325 valeat
1713 1299 1864 1326 beneficiis
1880 1308 1954 1334 quae
1977 1300 2012 1326 ab
2034 1301 2095 1334 ipsa
2119 1301 2268 1333 tenebant,

1260 1347 1392 1381 exceptis
1408 1348 1521 1374 clericis
1538 1348 1564 1374 in
1581 1348 1674 1383 ipsius
1697 1357 1785 1383 papae
1807 1352 1835 1375 et
1855 1349 2042 1375 cardinalium
2059 1350 2178 1376 servitio
2195 1349 2272 1384 apud

1261 1395 1367 1423 Sedem
1382 1396 1579 1430 Apostolicam
1595 1397 1800 1429 existentibus,
1815 1398 1856 1423 vel
1868 1397 2054 1424 studentibus
2068 1398 2095 1424 in
2109 1399 2269 1433 theologica

1261 1445 1405 1471 facultate.
1422 1459 1457 1465 —
1471 1445 1554 1478 (ltsc.
1574 1446 1616 1477 17,
1634 1445 1652 1471 f.
1672 1446 1720 1473 193
1737 1451 1783 1477 ψη
1803 1454 1867 1472 ann.
1887 1445 1967 1478 V111,
1983 1455 2008 1472 c.
2030 1446 2100 1480 152.)

1303 1558 1316 1573 «
1344 1569 1363 1574 ..
1390 1547 1523 1584 episcopo
1552 1547 1729 1576 Secoltiensi.
1756 1547 1919 1583 Quoniam
1943 1547 2000 1586 qui
2031 1556 2095 1577 non
2120 1566 2167 1577 —.
2196 1550 2270 1578 Dat.

1262 1600 1376 1631 Reate,
1396 1599 1493 1629 nonis
1505 1599 1595 1638 julii,
1613 1608 1699 1629 anno
1715 1604 1840 1629 octavo.
1860 1612 1873 1626 »

1335 1770 1425 1798 200
1430 1770 1453 1797 7

1300 1832 1407 1859 Abbati
1423 1835 1451 1858 et
1467 1832 1623 1858 conventui
1645 1832 1812 1858 monasterii
1831 1832 1930 1860 Sancti
1953 1834 2028 1860 Petri
2049 1835 2084 1861 de
2106 1834 2182 1861 Cella
2202 1835 2274 1862 Tre-

1858 1771 1948 1804 Rieu,
1968 1772 2107 1806 =13Juiltet
2126 1772 2200 1800 ¹234.

1264 1932 1322 1956 tate
1337 1929 1475 1955 Trecensi
1492 1928 1626 1961 distaret,
1646 1933 1674 1955 et
1695 1929 1761 1955 villa
1776 1930 1803 1956 in
1820 1938 1875 1964 qua
1892 1931 2097 1958 monasterium
2115 1933 2273 1967 praefatum

1264 1978 1453 2009 consistebat,
1467 1978 1551 2012 pleno
1563 1978 1631 2012 jure
1643 1979 1800 2013 pertineret
1815 1978 1849 2005 ad
1866 1980 1955 2014 ipsos,
1973 1988 2097 2014 cumque
2113 1982 2155 2007 015
2171 1990 2186 2007 a
2198 1981 2273 2008 Sede

1264 2027 1432 2061 Apostolica
1445 2026 1548 2053 fuisset
1564 2026 1706 2053 indultum
1723 2031 1763 2058 ut,
1780 2027 1895 2054 civitate
1907 2029 2053 2063 praedicta
2066 2031 2217 2064 supposita
2233 2031 2276 2057 in-

1264 2074 1397 2105 terdicto,
1407 2074 1562 2101 occasione
1573 2075 1688 2101 comitis
1699 2074 1882 2110 Campaniae,
1891 2076 1934 2102 vel
1946 2077 2115 2109 balivorum,
2127 2080 2275 2113 praeposi-

1265 2127 1358 2150 torum
1378 2126 1427 2150 aut
1442 2123 1563 2149 aliorum
1580 2124 1730 2150 hominum
1746 2132 1881 2156 suorum,
1899 2125 1954 2159 ipsi
1972 2130 2001 2152 et
2016 2127 2144 2161 ipsorum
2161 2127 2271 2162 clerici,

1265 2172 1526 2199 excommunicatis
1539 2176 1567 2199 et
1582 2172 1743 2200 interdictis
1758 2174 1902 2206 exclusis,
1921 2175 1949 2201 in
1971 2175 2083 2202 abbatia
2100 2177 2162 2210 ipsa
2179 2176 2275 2203 divina

1265 2224 1385 2256 possent
1399 2221 1491 2248 officia
1505 2221 1662 2254 celebrare,
1675 2229 1741 2248 cum
1753 2230 1831 2252 vero,
1846 2223 1913 2250 licet
1924 2224 2053 2258 ipsorum
2067 2225 2272 2252 monasterium

1264 2269 1293 2296 iu
1310 2270 1427 2296 civitate
1446 2278 1502 2296 non
1519 2274 1598 2296 esset
1613 2271 1702 2297 situm
1719 2272 1859 2306 praefata,
1879 2280 1929 2307 pro
1947 2272 2158 2307 praedictorum
2180 2277 2274 2301 tamen

1265 2318 1370 2345 delicto
1386 2318 1532 2345 interdum
1548 2323 1762 2354 supponeretur
1778 2320 1978 2347 ecclesiastico
1994 2321 2162 2354 interdicto,
2179 2337 2213 2342 —
2230 2323 2276 2350 in-

1265 2367 1365 2402 dulget
1382 2375 1417 2393 ne
1435 2375 1485 2402 pro
1502 2367 1676 2394 excessibus
1691 2368 1918 2403 praedictorum,
1937 2371 2106 2404 praesertim
2123 2379 2188 2398 cum
2201 2372 2277 2406 jam-

1265 2415 1342 2442 dicta
1358 2415 1421 2442 villa
1444 2416 1471 2442 in
1496 2416 1572 2442 nullo
1588 2416 1726 2443 subesset
1741 2418 1838 2445 comiti
1862 2418 2043 2453 supradicto,
2061 2420 2189 2454 ipsorum
2214 2429 2276 2447 mo-

1267 2464 1424 2491 nasterium
1446 2461 1577 2492 interdici
1600 2465 1700 2492 valeat.
1716 2480 1750 2485 —
1765 2466 1847 2498 (Rea.
1874 2467 1918 2499 17,
1936 2467 1954 2493 s.
1977 2467 2023 2495 193
2041 2475 2089 2498 νος
2104 2477 2170 2495 aun.
2193 2468 2274 2501 VIII,

1266 2519 1291 2539 c.
1311 2513 1384 2546 153.)

1309 2626 1321 2641 ι(
1343 2637 1362 2643 ..
1379 2615 1482 2644 abbati
1497 2620 1523 2644 et
1543 2616 1707 2644 conventui
1729 2617 1909 2645 monasterii
1923 2617 2030 2646 Sancti
2047 2618 2128 2647 Petri
2147 2618 2181 2647 de
2197 2619 2276 2648 Cella

1269 2667 1432 2697 Trecensis.
1457 2667 1546 2698 Solet
1565 2676 1713 2698 annuere
1737 2672 1795 2698 etc.
1824 2686 1872 2697 —.
1897 2669 1970 2699 Dat.
1996 2671 2114 2706 Reate,
2136 2672 2184 2701 111
2201 2671 2276 2701 idus

1263 2719 1353 2759 julii,
1374 2729 1461 2751 anno
1476 2725 1601 2751 octavo.
1623 2733 1635 2747 ι»

1341 2885 1460 2914 2008

1303 2947 1403 2975 Electo
1418 2947 1561 2980 Curiensi,
1578 2949 1612 2975 ad
1630 2956 1731 2983 preces
1748 2948 1897 2981 Friderici,
1914 2949 2107 2977 Romanorum
2124 2951 2278 2987 imperato-

1861 2886 1953 2917 nieu,
1974 2887 2003 2914 ¹3
2016 2888 2111 2922 Juittet
2129 2889 2203 2916 ¹234.
