2498 3242
221 274 292 303 11113
942 276 1180 306 11Εο1511105
1203 276 1258 305 DE
1281 269 1503 309 cancroma
1526 280 1585 310 lx.
2241 285 2315 315 1044

216 339 362 369 abbanes.
382 349 416 369 ar
435 340 592 377 magister
608 341 656 369 T..
677 340 916 371 thesaurarius.
933 346 1009 371 tuuc
1024 341 1224 371 archidiaco-

218 401 279 421 nus
298 392 502 422 Palentiuus.
520 398 707 422 asserent-*s
724 403 757 422 se
773 395 1048 423 mouastet-iorum
1063 398 1225 432 exempto-

218 454 288 473 rum
315 445 346 473 in
375 455 474 481 reg-‘no
493 445 634 475 Casti-lle
662 452 689 475 et
718 447 872 483 Legionis
896 447 1084 477 visitatores
1110 457 1181 477 esse
1207 457 1224 477 a

217 499 298 527 Sede
320 498 504 536 Apostolica
523 498 711 536 deputatos.
731 500 769 528 ad
788 501 894 538 ipsum
916 501 1153 530 monasterium
1170 510 1224 530 ac-

217 552 407 580 cessissent.
428 551 548 580 ibidem
569 552 769 582 visitationis
786 554 929 582 ollicium
946 553 1141 592 impensuri.
1160 554 1224 583 ‹tie-

215 610 266 633 1115
290 604 390 633 abhas
413 605 605 642 excipiendo
633 607 801 644 proposuit
822 616 932 636 coram
959 607 1024 636 eis.
1050 606 1136 646 quod
1164 615 1223 636 nec

215 666 387 694 personam
406 666 498 686 suam
518 667 575 687 1101·
592 660 830 689 monasterium
848 659 973 698 dejure
990 659 1151 689 dehebant
1168 663 1224 689 aut

214 715 361 748 poteraut
382 711 526 740 visitare.
557 711 646 741 idem
670 713 758 741 enim
783 712 883 742 abhas
909 713 947 741 de
971 713 1072 751 Spina
1094 722 1223 741 excom-

215 763 451 792 municationis
482 763 614 793 viuculo
645 765 829 800 tenebatur,
859 775 915 804 pro
945 766 1089 795 violenta
1119 766 1222 804 injec-

214 816 302 846 tione
338 825 495 846 manuum
527 817 560 846 111
600 818 731 847 Petrum
771 819 986 850 monachum.
1020 819 1125 849 eidem
1157 828 1221 848 non

213 868 382 897 subditum
399 869 528 902 abbati:
547 879 644 908 quem
663 870 802 900 hali-*liat
822 871 920 901 etiam
940 880 975 901 ea
1000 872 1128 901 ratione
1148 881 1222 901 sus-

214 926 354 958 pectum.
379 922 476 960 quod.
501 931 574 951 cum
597 923 707 951 abbati
725 923 762 952 de
790 924 906 961 Spina.
935 925 1065 962 proprio
1089 925 1221 954 nomine

216 984 277 1003 non
297 984 460 1012 expresso.
480 980 508 1003 et
527 975 661 1013 collegis
679 977 749 1005 suis
768 978 1044 1007 monasteriorum
1061 982 1222 1015 exempto-

217 1038 286 1056 rum
306 1028 480 1057 commissa
505 1029 651 1057 visitatio
673 1029 848 1062 diceretur,
865 1030 951 1068 ipse.
978 1030 1055 1060 licet
1076 1031 1222 1061 nondum

214 1085 298 1109 esset
318 1080 437 1110 abbas.
459 1081 662 1117 gravaminis
685 1086 793 1111 tamen
816 1083 922 1120 ipsius
939 1083 1071 1118 avidus,
1089 1092 1147 1121 pro
1163 1083 1221 1113 ab·

214 1132 287 1162 lxate
310 1142 343 1162 se
363 1142 501 1169 gerens.
525 1143 598 1163 cum
622 1135 749 1172 prefato
771 1135 979 1165 thesaurario
1000 1136 1033 1165 in
1052 1136 1123 1175 ejus
1145 1145 1220 1174 pro-

211 1185 309 1213 cessit
331 1186 549 1223 prejudicium
573 1191 604 1215 et
624 1196 799 1222 gravamen
816 1198 821 1220 2
841 1188 942 1217 abbas
967 1197 1043 1218 vero
1068 1188 1107 1218 de
1129 1188 1221 1219 Cella

213 1238 304 1267 Nova
335 1238 467 1268 vinculo
497 1243 563 1268 erat
593 1241 945 1270 excommunicationis
976 1241 1131 1271 astrictus
1163 1251 1221 1280 per

213 1291 411 1320 sententiam
436 1291 637 1321 venerabilis
662 1292 774 1321 fratris
796 1294 899 1322 nostri
918 1317 936 1322 ..
957 1294 1101 1332 episcopi
1124 1294 1221 1324 sahi-

213 1344 343 1373 nensis.
363 1349 439 1373 tunc
464 1345 496 1373 in
518 1345 666 1382 partibus
691 1345 757 1374 illis
782 1346 969 1384 Apostolice
991 1347 1085 1377 Sedis
1101 1346 1217 1383 legati,

211 1396 309 1425 latam
330 1397 363 1426 in
388 1406 502 1427 omnes
529 1398 803 1431 concubinarios,
824 1399 857 1428 in
876 1408 974 1438 quam
994 1399 1062 1438 ipse
1080 1399 1216 1436 incidit,

210 1450 368 1478 sot-ariam
393 1450 590 1481 detinendo:
621 1450 850 1482 thesaurarius
875 1456 985 1482 autem
1012 1452 1069 1482 ille
1096 1457 1165 1482 erat
1187 1453 1218 1483 ei

210 1502 353 1531 evidenti
371 1503 497 1533 ratione
516 1508 700 1542 suspectus,
717 1505 803 1542 quod
819 1506 1018 1535 amotionem
1035 1506 1099 1535 sibi
1116 1516 1134 1535 a
1147 1515 1218 1536 mo-

211 1555 355 1584 nasterio
373 1556 478 1584 suerat
496 1556 625 1594 publice
638 1557 869 1592 comminatus,
886 1562 1003 1588 etcum
1018 1558 1218 1597 quibusdam

211 1607 357 1636 inimicis
376 1607 445 1637 suis
467 1612 496 1637 et
521 1608 639 1637 emulis
659 1609 937 1647 conspirationem
961 1611 1084 1640 fecerat
1104 1615 1218 1640 contra

209 1659 336 1697 ipsum.
354 1660 506 1698 quodque
525 1660 749 1699 [quibusdam]
771 1657 982 1692 inimicorum
1006 1672 1156 1697 suorum,
1178 1663 1216 1694 de

209 1721 347 1750 quorum
366 1713 519 1741 manibus
534 1713 643 1742 villam
661 1714 772 1743 Sancti
787 1715 933 1744 Facundi
945 1716 1122 1754 eripuerat,
1138 1716 1216 1745 ami-

210 1765 287 1794 citia
301 1770 331 1794 et
346 1765 571 1795 familiaritate
587 1766 687 1795 nimia
702 1767 837 1805 junctus
854 1772 922 1797 erat
941 1778 946 1796 :
965 1778 1027 1807 que
1042 1769 1152 1798 omnia
1167 1769 1217 1799 vel

209 1817 339 1851 singula
366 1827 474 1847 coram
493 1818 627 1847 arbitris
644 1820 1061 1857 communiter'eligendis,
1083 1831 1164 1859 quos
1181 1822 1216 1851 in

208 1871 389 1899 continenti
409 1875 542 1908 paratus
560 1876 627 1900 erat
646 1871 778 1909 eligere.
797 1882 831 1901 se
848 1872 967 1902 obtulit
983 1872 1129 1911 legitime
1146 1884 1216 1912 pro-

207 1923 371 1952 baturum.
391 1923 426 1952 Et
445 1923 522 1961 quia
535 1923 684 1962 jamdicti
698 1924 828 1963 judices
846 1925 905 1954 has
920 1926 1128 1963 exceptiones
1143 1927 1214 1965 ejus

207 1975 371 2011 legitimas
389 1976 561 2005 admittere
579 1981 691 2006 contra
704 1977 869 2016 justitiam
882 1978 1098 2016 denegarunt,
1114 1979 1213 2015 idem,

208 2028 280 2057 lieet
302 2029 445 2063 graviter
468 2035 647 2065 egrotaret,
671 2031 818 2060 sentiens
838 2031 984 2061 indebite
1008 2042 1041 2062 se
1065 2033 1213 2070 gravari,

208 2088 352 2111 nostram
372 2082 573 2111 audientiam
594 2083 779 2120 appellavit.
802 2085 840 2113 At
863 2085 940 2123 ipsi,
960 2085 1108 2123 legitima
1126 2087 1216 2125 ejus-

206 2134 278 2163 dem
299 2134 517 2171 appellatione
535 2140 730 2173 contempta,
751 2141 819 2174 post
839 2137 959 2167 multas
976 2138 1118 2177 injurias
1135 2139 1214 2168 irro-

207 2192 296 2215 :atas
317 2187 439 2216 eidem.
467 2188 592 2225 ipsum.
621 2188 652 2217 111
679 2189 768 2218 11111111
788 2195 916 2219 servato
936 2191 1022 2229 juris
1047 2191 1178 2227 ordine,
1197 2201 1215 2222 a

207 2240 367 2277 regimine
388 2242 578 2270 msivnasterii
602 2252 658 2279 per
674 2243 884 2272 diiiinitivam
907 2245 1107 2274 sententiam
1125 2254 1214 2275 amo-

209 2298 336 2321 verunt.
355 2294 587 2322 1111111111111151111
604 2295 833 2324 ‹dnetlientiaet
850 2296 1009 2326 vassallos
1025 2306 1042 2326 a
1055 2297 1214 2329 fidelitate

207 2346 310 2382 ipsius
330 2346 567 2375 nis-liilmninus
586 2347 805 2377 absolventes,
825 2358 860 2377 ac
877 2349 992 2380 dautes
1007 2350 1213 2381 0151101111ηο-

207 2398 322 2426 nachis
344 2404 536 2436 piaesentem
555 2400 691 2429 lilwrzun
712 2400 871 2436 elif-rendi,
891 2402 924 2430 in
942 2412 1033 2437 eum,
1053 2403 1080 2432 si
1100 2404 1138 2433 de
1160 2413 1213 2433 1-0-

208 2456 274 2479 tero
299 2460 355 2488 pro
370 2451 486 2480 abbate
509 2460 542 2479 se
560 2457 697 2487 gereret,
721 2457 751 2481 et
770 2453 803 2482 111
818 2453 891 2483 illos
909 2455 965 2492 qui
983 2455 1046 2483 sibi
1064 2456 1213 2486 faverent.

207 2503 254 2531 v›·l
278 2503 497 2533 intenderent.
517 2506 867 2536 1-x‹·‹›mnn1ni‹·;1tionis
886 2508 1084 2537 sententiam
1104 2510 1213 2546 profc-

206 2556 317 2585 1011-10.
353 2557 454 2585 Nocte
488 2567 617 2595 quoque
650 2559 819 2597 sequenti,
847 2560 980 2598 quidam
1008 2561 1067 2590 11111
1094 2562 1210 2598 Belial,

206 2618 303 2637 manu
323 2614 447 2638 armata
467 2610 499 2638 in
518 2611 755 2640 monasterium
774 2612 938 2642 irruentes
959 2623 995 2642 ac
1018 2618 1211 2653 extorquen-

206 2667 253 2691 tes
276 2671 332 2699 per
356 2662 546 2691 violentiam
565 2663 671 2692 claves
691 2673 708 2693 a
728 2687 746 2692 ..
765 2665 874 2702 priore
893 2665 1078 2702 claustrali,
1098 2667 1211 2697 fractis

201 2714 314 2752 januis
340 2723 375 2743 ae
403 2715 625 2745 servientibus
645 2717 714 2746 suis
738 2718 882 2754 graviter
902 2717 1102 2754 vulneratis,
1128 2729 1210 2749 eun-

204 2766 292 2796 dem.
319 2767 351 2795 in
379 2767 461 2796 lecto
488 2769 687 2805 egritudinis
711 2770 944 2806 constitutum,
967 2775 1099 2809 propter
1124 2773 1211 2811 quod

203 2817 294 2848 locus
317 2819 393 2856 suge
415 2820 559 2856 presidio
582 2820 692 2851 nullus
709 2826 794 2856 erat,
816 2822 933 2852 timore
956 2823 1072 2854 mortis
1095 2825 1210 2856 cedere

203 2870 443 2908 compulerunt.
471 2873 555 2908 Quia
577 2882 653 2903 vero
676 2883 739 2912 que
762 2875 794 2904 vi
816 2879 966 2906 metusve
986 2885 1087 2906 causa
1107 2877 1207 2914 fiunt,

204 2931 315 2953 carere
334 2923 453 2953 dehent
470 2925 584 2955 robore
606 2926 791 2962 firmitatis,
811 2928 1007 2959 mandamus
1028 2933 1208 2968 quatenus,

1307 343 1447 381 receptis
1471 345 1610 375 testibus
1633 356 1715 386 quos
1734 347 1819 377 idem
1842 348 1942 378 abbas
1966 348 2053 379 infra
2078 350 2159 380 duos
2182 359 2314 381 menses

1306 405 1323 425 a
1344 398 1530 436 receptione
1551 401 1755 438 presentium
1777 401 1904 431 duxerit
1928 402 2172 440 producendos,
2191 403 2218 433 51
2236 412 2315 434 0011-

1305 448 1427 479 stiterit
1443 451 1552 488 ipsum
1573 452 1725 482 abbatem
1742 453 1883 483 cessisse
1899 463 1957 492 per
1975 454 2072 484 talem
2094 459 2237 491 metum,
2256 456 2314 495 qui

1305 502 1411 539 potuit
1432 503 1547 533 cadere
1565 504 1598 533 in
1623 510 1846 540 constantem,
1872 510 1901 536 et
1924 516 2014 542 eum,
2041 511 2136 545 prout
2159 509 2314 546 superius

1306 563 1497 592 expressum
1521 562 1586 592 est,
1605 566 1623 587 a
1640 558 1737 588 dictis
1754 559 1924 597 judicibus
1945 559 2144 598 appellasse,
2162 565 2314 592 revocato

1305 607 1340 636 in
1361 611 1483 637 statum
1507 609 1655 639 debitum
1677 611 1836 650 quicquid
1859 616 1931 650 post
1955 612 2145 651 hujusmodi
2167 613 2313 652 appella-

1306 660 1428 689 tionem
1457 661 1655 693 inveneritis
1685 667 1807 694 temere
1837 669 2083 703 attemptatum,
2112 666 2312 705 impendatis

1276 710 1278 712 ’
1305 713 1411 743 eidem
1440 715 1642 745 monasterio
1670 716 1874 747 visitationis
1903 717 2047 747 officium
2079 718 2150 749 vice
2179 723 2311 755 nostra,

1304 766 1498 802 corrigendo
1524 771 1555 796 et
1576 767 1786 799 reformando
1809 769 1943 805 ibidem,
1961 771 2053 809 juxta
2070 771 2217 809 priorum
2234 781 2313 803 con-

1304 818 1507 856 ti[nentiam]
1523 819 1728 856 litterarum,
1747 831 1810 860 que
1827 823 2041 853 correctionis
2055 828 2086 853 et
2104 824 2313 855 reformatio-

1305 871 1357 901 nis
1378 871 1484 901 officio
1507 872 1658 903 videritis
1681 874 1842 912 indigere.
1866 875 2023 915 Alioquin
2048 885 2236 914 processum
2258 885 2314 907 eo-

1303 924 1443 954 rundem
1456 925 1616 964 judicum,
1634 926 1719 956 sicut
1736 931 1785 957 est
1798 928 1988 964 canonicus,
2008 929 2149 965 faciatis,
2168 929 2314 968 appella-

1304 977 1392 1007 tione
1418 983 1558 1014 remota,
1588 979 1727 1009 tirmiter
1752 979 1933 1010 observari.
1959 981 2226 1012 Contradictores
2249 986 2311 1012 etc.

1303 1030 1417 1059 Testes
1438 1034 1549 1060 autem
1569 1035 1630 1060 etc.
1659 1032 1752 1068 Quod
1773 1032 1799 1062 si
1829 1042 1894 1063 non
1917 1042 2049 1068 omnes,
2077 1034 2140 1064 duo
2165 1038 2313 1065 vestrum

1303 1086 1364 1111 etc.
1383 1083 1456 1112 Dat..
1474 1083 1641 1119 Laterani,
1660 1085 1711 1115 III
1726 1085 1801 1115 idus
1816 1086 1908 1122 maii,
1927 1095 2014 1116 anno
2031 1090 2155 1116 octavo.
2176 1099 2188 1114 ›>

1377 1261 1491 1290 1909
1926 1264 2038 1296 Latran,
2056 1264 2071 1290 ΕΞ
2088 1265 2143 1291 mai
2161 1265 2238 1292 1234.

1338 1323 1494 1355 Ludovico,
1513 1325 1572 1359 regi
1591 1324 1776 1358 Francorum,
1793 1327 1923 1361 queritur
1936 1326 2012 1361 qnod
2029 1327 2094 1361 cjtts
2110 1327 2197 1361 bajuli
2215 1328 2242 1354 in
2261 1327 2311 1354 At-

1301 1373 1465 1407 bigensium
1482 1375 1611 1408 partibus
1626 1375 1766 1402 ecclesias
1781 1378 1810 1401 et
1826 1383 1966 1409 personas
1981 1376 2195 1402 ecclesiasticas
2211 1376 2310 1410 gravi-

1299 1426 1344 1449 ter
1377 1422 1532 1453 offendant.
1567 1427 1595 1449 et
1631 1423 1826 1450 Biterrensem
1860 1424 2119 1458 Agathensemque
2153 1425 2308 1459 episcopos

1300 1476 1423 1503 vexent;
1442 1480 1507 1498 eum
1524 1477 1605 1506 rogat
1621 1476 1765 1506 quatenus
1785 1473 1877 1499 virum
1899 1473 2094 1499 honorabilem
2111 1477 2140 1500 et
2155 1477 2308 1508 expertum

1301 1521 1403 1552 mittat,
1414 1520 1461 1554 qui
1475 1529 1529 1546 una
1539 1528 1605 1546 eum
1615 1520 1776 1547 Viennensi
1787 1521 2018 1556 archiepiscopo,
2030 1521 2188 1555 apostolico
2202 1522 2306 1556 legato,

1299 1568 1512 1594 controversias
1528 1568 1603 1594 inter
1620 1569 1760 1603 praelatos
1772 1578 1805 1596 ac
1818 1569 1913 1604 ipsum
1930 1578 2028 1604 regem
2046 1570 2240 1596 terminandas
2256 1579 2310 1597 cu-

1300 1620 1352 1643 ret.
1369 1631 1405 1637 —
1420 1617 1503 1649 (Rso.
1525 1617 1565 1649 17,
1583 1617 1602 1643 f.
1622 1617 1669 1643 180
1686 1624 1730 1650 v03
1747 1626 1814 1644 ann.
1834 1617 1918 1650 VIII,
1935 1626 1960 1644 0.
1976 1618 2026 1650 66;
2044 1633 2076 1637 -—
2092 1618 2211 1646 Monam
2229 1618 2307 1650 1189,

1300 1666 1317 1692 f.
1335 1665 1384 1699 34;
1402 1667 1479 1698 ibid,
1497 1666 1515 1693 f.
1534 1666 1584 1700 403
1601 1681 1635 1686 ——
1656 1665 1801 1693 Porri-usr
1817 1666 1896 1699 9452,
1914 1668 2012 1693 omisso
2029 1668 2133 1700 initio.)

1341 1781 1354 1795 «
1375 1792 1394 1797 ..
1415 1770 1532 1797 illustri
1553 1769 1618 1805 reyi
1638 1769 1842 1797 Francorum.
1859 1768 2029 1797 Virtutum
2046 1771 2138 1806 grata
2155 1768 2308 1799 secundi-

1299 1825 1348 1851 tas
1365 1821 1486 1860 quihus
1503 1821 1590 1850 clare
1605 1820 1765 1851 memorie
1780 1829 1874 1858 reges
1888 1820 1982 1858 regni
1998 1820 2161 1860 Franci[e]
2173 1823 2183 1842 ¹
2200 1821 2308 1860 splen-

1298 1873 1457 1909 duerunt,
1477 1874 1531 1904 dat
1551 1873 1722 1904 evidenter
1736 1873 1881 1911 intelligi
1899 1873 1987 1912 quod
2004 1882 2061 1911 pre
2079 1877 2165 1904 terre
2181 1874 2308 1912 princi-

1297 1927 1395 1965 pibus
1412 1927 1521 1956 Patris
1541 1927 1647 1956 eterni
1670 1926 1754 1956 Filio
1774 1926 1887 1964 placiti
1908 1926 2033 1956 suerint
2053 1930 2083 1956 et
2102 1926 2226 1957 dilecti.
2243 1928 2308 1957 Pro

1298 1979 1470 2009 infallibili
1489 1979 1623 2018 quidem
1642 1979 1768 2017 geritur
1784 1982 1990 2016 argumento,
2011 1979 2098 2017 quod
2113 1979 2170 2018 qui
2189 1979 2229 2009 ab
2245 1979 2308 2009 ali-

1298 2041 1362 2070 quo
1387 2032 1595 2061 dominorum
1618 2031 1779 2061 beneficia
1805 2031 1930 2070 majora
1953 2032 2186 2070 consequitur,
2211 2040 2308 2062 carus

1299 2085 1338 2114 ah
1356 2085 1426 2123 ipso
1442 2094 1499 2122 pre
1516 2084 1591 2114 aliis
1612 2084 1784 2114 habeatur.
1802 2084 1909 2122 Digne
1930 2084 2033 2121 igitur
2054 2084 2092 2114 de
2116 2084 2197 2123 ipsis
2219 2085 2308 2123 regi-

1297 2137 1530 2167 busimminet
1546 2136 1774 2166 arbitrandum
1792 2136 1879 2175 quod
1896 2136 1980 2173 grati
1995 2136 2120 2166 fuerint
2136 2136 2308 2168 Conditori

1297 2191 1461 2223 omnium,
1487 2190 1543 2228 qui
1565 2190 1613 2219 eis
1637 2189 1764 2227 fulgere
1787 2188 1927 2219 contulit
1948 2189 2162 2219 multitudine
2184 2189 2308 2227 gratia-

1298 2252 1387 2277 rum,
1413 2252 1553 2282 quarum
1574 2243 1655 2272 duas
1680 2242 1829 2272 extitisse
1852 2250 1909 2279 pre
1932 2242 2051 2271 ceteris
2077 2242 2240 2278 efficaces,
2268 2251 2307 2273 eo

1297 2296 1382 2335 quod
1400 2295 1466 2325 sint
1478 2295 1517 2325 ad
1534 2295 1696 2325 claritatis
1713 2299 1825 2325 eterne
1841 2294 1982 2332 patriam
1997 2295 2225 2332 perducentes,
2240 2304 2306 2325 non

1296 2349 1462 2379 immerito
1479 2348 1695 2386 gratulamur,
1713 2347 1867 2377 videlicet
1888 2347 1966 2386 quia
1987 2347 2076 2377 dedit
2096 2347 2220 2377 eisdem
2240 2348 2306 2378 Do-

1295 2402 1407 2431 minus
1427 2405 1457 2431 et
1474 2401 1508 2430 in
1525 2400 1591 2430 zelo
1608 2399 1769 2430 catholice
1785 2399 1862 2429 fidei
1878 2399 2025 2437 reputari
2043 2400 2252 2437 magnificos,
2273 2404 2305 2430 et

1296 2453 1328 2482 in
1353 2453 1539 2483 reverentia
1562 2452 1680 2482 Sancte
1701 2450 1818 2481 Matris
1839 2450 1984 2480 Ecclesie
2009 2450 2124 2480 haberi
2148 2451 2304 2482 continue

1295 2506 1460 2535 studiosos
1479 2515 1484 2534 :
1505 2514 1562 2543 pro
1584 2505 1661 2534 fidei
1679 2503 1802 2534 etenim
1821 2503 2026 2533 incremento
2044 2503 2255 2541 presentibus
2273 2508 2305 2534 et

1293 2558 1434 2597 posteris
1451 2557 1625 2588 recolenda
1641 2556 1834 2591 certamina,
1856 2556 2051 2594 disponente
2067 2556 2219 2592 Domino,
2237 2556 2302 2586 fine

1294 2611 1450 2641 conclusa
1478 2610 1638 2641 laudabili
1668 2609 1844 2640 subierunt
1861 2619 1866 2645 ;
1894 2617 1950 2647 pro
1983 2609 2196 2647 ampliatione
2226 2618 2302 2640 vero

1293 2663 1517 2695 ecclesiastice
1534 2663 1718 2701 dignitatis,
1737 2666 1767 2692 et
1783 2661 1894 2700 plures
1911 2661 2069 2691 eeclesias
2081 2665 2256 2692 erexerunt
2266 2662 2302 2692 in

1292 2717 1460 2755 prosperis
1477 2721 1507 2746 et
1531 2715 1695 2746 clericalis
1713 2715 1833 2745 militie
1850 2714 2054 2753 professores
2074 2714 2228 2744 foverunt
2243 2722 2302 2744 sue

1293 2769 1398 2807 gratie
1424 2769 1641 2799 fulcimentis.
1665 2767 1751 2805 Quid
1773 2767 1813 2797 ad
1840 2767 1918 2802 ista,
1947 2766 1995 2795 fili
2023 2766 2206 2803 carissime,
2234 2767 2303 2798 nisi

1293 2822 1379 2861 quod
1400 2822 1457 2861 qui
1476 2822 1515 2852 de
1530 2821 1585 2860 pia
1603 2825 1634 2851 et
1649 2820 1823 2851 benedicta
1840 2819 1989 2859 projenie
2005 2819 2212 2857 processisti,
2230 2819 2304 2858 pie-

1326 2941 1347 2965 1.
1363 2943 1404 2965 Ms
1420 2950 1426 2964 .·
1443 2940 1550 2964 Franci.
