2498 3242
197 245 255 276 645
1070 235 1251 274 SIXIEME
1273 236 1432 274 ΑΝΝΕΕ.
2248 250 2304 279 11111

197 311 393 338 continentiae
415 314 550 346 paternae
574 310 742 344 imitatores,
765 326 801 332 -—
820 314 952 338 coerceat
971 314 998 337 et
1020 310 1154 345 corrigat.
1178 324 1211 329 —-

198 358 281 394 (Rae.
299 359 342 394 16,
359 359 378 388 s.
395 359 428 387 95
443 366 486 391 νος
504 368 571 387 ann.
587 359 639 393 vt,
656 367 682 387 c.
700 360 766 391 32&
783 374 818 381 -
833 359 953 387 Monte-u
970 360 1048 393 1187,
1065 359 1083 385 f.
1101 358 1175 391 439.)

240 472 254 487 «
288 483 307 489 ..
339 461 472 499 episcopo
501 460 734 490 silvanectensi.
763 462 813 496 J.‚
847 461 1080 492 archidiacono
1115 460 1212 491 Mori-

198 512 296 543 nensi
306 530 356 542 —.
369 513 441 543 Dat.
456 512 620 551 Anagnie‚
633 513 662 543 V
673 513 833 544 kalendas
844 513 968 550 martii,
981 522 1068 543 anno
1079 517 1181 544 sexto.
1197 525 1210 540 ι)

273 703 292 731 Ι
303 703 389 732 132
749 703 877 740 Anagni,
891 704 924 731 ε26
942 705 1046 731 fevi-ier
1063 704 1140 732 1233.

235 763 380 799 Episcopo
396 764 530 796 Senensi,
548 765 637 799 priori
653 764 775 792 Sanctae
795 765 901 792 Mariae
916 766 951 792 de
967 765 1105 797 Talcion„
1122 769 1151 792 et
1168 765 1212 800 B„

199 813 339 840 canonico
364 813 498 847 Senensi,
525 814 641 840 mandat
662 818 806 849 quatenus
827 815 966 841 haeredes
981 818 1010 841 et
1024 818 1212 842 exsecutores

198 864 438 888 testamentorum
461 862 634 897 compellant
657 866 687 889 ut
708 863 800 897 legata
817 863 1006 898 pauperibus,
1026 864 1170 897 religiosis
1185 866 1214 890 et

198 909 254 945 piis
277 910 349 937 locis
373 910 407 937 de
431 910 526 943 Senis,
555 915 586 938 ut
610 911 790 943 tenebantur,
816 912 976 938 exsolvant.
999 926 1033 932 —
1053 912 1137 945 (Rae.
1164 912 1211 947 16,

197 957 217 984 f.
233 957 268 984 95
283 965 329 992 v⁰;
345 966 412 984 ann.
431 957 482 992 VI,
499 967 524 985 c.
543 958 615 991 327.)

241 1072 254 1086 «
275 1083 294 1088 ..
315 1061 449 1098 episeopo
467 1061 604 1097 Senensi,
623 1083 641 1089 ..
656 1062 760 1098 priori
775 1062 884 1090 Sancte
898 1062 993 1090 Marte
1009 1062 1043 1090 de
1063 1062 1209 1097 Taleton„

197 1113 338 1143 Senensis
354 1114 488 1148 diocesis,
509 1119 534 1143 et
551 1115 599 1150 B.,
621 1116 769 1144 canonico
786 1115 923 1144 Senensi.
941 1114 991 1144 Ad
1007 1114 1213 1145 audientiam

198 1169 346 1196 nostram
366 1183 415 1195 —.
433 1167 507 1196 Dat.
527 1166 697 1205 Anagnie‚
716 1167 784 1197 1111
799 1167 960 1197 kalendas
977 1167 1107 1202 martii,
1125 1176 1213 1198 anno

199 1222 301 1250 sexto.
321 1231 334 1245 n

272 1403 388 1431 1133
746 1403 874 1438 Anagni,
893 1403 924 1430 18
940 1403 1044 1430 fevrier
1062 1402 1139 1430 1233.

233 1464 463 1500 Archiepiscopo
480 1463 664 1491 Armachano
685 1464 801 1492 mandat
823 1469 968 1500 quatenus
988 1465 1152 1492 cessionem
1166 1464 1211 1499 E„

197 1512 373 1540 Conerensis
382 1512 521 1548 episcopi,
534 1513 594 1548 qui,
604 1513 833 1540 confirmationis
843 1516 983 1547 tempore,
997 1521 1029 1540 se
1037 1513 1072 1539 de
1083 1513 1213 1548 legitimo

196 1562 380 1588 matrimonio
401 1565 583 1597 procreatum
604 1562 676 1588 falso
692 1561 816 1595 dixerat,
834 1566 861 1588 et
873 1563 934 1596 jam
952 1562 1140 1597 episcopatus
1154 1561 1213 1588 Co-

196 1611 329 1638 nerensis
354 1619 404 1646 per
429 1611 660 1646 quinquennium
682 1619 781 1638 curam
801 1615 948 1646 gesserat,
975 1610 1105 1645 recipiat,
1128 1611 1213 1645 eique

196 1663 314 1695 propter
334 1659 390 1686 hoc
409 1659 615 1695 paenitentiam
632 1662 844 1694 competentem
860 1659 1000 1694 imponat.
1017 1675 1050 1679 ——-
1065 1660 1149 1692 (Rae.
1168 1660 1211 1692 16,

196 1709 215 1736 f.
233 1708 268 1736 95
283 1715 330 1740 νος
346 1717 413 1736 ann.
428 1708 481 1740 VI,
498 1717 523 1735 c.
541 1708 607 1740 3283
621 1723 656 1729 —
672 1708 820 1736 Porrffisr
836 1709 926 1742 9099.)

240 1823 252 1838 «
272 1834 292 1840 ..
311 1812 536 1849 archiepiscopo
549 1811 777 1840 Ardhnmoano.
791 1810 1004 1841 Venerabilis
1020 1811 1123 1842 frater
1139 1820 1212 1842 nos-

198 1867 247 1894 ter
257 1880 306 1892 —.
321 1863 396 1893 Dat.
412 1863 576 1901 Anagnie,
588 1863 656 1893 XII
668 1862 829 1893 kalendas
840 1863 964 1899 martii,
977 1872 1064 1894 anno
1078 1867 1181 1894 sexto.
1196 1876 1209 1890 ))

270 2056 290 2083 1
301 2055 389 2084 134
746 2055 874 2090 Anagni,
889 2054 924 2082 26
939 2055 1043 2081 sevrier
1060 2053 1138 2081 1233.

231 2117 362 2153 Capitulo
372 2117 572 2144 Acherontino
584 2116 699 2143 mandat
708 2119 863 2151 quatenus,
874 2130 910 2135 —
920 2123 997 2147 cum,
1013 2118 1079 2150 post
1088 2115 1212 2150 inquisi-

195 2168 303 2194 tionem
313 2174 398 2201 quam
409 2173 497 2201 super
505 2165 677 2192 excessibus
687 2165 831 2200 quondam
841 2165 1053 2200 archiepiscopi
1065 2165 1212 2191 Acheron·
1252 2187 1253 2190 ,

194 2215 247 2242 tini
263 2215 326 2250 ipse
342 2223 414 2250 papa
426 2215 647 2250 archiepiscopo
659 2214 780 2241 Barensi
797 2217 825 2241 et
841 2214 920 2240 fratri
935 2213 1056 2248 Joseph,
1069 2214 1210 2240 monacho

195 2263 338 2298 Florensi,
350 2264 545 2297 commiserat,
561 2262 636 2289 idem
653 2262 872 2290 Acherontinus
887 2262 1135 2297 archiepiscopus,
1153 2270 1209 2289 non

195 2315 362 2347 exspectata
373 2312 525 2347 sententia,
535 2311 686 2345 cessisset,
698 2325 733 2331 —
741 2311 930 2338 exsecutione
943 2311 1114 2346 pontificalis
1125 2314 1153 2338 et
1164 2319 1209 2337 sa-

196 2361 350 2388 cerdotalis
366 2360 450 2387 officii
465 2361 490 2387 ei
507 2361 624 2396 penitus
641 2360 802 2391 interdicta,
815 2359 850 2386 ad
860 2360 1029 2387 electionem
1041 2359 1209 2386 canonicam

195 2408 395 2445 procedentes,
414 2411 623 2443 congruentem
641 2416 793 2443 personam
811 2408 865 2435 sibi
882 2408 989 2443 eligant
1008 2409 1035 2435 in
1053 2412 1207 2443 pastorem.

194 2457 324 2493 -(Rao.
345 2458 386 2489 16,
405 2457 423 2484 1“.
440 2457 474 2485 96
489 2464 530 2491 r⁰;
549 2465 615 2484 ann.
635 2456 687 2490 VI,
704 2465 730 2484 c.
752 2457 819 2488 3292
843 2472 876 2478 -
897 2457 935 2485 cs.
956 2465 1052 2491 supra,
1071 2464 1102 2483 11⁰
1122 2457 1209 2489 1097.)

239 2572 252 2586 a
283 2560 423 2598 Capitulo
454 2560 668 2589 Acherontino.
698 2558 782 2590 Cum
811 2558 891 2589 olim
925 2568 1024 2598 super
1052 2576 1101 2588 -.
1133 2560 1207 2589 Dat.

195 2612 360 2650 Anagnie,
378 2613 447 2643 IIII
462 2611 621 2642 kalendas
640 2612 763 2647 martii,
782 2620 869 2642 anno
885 2616 987 2642 sexto.
1007 2624 1020 2638 »

269 2797 384 2826 1¹85

232 2860 461 2895 Archiepiscopo
475 2859 683 2887 Terraconensi
700 2859 815 2886 mandat
830 2863 985 2894 quatenus,
1001 2867 1079 2891 cum,
1096 2860 1209 2894 signifi-

197 2909 332 2936 cantibus
356 2908 390 2935 R.
414 2907 448 2934 de
470 2907 534 2935 Sata
556 2912 583 2935 et
600 2907 646 2939 F..
665 2908 844 2943 presbyteris
863 2907 998 2935 vicensis
1013 2908 1163 2942 ecclesiae,
1182 2909 1208 2935 in

743 2797 868 2832 Anagni,
885 2797 920 2824 ‘25
937 2797 1041 2824 fevi-ier
1058 2796 1137 2825 1233.

1293 309 1386 344 ipsius
1409 311 1549 337 ecclesiae
1572 311 1704 345 parocbia
1725 315 1801 338 tanta
1823 316 1901 339 esset
1922 313 2018 347 populi
2039 314 2206 347 multitudo,
2228 315 2303 349 quod

1293 357 1358 391 ipsi,
1377 359 1424 392 qui
1442 359 1494 384 soli
1511 363 1592 385 erant
1606 360 1671 393 ejus
1686 360 1836 394 obsequiis
1850 360 1988 394 deputati,
2006 362 2136 388 sufficere
2154 363 2304 396 nequirent

1294 405 1327 431 ad
1345 411 1522 432 sacramenta
1539 407 1737 441 ministranda,
1754 409 1866 442 aliquos
1882 410 1930 443 qui
1947 414 2045 436 essent
2062 410 2245 445 coadjutores
2263 413 2305 446 ip-

1294 460 1403 484 sorum,
1421 454 1543 488 perillos
1555 455 1587 480 ad
1604 463 1678 489 quos
1692 456 1860 490 pertinebat,
1874 458 1983 484 institui
2002 459 2084 484 saciat
2101 459 2304 486 sacerdotesin

1294 502 1417 528 ecclesia
1434 502 1607 536 supradicta.
1626 518 1659 523 —
1674 503 1755 537 (Rso.
1778 505 1822 535 16,
1841 504 1858 531 f.
1876 505 1909 531 96
1926 512 1966 535 r⁰;
1984 515 2050 534 aun.
2071 506 2122 539 vl,
2140 515 2163 534 c.
2184 507 2257 539 330.)

1336 615 1348 629 «
1370 626 1389 631 ..
1402 604 1627 641 archiepiscopo
1643 605 1870 634 Terraconensi.
1887 606 2161 642 Signitirantibus
2175 608 2306 639 dilectis

1294 654 1374 685 filiis
1388 673 1436 684 —.
1453 656 1526 684 Dat.
1542 656 1705 693 Anagnie,
1723 657 1751 686 V
1764 656 1922 687 kalendas
1935 659 2056 689 martii.
2073 668 2159 689 anno
2171 666 2272 690 sexto.
2291 673 2303 687 »

1370 847 1390 874 1
1403 847 1489 876 136
1822 848 1948 883 Anagni,
1965 840 1999 875 ⁴25
2016 849 2120 875 sevrier
2139 849 2234 876 ¹2331.

1332 895 1423 922 Priori
1453 896 1550 922 Sancti
1579 895 1681 922 Jacobi
1712 896 1901 931 Parisiensis,
1926 901 1954 923 et
1985 899 2132 932 magistris
2162 899 2234 926 Arb.
2259 899 2304 932 (Ἰ),

1297 944 1453 971 Parisiensi
1469 945 1618 978 canonice,
1640 948 1668 971 et
1684 944 1720 972 R.
1736 945 1770 972 de
1789 945 1928 972 Danfront
1945 947 1988 979 (=
2007 946 2197 980 Domst·ont‘?)‚
2214 946 2307 973 Ceno-

1295 993 1426 1020 manensi
1451 994 1605 1027 canonico,
1635 993 1764 1020 parisius
1793 995 1998 1028 commoranti,
2021 995 2135 1021 mandat
2163 1000 2307 1030 quatenus

1295 1042 1546 1077 archiepiscopum
1572 1042 1836 1076 Rothomagensem
1864 1044 2037 1077 compellant
2062 1052 2097 1070 ne
2123 1045 2149 1070 in
2174 1044 2308 1071 subditos

1296 1090 1481 1117 Ebroicensis
1495 1091 1622 1125 episcopi
1638 1091 1793 1117 indebitam
1806 1091 2040 1126 jurisdictionem
2057 1092 2112 1119 sibi
2129 1097 2259 1128 usurpet.
2274 1109 2306 1113 -

1296 1138 1379 1172 (Rso.
1399 1139 1445 1172 16,
1462 1139 1482 1165 f.
1498 1139 1531 1165 96
1549 1144 1588 1170 r⁰;
1606 1147 1672 1166 ann.
1691 1138 1739 1170 VI,
1758 1147 1783 1166 c.
1801 1140 1868 1173 3313
1887 1155 1919 1159 —
1935 1141 1973 1168 cf.
1991 1140 2139 1168 Ροττιίᾼετ
2153 1141 2243 1172 9106.)

1337 1260 1349 1274 «
1375 1270 1394 1276 ..
1414 1249 1517 1285 priori
1534 1248 1641 1277 Sancti
1655 1249 1772 1283 Jacobs,
1793 1250 1950 1286 ntayistris
1967 1250 2055 1285 Arb„
2078 1251 2262 1285 l’arisienst,
2282 1256 2308 1279 et

1295 1301 1327 1329 R.
1349 1300 1382 1329 (le
1403 1301 1590 1338 Danfr0[n]t‚
1611 1301 1841 1337 Cenonzanensi,
1861 1303 2000 1331 Par-isius
2022 1305 2236 1337 commoranti,
2259 1313 2306 1333 ra-

1295 1354 1428 1382 nonicis.
1447 1353 1492 1382 Ex
1508 1357 1600 1391 part-e
1617 1353 1819 1383 venerabilis
1835 1372 1883 1383 —.
1902 1355 1975 1384 Dat.
1994 1359 2027 1385 nt
2045 1364 2155 1394 supra.
2176 1368 2189 1382 n

1372 1545 1486 1573 113³?

1332 1607 1475 1642 Episcopo
1487 1605 1656 1632 Zamoreusi
1668 1607 1783 1633 mandat
1799 1612 1942 1641 quatenus
1958 1608 2060 1634 fratres
2077 1610 2192 1636 militiae
2209 1610 2307 1638 Sancti

1294 1655 1407 1689 Jacobi,
1419 1655 1478 1689 qui,
1494 1663 1559 1681 cum
1575 1655 1704 1689 ipsorum
1719 1656 1856 1689 magister
1871 1657 1955 1682 vellet
1969 1661 2095 1684 castrum
2110 1658 2232 1693 Toraph,
2250 1668 2308 1694 quo

1295 1705 1427 1732 Romana
1451 1703 1580 1730 Ecclesia
1605 1704 1697 1730 fuerat
1723 1705 1858 1739 spoliata,
1885 1705 1945 1739 regi
1973 1705 2113 1733 Castellae
2137 1708 2307 1742 concedere,

1295 1753 1529 1781 contradixerant
1549 1755 1577 1778 et
1594 1756 1709 1787 propter
1726 1753 1780 1779 hoc
1795 1753 1828 1779 ad
1847 1753 1950 1780 Sedem
1967 1755 2165 1789 Apostolicam
2183 1757 2308 1791 appella-

1844 1546 1969 1580 Anagnt,
1987 1546 2020 1574 26
2038 1547 2141 1574 tem-ier
2161 1548 2234 1575 1233.

1294 1807 1405 1837 verant,
1419 1810 1473 1828 non
1486 1805 1595 1836 gravet,
1608 1801 1749 1828 adversus
1765 1802 1897 1828 eumdem
1916 1803 2085 1838 magistrum
2104 1813 2304 1839 processurus.

1295 1867 1327 1871 —
1345 1851 1428 1883 (Rno.
1449 1850 1489 1881 16,
1509 1851 1527 1877 s.
1545 1850 1637 1882 961-ος
1655 1859 1721 1877 aun.
1740 1850 1792 1885 Vl,
1807 1859 1834 1878 c.
1852 1851 1926 1884 332.)

1337 1966 1349 1980 «
1368 1976 1387 1981 ..
1407 1954 1541 1990 episcopo
1554 1954 1761 1981 Zamarrensi.
1780 1953 1910 1989 Quanto
1927 1954 2122 1985 carissimus
2135 1955 2170 1984 in
2186 1973 2235 1984 —.
2250 1956 2307 1987 Ce-

1295 2010 1413 2040 terum,
1436 2005 1513 2035 licet
1539 2005 1626 2034 idem
1654 2014 1710 2035 rex
1734 2005 1902 2043 [Castelle]
1926 2016 2025 2045 super
2050 2012 2156 2038 castro
2179 2009 2308 2048 Toraph

1293 2068 1407 2098 preces
1426 2067 1504 2089 suas
1522 2058 1617 2087 nobis
1634 2063 1664 2088 et
1681 2058 1809 2088 litteras
1826 2059 2012 2089 destinarit.
2027 2061 2104 2099 quia
2120 2065 2228 2092 tamen
2246 2063 2308 2093 Ro-

1293 2120 1390 2142 mana
1416 2110 1562 2141 Ecclesia
1588 2111 1649 2140 fuit
1674 2111 1744 2149 ipso
1767 2116 1889 2141 rastro.
1914 2113 2128 2150 pretermisso
2147 2115 2234 2153 juris
2254 2124 2308 2145 or-

1293 2165 1387 2195 dine.
1413 2163 1569 2203 spoliata.
1594 2172 1708 2202 preces
1732 2173 1808 2194 suas
1832 2165 2009 2203 nequimus
2030 2167 2197 2197 exaudire.
2222 2169 2306 2205 Quia

1291 2226 1369 2247 vero
1390 2217 1525 2256 quidam
1548 2217 1586 2246 de
1608 2217 1767 2247 fratribus
1788 2217 1907 2247 militie
1929 2218 2042 2248 Sancti
2062 2220 2190 2253 ι11100111,
2208 2221 2308 2251 intel-

1291 2269 1376 2300 lecto
1392 2270 1479 2309 quod
1495 2269 1654 2307 magister
1671 2279 1784 2300 eorum
1801 2270 1896 2301 vellet
1913 2275 2057 2301 castrum
2075 2273 2183 2311 ipsum
2200 2274 2307 2304 eidem

1292 2323 1363 2361 regi
1388 2323 1583 2357 concedere,
1609 2322 1778 2353 sororibus
1803 2323 1872 2353 suis
1897 2324 2109 2360 tradendum,
2132 2335 2190 2364 pro
2214 2336 2247 2356 se
2271 2336 2307 2357 ac

1291 2376 1452 2406 fratribus
1468 2375 1538 2405 suis
1550 2375 1745 2405 absentiluls
1759 2376 2023 2407 contradicentes
2037 2387 2200 2416 expresse.
2214 2389 2307 2418 prop·

1291 2434 1342 2459 ter
1358 2429 1419 2459 boc
1435 2429 1475 2459 ad
1492 2429 1609 2459 Sedem
1623 2429 1847 2467 Apostolieani
1861 2430 2080 2469 appellarunt.
2100 2433 2236 2469 [ut-satis
2254 2433 2307 2462 ab-

1292 2482 1445 2512 sentibus
1475 2486 1580 2511 ratam
1614 2481 1816 2511 habentibus
1849 2482 2102 2521 appellationi-nt
2136 2485 2304 2521 emissan),

1291 2539 1466 2574 postquam
1483 2535 1572 2565 veuit
1591 2535 1631 2563 ad
1649 2535 1801 2564 notitiam
1818 2536 2016 2568 eoruutlmu:
2035 2546 2108 2566 culn
2126 2547 2162 2567 ex
2179 2537 2239 2567 hor
2255 2538 2306 2567 in-

1292 2587 1475 2626 culpabiles
1491 2596 1563 2617 esse
1579 2592 1768 2623 nost-antur,
1787 2592 1815 2617 et
1834 2598 1917 2625 pena
1936 2598 1999 2617 uon
2018 2589 2057 2617 sit
2075 2589 2213 2619 ulterius
2231 2600 2305 2628 pro-

1292 2641 1464 2672 trahenda,
1479 2650 1578 2680 quam
1590 2640 1747 2670 delirtum
1765 2641 1862 2669 suerit
1883 2641 1914 2669 111
1933 2642 2109 2671 exretleute
2125 2648 2302 2680 repertum.

1293 2693 1385 2724 nulla
1396 2698 1445 2723 est
1459 2694 1507 2724 eis
1521 2702 1604 2732 pena
1619 2693 1736 2722 exinde
1748 2693 1939 2729 infligenda.
1956 2693 2096 2732 Ideoque
2109 2695 2304 2724 mamlzuuus

1293 2752 1468 2786 quatenus,
1488 2747 1516 2776 si
1533 2751 1581 2777 est
1594 2747 1651 2777 ita.
1668 2746 1701 2775 111
1720 2746 1821 2776 nullo.
1838 2747 2027 2785 hujusmodi
2042 2747 2225 2777 occasione.
2243 2749 2303 2777 fra-

1326 2867 1346 2891 1.
1365 2866 1505 2895 Potthast,
1522 2866 1629 2897 d'apres
1651 2866 1767 2896 Ripoui,
1785 2867 1942 2889 Butlariurn
1962 2868 2207 2890 Praedicalnrurn.
2229 2867 2304 2897 place

1293 2914 1365 2936 cetto
1382 2912 1455 2935 bulle
1471 2918 1505 2935 au
1522 2913 1557 2934 V!
1571 2912 1706 2934 kalendas
1722 2911 1819 2933 martit
1831 2911 1870 2939 (τε
1883 2908 1910 2933 ‘ll
1929 2909 2047 2938 sevi-ier).
