2498 3242
186 187 240 218 601

185 254 312 282 rinensis
321 254 477 289 dioecesis,
488 255 665 282 Matthaeum
680 255 715 281 de
727 254 856 289 Camera,
869 255 934 282 olim
949 256 975 282 in
989 256 1106 282 servitio
1119 256 1195 290 epis-

185 303 250 339 copi
267 303 464 338 Belvacensis,
479 304 527 330 illo
543 306 672 338 tempore
689 303 833 330 Marchiae
849 303 1048 330 Anconitanum
1064 304 1194 338 rectoris,

187 360 220 380 ac
231 361 281 387 per
296 360 480 387 consequens
496 352 644 379 Ecclesiae
655 353 839 387 existentem,
853 353 983 387 nequiter
997 361 1100 388 capere
1115 362 1197 388 prae-

190 401 400 436 sumpsissent,
421 409 507 436 quem
528 401 622 436 ipsius
638 401 724 428 castri
741 409 895 428 commune
909 402 1015 428 tamdiu
1030 403 1198 437 permiserat

187 449 319 482 retineri,
335 449 428 476 donec
449 458 500 485 pro
515 449 713 484 redemptione
731 458 783 477 sua
799 455 918 477 coactus
934 455 1012 477 esset
1028 451 1071 477 eis
1086 452 1197 478 solvere

186 499 340 533 quamdam
367 500 506 534 pecuniae
530 500 730 534 quantitatem,
757 508 881 534 cumque
911 500 984 526 idem
1012 500 1199 527 Belvaconsis

187 548 346 583 episcopus
366 548 518 574 statuisset
538 551 569 574 ut
585 548 729 582 quaelibet
749 549 942 575 communitas
962 549 1063 575 damna
1081 557 1153 583 quae
1170 550 1198 576 in

189 595 282 631 ipsius
310 595 452 622 territorio
482 596 600 630 flerent,
624 597 778 624 restituere
800 601 956 628 teneretur,
982 613 1014 617 —
1040 598 1198 633 praefatum

187 652 342 671 commune
362 645 450 671 castri
472 644 508 671 de
530 644 631 680 Laper.
648 645 822 679 compellant
843 650 873 672 ut
894 646 1039 680 praedicto
1055 645 1199 672 Matthaeo

186 693 222 719 de
251 693 365 720 damnis
389 698 418 720 et
442 694 581 729 expensis
605 694 774 720 satisfaciat.
799 708 836 714 —
864 694 960 727 (Rau.⁴
978 695 1026 729 16,
1051 695 1069 721 f.
1096 694 1128 721 67
1157 701 1197 726 r⁰;

187 750 254 770 ann.
274 742 324 775 VI=
341 751 365 770 c.
384 743 459 776 234.)

230 870 243 885 «
275 860 403 888 l'icariis
425 859 529 888 dilecti
549 860 611 896 filii
631 860 730 888 ¹nostri
753 860 792 893 J.,
817 860 902 888 tituli
921 860 1030 888 Sancte
1054 859 1200 887 Praxedis

184 911 346 948 presbiteri
359 911 540 946 cardinalis,
555 912 689 940 Maro-hie
699 913 719 940 Α
727 920 801 940 tiron
809 912 889 940 itane
901 912 1035 940 rectoris.
1051 910 1200 940 Dilectus

187 962 277 993 filius
295 963 448 994 Mattheus
461 981 510 992 —.
528 965 602 994 Dat.
621 964 785 1001 Anagnie.
804 964 834 993 II
852 963 926 993 idus
937 963 1096 1002 januarii,
1113 972 1199 993 anuo

185 1021 287 1047 sexto.
308 1030 320 1043 >i

259 1235 368 1264 1031

746 1235 873 1268 Anagui,
890 1233 903 1259 4
919 1234 1032 1267 janvier
1051 1233 1127 1260 ¹233.

221 1304 453 1339 Archiepiscopo
471 1303 633 1331 Senonensi
650 1303 766 1330 mandat
781 1308 935 1338 quatenus,
947 1318 983 1323 —
997 1312 1074 1335 cum,
1090 1304 1115 1329 si
1131 1312 1201 1330 con—

186 1354 278 1389 tingat
293 1353 469 1380 abbatissam
483 1356 511 1379 et
522 1356 697 1380 conventum
710 1352 809 1378 Sancti
819 1351 928 1378 «Iuliani
940 1351 1200 1383 Autisiodooensis,

188 1402 299 1429 ordinis
309 1401 401 1428 sancti
413 1401 573 1432 Benedicti,
587 1409 675 1436 super
685 1400 852 1427 hominibus
863 1404 912 1426 aut
923 1401 1009 1427 rebus
1021 1400 1093 1429 aliis.
1106 1408 1203 1427 coram

187 1451 356 1486 apostolicis
384 1449 525 1485 delegatis
550 1451 720 1485 episcopum
750 1448 1021 1476 Autisiodorensem
1034 1469 1040 1482 ‚
1069 1449 1204 1475 comitem

186 1498 351 1534 Jovigniaci
366 1503 395 1526 et
410 1499 552 1534 quosdam
567 1499 639 1526 alios
656 1499 778 1525 clericos
793 1502 821 1524 et
837 1498 926 1524 laicos
937 1497 1127 1532 Senonensis,
1140 1497 1206 1524 Au-

189 1548 393 1576 tisiodorensis
409 1552 438 1574 et
451 1547 597 1574 Eduensis
616 1547 793 1574 dioecesium
810 1547 922 1573 trahere
938 1547 966 1573 in
983 1554 1109 1578 causam,
1128 1547 1206 1582 epis-

191 1605 284 1633 copus
295 1601 323 1623 et
334 1597 380 1623 alii
398 1597 558 1632 supradicti
573 1596 679 1623 saciant
695 1604 744 1622 eas
759 1600 788 1622 et
802 1604 900 1622 earum
917 1595 1057 1622 ecclesiae
1074 1595 1207 1622 homines

191 1654 242 1681 per
263 1646 396 1672 diversas
416 1645 527 1672 litteras
549 1645 584 1672 ab
606 1645 775 1680 Apostolica
796 1644 871 1671 Sede
890 1644 926 1671 ad
945 1644 1077 1671 diversos
1094 1643 1208 1680 judices

189 1694 325 1721 obtentas
341 1702 438 1721 coram
456 1695 500 1721 eis
515 1694 606 1726 citari,
619 1697 660 1724 ut,
676 1693 811 1727 fatigatae
827 1692 973 1719 laboribus
989 1697 1017 1719 et.
1031 1693 1178 1728 expensis,
1191 1702 1207 1720 a

189 1743 396 1778 prosecutione
415 1744 495 1778 juris
519 1744 565 1770 sui
591 1743 733 1770 desistere
758 1742 978 1777 compellantur,
1002 1756 1037 1762 -—
1060 1742 1136 1777 ipse,
1159 1743 1207 1769 cui

189 1800 278 1819 causa
288 1801 362 1827 quae
375 1793 448 1819 inter
461 1792 550 1826 ipsas,
565 1800 600 1818 ex
618 1799 673 1818 una
687 1794 776 1826 parte,
788 1794 816 1817 et
831 1791 1000 1825 episcopum
1017 1790 1204 1822 antedictum,

187 1849 224 1867 ex
241 1841 342 1872 altera,
360 1841 540 1872 vertebatur,
558 1841 715 1867 commissa
735 1839 893 1874 apostolica
913 1839 1082 1866 auctoritate
1098 1840 1204 1873 fuerat,

189 1891 300 1918 litteras
315 1890 498 1925 supradictas
513 1890 569 1917 sibi
584 1889 670 1916 faciat
681 1889 821 1922 exhiberi,
833 1889 908 1924 quod
921 1891 1034 1924 jttstum
1051 1889 1137 1915 suerit
1146 1888 1207 1916 sac-

188 1943 284 1967 turuS.
300 1954 333 1958 —
348 1939 430 1973 (Rae.
449 1939 492 1970 16,
510 1939 528 1965 f.
546 1939 579 1966 67
596 1945 635 1972 r⁰;
658 1947 726 1966 ann.
742 1937 796 1972 VI,
812 1946 838 1966 c.
854 1937 923 1970 235;
941 1954 974 1958 —
989 1937 1110 1966 Monam
1126 1938 1205 1972 1187,

188 1988 209 2016 f.
226 1988 300 2021 406.)

233 2117 245 2130 α
267 2128 286 2133 ..
309 2105 534 2142 archiepiscopo
551 2103 728 2133 Senonensi.
747 2103 792 2132 Ex
810 2106 901 2140 parte
917 2102 1139 2140 dil[ectarum]
1154 2119 1203 2130 -—.

191 2158 266 2188 Dat.
284 2157 447 2195 Anagnie.
465 2157 498 2186 II
512 2165 617 2186 nonas
630 2155 789 2195 januarii,
805 2164 892 2185 anno
908 2158 1010 2186 sexto.
1031 2167 1044 2181 n

267 2376 287 2403 Ι
295 2375 384 2404 032

229 2443 409 2477 Hartmanni‚
427 2443 544 2471 comitis
558 2443 594 2470 de
610 2442 739 2470 Kiburcb
761 2443 800 2477 (ε
814 2442 947 2477 Kyburg)
958 2462 964 2474 ,
981 2441 1207 2468 sollicitudinem

193 2492 229 2520 ad
241 2492 414 2519 haereticam
432 2492 599 2528 pravitatem
610 2491 826 2527 exstirpandam
836 2490 987 2522 collaudat,
1000 2498 1125 2525 eumque
1140 2498 1207 2517 eum

193 2542 258 2568 suis
280 2541 364 2568 bonis
389 2542 443 2568 sub
470 2541 545 2568 beati
571 2540 648 2567 Petri
675 2544 703 2567 et
727 2548 780 2567 sua
804 2539 984 2575 protectione
1009 2539 1144 2573 suscipit.
1173 2554 1207 2558 —

199 2589 281 2622 (Rae.
302 2590 342 2620 16,
364 2589 384 2616 s.
405 2589 438 2616 67
459 2595 503 2623 νος
527 2597 595 2617 ann.
623 2588 672 2620 VI,
698 2597 724 2616 c.
747 2588 815 2621 23&
838 2602 870 2608 -
894 2587 1064 2615 Romaniano
1088 2587 1156 2622 503;
1175 2603 1207 2607 —

193 2637 223 2665 J.
240 2637 421 2669 Bannouitm,
437 2638 505 2665 Acta
520 2639 685 2671 Pontificum
703 2638 848 2668 Helvetico,
867 2640 887 2664 t.
902 2635 926 2670 1,
944 2642 974 2663 11ο
992 2636 1062 2668 159.)

755 2373 881 2408 Anagni‚
897 2374 913 2400 8
926 2372 1040 2408 janvier
1055 2372 1133 2399 1233.

240 2766 253 2780 «
277 2754 377 2783 Nobili
394 2755 461 2783 viro
476 2753 687 2788 Hartmanno,
707 2753 812 2782 comiti
828 2752 862 2781 de
879 2743 1025 2781 Kiburch.
1044 2749 1134 2781 Solet
1149 2759 1209 2781 an-

199 2815 302 2837 nuere
325 2811 385 2836 etc.
409 2823 457 2835 —.
481 2807 555 2836 Dat.
579 2805 748 2844 Anagnie,
770 2805 815 2835 VI
838 2804 913 2834 idus
932 2803 1098 2844 januarii,
1122 2812 1210 2834 anno

199 2863 301 2891 sexto.
322 2872 334 2885 n

1058 181 1240 221 SIXIEME
1262 183 1421 221 ANNEE.

2236 197 2291 227 602

1353 257 1468 286 1033
1823 258 1947 293 Anagni,
1970 260 1996 285 11
2012 261 2126 294 janvier
2145 260 2219 288 12:33.

1314 317 1505 349 Guderadam,
1534 319 1648 346 viduam
1674 319 1885 353 coloniensem,
1913 321 1967 347 sub
1996 321 2153 356 apostolica
2179 327 2293 357 protec-

1279 366 1356 392 tione
1379 367 1502 402 suscipit
1521 371 1551 394 et
1571 369 1635 403 ejus
1654 369 1726 395 bona
1746 369 1904 396 contii-inat.
1929 385 1961 389 —
1982 370 2066 402 (Rau.
2092 371 2136 406 to,
2159 371 2177 397 f.
2198 372 2230 399 67
2249 377 2290 405 v⁰;

1280 423 1346 442 ann.
1366 415 1414 446 vt,
1433 424 1458 442 c.
1475 416 1549 449 237.)

1323 529 1336 543 «
1363 518 1559 555 Gittle1·c1d[e],
1579 518 1669 547 vidua
1685 520 1865 548 Coloniensi.
1886 520 1969 550 Cum
1992 530 2008 549 a
2029 521 2124 551 nobis
2145 539 2192 550 —.
2218 523 2291 552 Dat.

1282 570 1445 607 Anagnffl,
1465 571 1513 600 III
1530 571 1605 600 idus
1618 571 1777 610 januarii,
1797 581 1884 602 anno
1901 578 2001 603 sexto.
2023 587 2035 600 η

1355 721 1471 750 1034
1825 724 1950 757 Anagni,
1972 725 1998 751 14
2014 726 2127 758 janvier
2147 727 2221 754 ¹233.

1318 790 1435 817 Decano
1451 794 1479 817 et
1494 791 1697 819 archidiacono
1715 792 1995 826 Ostrevanensibus,
2013 798 2040 821 et
2056 794 2107 821 W.
2125 795 2159 821 de
2179 796 2292 831 l’alude,

1282 839 1421 866 canonico
1443 839 1644 873 Atrebatensi‚
1663 844 1762 867 notum
1779 841 1845 868 facit
1864 850 1895 868 se
1914 843 2025 877 ipsum,
2044 858 2076 862 —
2095 852 2160 870 cum
2177 852 2294 872 causam

1282 889 1356 914 inter
1379 888 1535 914 canonicos
1557 888 1654 915 Sancti
1676 889 1859 924 Leodegarfi,
1877 899 1910 917 ex
1931 900 1984 917 una
2002 896 2093 926 parte,
2111 896 2139 918 et
2154 893 2295 920 decanum

1281 940 1310 964 et.
1334 937 1492 972 capitulum
1517 938 1657 965 ecclesiae
1679 938 1778 965 Sancti
1804 939 1921 966 Fui-saei
1945 940 2128 974 peronensis,
2153 942 2295 970 dioecesis

1282 985 1496 1017 Noviomensis,
1513 994 1548 1012 ex
1564 987 1661 1017 altera.
1681 995 1769 1022 super
1784 988 1938 1015 cotidianis
1954 989 2208 1017 distributionibus
2223 1000 2295 1026 quas

1281 1033 1368 1060 iidem
1384 1035 1516 1061 canonici
1532 1035 1560 1061 in
1576 1035 1698 1062 ecclesia
1715 1036 1814 1062 cadem
1833 1038 1978 1072 petebant,
1991 1042 2129 1070 exortam,
2147 1040 2209 1074 ipse
2225 1049 2296 1075 papa

1282 1083 1390 1110 decano
1411 1083 1510 1110 Sancti
1533 1083 1608 1110 Petri
1630 1083 1834 1112 Laudunensis
1854 1087 2072 1114 examinandam
2089 1089 2295 1120 commisisset.

1281 1140 1416 1166 cumque,
1427 1132 1527 1158 eodem
1544 1131 1642 1159 Sancti
1661 1132 1735 1159 l'etri
1751 1133 1860 1161 decano
1873 1134 1998 1169 Roget-io
2015 1136 2049 1162 de
2060 1136 2216 1171 Tavelllis]‚
2229 1146 2294 1164 con-

1282 1181 1422 1207 canonico
1438 1188 1501 1211 suo,
1514 1181 1593 1207 vices
1609 1189 1677 1208 suas
1693 1182 1900 1214 committente,
1914 1184 2039 1212 tandem.
2053 1189 2117 1219 post
2128 1186 2296 1220 appellatio-

1284 1237 1347 1255 nem
1366 1230 1601 1263 procuratoribus
1618 1231 1769 1265 utriusque
1786 1233 1875 1266 partis
1890 1233 1964 1267 apud
1982 1233 2085 1260 Sedein
2097 1234 2295 1269 Apostolicam

1283 1278 1450 1304 constitutis
1481 1278 1694 1313 Slinibalduml,
1722 1278 1796 1306 tituli
1827 1281 1925 1307 Sancti
1956 1281 2099 1309 Laurentii
2130 1284 2157 1309 in
2188 1284 2296 1311 Lucina

1285 1326 1485 1360 presbyterum
1502 1327 1685 1358 cardinalem,
1700 1328 1761 1362 ipse
1774 1337 1845 1363 papa
1857 1329 1985 1356 dedisset
1999 1331 2169 1364 auditori-m,
2179 1347 2215 1352 —
2225 1340 2295 1359 con-

1286 1374 1498 1400 demnationem
1524 1375 1551 1400 iu
1576 1384 1626 1402 sex
1649 1378 1753 1402 marcis
1777 1377 1811 1403 ab
1832 1378 1932 1404 codem
1959 1378 1989 1405 S.
2011 1384 2110 1406 contra
2128 1381 2295 1407 Albericum

1286 1423 1472 1453 canonicum,
1491 1421 1592 1449 Sancti·
1606 1423 1771 1457 Leodegarii
1789 1430 2017 1460 procuratorem,
2037 1434 2152 1463 propter
2168 1429 2295 1456 fraudem

1288 1471 1516 1505 pronuntiatam,
1546 1472 1730 1506 confirmare,
1762 1474 1861 1508 cisque
1894 1476 2007 1502 mandat
2038 1482 2181 1511 quatenus
2217 1487 2297 1513 prae-

1287 1519 1396 1546 dictum
1422 1524 1635 1554 procuratorem
1665 1521 1699 1547 ad
1726 1523 1898 1549 solutionem
1927 1525 2038 1551 illarum
2062 1534 2113 1552 sex
2137 1536 2296 1554 marcarum

1288 1572 1404 1602 cogant.
1426 1582 1461 1588 —
1475 1568 1556 1603 (Rea.
1580 1570 1625 1601 16,
1643 1571 1661 1597 l'.
1680 1571 1712 1598 67
1731 1578 1774 1602 v⁰;
1791 1580 1858 1598 ann.
1879 1572 1926 1604 vt,
1945 1582 1971 1600 c.
1988 1575 2062 1607 20³8.)

1331 1682 1344 1696 «
1370 1693 1388 1699 ..
1411 1670 1522 1700 decano
1538 1676 1564 1700 et
1580 1695 1598 1700 ..
1625 1673 1843 1703 archidiacono
1860 1675 2138 1706 Oxii-enanensibus.
2156 1683 2181 1706 el
2209 1679 2245 1706 W.
2266 1679 2299 1707 (Ie

1288 1723 1418 1759 Panare,
1438 1726 1585 1753 canonico
1603 1726 1801 1755 Atrebatensi.
1820 1727 1902 1757 Cum
1923 1738 2058 1758 causam
2078 1740 2141 1768 que
2158 1748 2206 1759 —.
2224 1732 2298 1761 Dat.

1288 1776 1453 1813 Anagnie‚
1468 1777 1600 1807 XVIIII
1616 1777 1774 1809 kalendas
1791 1780 1963 1811 februarii.
1981 1792 2068 1812 anno
2085 1788 2186 1813 sexto.
2205 1798 2217 1809 »

1363 1936 1383 1963 1
1390 1934 1481 1964 035

1832 1939 1957 1973 Anagni,
1978 1941 2004 1966 11
2019 1941 2134 1974 janvier
2153 1942 2228 1970 1‘233.

1325 2002 1536 2037 At.,1nagisu·o
1550 2006 1693 2031 scolarum
1711 2005 1879 2037 Mutinensi.
1897 2009 2010 2035 mandat
2024 2015 2168 2043 quatenus
2184 2019 2300 2038 excom-

1288 2051 1494 2077 municationis
1514 2054 1685 2080 seutentiam
1704 2054 1731 2080 in
1750 2054 1898 2081 Nicolaum
1915 2057 1949 2082 de
1967 2057 2104 2089 Dovaria,
2123 2060 2214 2085 civem
2231 2059 2300 2086 Cre-

1288 2106 1468 2131 monensem,
1492 2109 1508 2126 a
1531 2100 1577 2131 G..
1601 2101 1715 2137 Regino
1736 2105 1885 2139 canonico,
1909 2107 2127 2140 promulgatam.
2149 2109 2231 2134 saciat
2252 2117 2301 2144 per

1288 2146 1487 2175 Lombartliam
1511 2153 1539 2175 ct
1566 2150 1763 2178 Romaniolam
1790 2153 1933 2186 innovari;
1965 2159 2109 2188 praeterea
2135 2157 2243 2184 inhibet
2267 2167 2300 2184 nc

1288 2196 1485 2224 Ariminensis
1496 2201 1690 2226 communitas
1703 2201 1878 2235 praedictum
1892 2202 2041 2230 Nicolaum
2055 2205 2080 2230 in
2093 2208 2191 2232 suam¹
2207 2211 2301 2241 potes-

1288 2248 1375 2271 tatem
1408 2247 1541 2281 recipiat,
1573 2249 1718 2275 nonnullis
1756 2250 1898 2277 mandatis
1926 2252 1960 2278 ad
1991 2253 2045 2280 hoc
2081 2254 2236 2288 adjunctis.
2269 2271 2301 2275 —

1291 2293 1372 2327 (Rae.
1392 2295 1433 2326 16,
1451 2295 1469 2321 f.
1487 2296 1520 2323 68
1537 2302 1579 2328 r⁰;
1597 2306 1663 2325 ann.
1684 2298 1733 2331 Vl,
1751 2307 1776 2325 c.
1794 2300 1870 2333 ⁵239.)

1331 2408 1344 2422 (t
1366 2397 1425 2432 Al„
1449 2400 1597 2436 viaqt'stro
1612 2401 1763 2430 scolarum
1786 2403 1961 2433 Mutinensi.
1987 2405 2093 2435 Grave
2111 2406 2256 2442 gerimus
2273 2411 2303 2437 et

1289 2447 1468 2487 indignum
1484 2452 1588 2490 quod,
1607 2453 1692 2483 sicut
1709 2454 1849 2485 dilectus
1866 2455 1955 2486 tilius
1969 2457 2021 2493 G„
2039 2458 2189 2495 Reginus
2205 2468 2304 2490 cano-

1289 2500 1401 2537 nicus,
1422 2502 1517 2533 nohis
1535 2504 1725 2543 significare
1751 2508 1893 2543 curavit,
1912 2509 2071 2540 Nicolaitis
2094 2510 2133 2540 tle
2150 2512 2302 2547 Dovaria,

1290 2554 1373 2585 civis
1389 2555 1644 2595 Cremonensis,
1663 2561 1829 2599 quondam
1846 2566 1990 2600 potestas
2008 2564 2151 2601 Regina.
2171 2565 2305 2595 Preshi-

1289 2607 1447 2644 terinum‚
1461 2609 1675 2641 tabellionem
1687 2613 1832 2643 civitatis
1847 2615 1985 2651 Regino,
2004 2609 2139 2654 eoquod
2155 2616 2194 2645 ad
2210 2626 2305 2647 man-

1290 2659 1403 2690 datum
1419 2661 1525 2700 ipsius
1541 2665 1683 2694 confecit
1705 2665 1964 2697 instrumentum
1986 2668 2199 2699 inhibitionis
2220 2670 2305 2701 facte

1326 2779 1345 2803 l.
1363 2779 1589 2806 Consormc'meut
1610 2791 1665 2807 aux
1687 2784 1810 2809 tlonnces
1831 2786 1866 2809 du
1888 2788 2020 2816 Reqistre,
2042 2795 2112 2811 nous
2132 2795 2302 2813 conservens

1292 2830 1326 2846 au
1344 2827 1400 2848 mot
1413 2827 1545 2855 Potestas,
1561 2827 1629 2851 dans
1647 2829 1670 2852 lc
1686 2835 1749 2853 sens
1764 2830 1797 2853 tle
1812 2832 1948 2857 Podestal.
1964 2831 1988 2854 lc
2001 2838 2084 2862 genre
2099 2832 2223 2863 seminia,
2239 2834 2301 2857 bien

1293 2874 1347 2898 que
1363 2869 1388 2892 le
1406 2871 1540 2894 masculin
1556 2872 1649 2902 puisse
1665 2874 1784 2898 semblcr
1798 2875 1858 2905 plus
1871 2875 2000 2906 regulier.
