2498 3242
197 255 254 286 633
1068 248 1249 287 stxlnME
1271 249 1431 287 ANNEE.
2247 262 2304 293 634

197 321 315 352 christi,
334 321 483 348 Massanae
502 321 662 356 dioecesis,
683 321 776 348 ordini
793 321 1005 348 camaldulensi
1026 322 1210 357 incorporare

197 370 322 398 studeat.
339 384 373 390 -
389 369 473 403 (Rae.
496 370 534 401 16,
552 370 572 398 s.
589 370 622 398 90
639 376 684 401 v⁰;
703 379 770 398 anti.
788 369 839 401 VI,
854 379 880 399 ο.
895 372 970 403 ἳῦἵ.)

239 497 253 511 «
280 507 302 514 ..
326 486 429 523 priori
453 485 693 514 Camaldulensi.
723 485 815 515 Sicut
845 485 1048 523 accepimus,
1078 494 1210 515 monas-

199 537 319 568 terium
343 537 467 567 Montis
492 537 637 573 Christi,
664 538 844 575 Massanje]
869 538 1029 568 diocesis.
1059 538 1145 576 quod
1171 537 1211 567 ad

198 590 382 620 Romanam
398 589 581 620 Ecclesiam
600 590 722 620 dicitur
741 590 832 621 nullo
851 591 958 621 medio
977 591 1154 629 pertinere,
1175 590 1210 619 in

197 642 431 681 spiritualibus
454 647 485 672 et
511 643 760 681 temporalibus.
778 648 911 682 propter
927 643 1090 673 malitiam
1114 643 1211 673 habi-

198 695 341 725 tantium
360 695 394 725 in
414 696 539 726 eodem.
558 696 638 726 adeo
655 701 704 726 est
718 696 911 735 collapsum,
928 696 1014 735 quod
1030 696 1122 726 nulla
1136 705 1211 734 spes

197 751 247 778 est
263 747 302 778 de
318 752 437 782 cetero,
454 748 541 787 quod
554 757 727 786 resurgere
744 749 779 778 in
797 749 912 779 ordine
930 758 989 779 suo
1004 749 1119 787 possit,
1138 753 1211 778 tan-

199 805 318 840 tusque
337 800 460 830 clamor
479 801 520 830 ad
537 801 663 831 clerum
680 805 711 831 et
729 801 887 840 populum
905 802 944 831 de
963 802 1110 840 ipsorum
1129 801 1212 831 acti-

197 853 259 884 bus
278 854 464 892 nephandis
484 854 644 889 ascendit,
663 854 749 893 quod
767 854 910 889 eosdem,
930 858 1087 893 tanquam
1102 854 1211 893 lepro-

197 915 251 936 sos
274 910 305 937 et
328 907 534 937 immundos.
562 907 712 937 universi
737 907 871 945 cupiant
894 907 1012 938 exinde
1034 908 1209 938 removeri.

197 959 311 998 Nuper
330 960 419 990 enim
436 960 594 990 dilectum
612 960 719 990 lilium
738 960 786 995 C.‚
808 960 961 990 abbatem
979 961 1127 999 ejusdcm
1146 970 1210 991 mo—

197 1012 348 1046 nasterii,
369 1021 426 1050 pro
445 1021 482 1042 eo
499 1013 587 1051 quod
601 1013 690 1051 ipsos
707 1013 748 1042 ad
763 1012 950 1049 regularem
964 1013 1211 1043 observantiam

196 1064 386 1098 inducebat,
414 1066 512 1100 same,
539 1065 651 1096 inedia
679 1070 709 1096 et
737 1065 813 1096 aliis
837 1066 1040 1096 cruciatibus
1064 1067 1210 1104 corporis

196 1118 312 1148 cedere
335 1118 576 1156 compulerunt.
597 1119 635 1148 Et
656 1118 731 1148 licet
754 1119 979 1149 visitationem
1001 1123 1031 1149 et
1050 1120 1210 1149 reforma·
1248 1137 1250 1141 ·

199 1171 322 1201 tionem
343 1171 449 1209 ipsius
468 1171 662 1201 monasterii
681 1171 812 1201 dilectis
831 1171 910 1200 tiliis
926 1194 945 1200 ..
966 1172 1076 1201 abbati
1097 1172 1209 1201 Sancti

198 1223 295 1254 Pauli
319 1224 358 1253 de
382 1224 465 1262 Ripa
484 1224 567 1253 Arni
591 1224 706 1254 Pisani
730 1228 761 1253 et
786 1247 804 1252 ..
829 1224 931 1262 priori
953 1224 1066 1253 Sancti
1088 1224 1208 1253 Donati

197 1277 324 1307 Lucani
349 1277 541 1307 duxerimus
568 1277 854 1311 committendam,
879 1276 991 1306 nullus
1019 1281 1129 1305 tamen
1152 1285 1209 1314 per

197 1339 264 1365 eos,
287 1330 373 1360 sicut
398 1329 636 1365 intelleximus,
663 1329 798 1359 habitus
821 1334 870 1359 est
892 1338 1078 1367 processus.
1098 1330 1207 1365 Quare

196 1382 292 1413 nobis
312 1383 376 1412 suit
396 1382 570 1412 humiliter
587 1382 809 1420 supplicatum
826 1387 877 1417 ut,
897 1391 972 1412 cum
994 1382 1119 1411 dictum
1137 1390 1207 1411 mo-

147 1445 151 1449 ·
196 1436 380 1466 nasterium
407 1435 561 1466 credatur
588 1444 684 1474 posse
709 1445 767 1474 per
793 1436 913 1466 fratres
939 1435 1206 1466 Camaldulensis

193 1489 321 1520 ordinis
338 1489 524 1523 reformari,
541 1506 580 1510 -—
598 1489 647 1518 eis
663 1488 740 1518 inde
755 1488 885 1523 amotis,
903 1477 1089 1518 faceremus
1104 1488 1139 1517 in
1155 1488 1205 1526 ip-

192 1551 268 1573 sum
283 1542 525 1572 monasterium
542 1542 727 1580 predictum
743 1542 895 1572 ordinem
911 1541 1090 1571 introduci.
1108 1541 1205 1571 Unde

190 1595 311 1626 dilecto
335 1595 404 1625 tilio
428 1618 448 1624 ..
475 1595 578 1625 electo
605 1595 786 1632 Massan[o]
813 1594 963 1625 districte
991 1594 1204 1632 precipiendo

189 1648 422 1678 mandavimus
434 1652 480 1683 ut,
493 1648 621 1686 prefato
633 1647 750 1677 abbate
763 1647 803 1677 ad
814 1647 939 1677 dictum
950 1647 1202 1682 monasterium,

189 1709 255 1732 non
266 1701 418 1731 obstante
431 1700 582 1731 cessione
595 1700 799 1739 hujusmodi,
814 1700 971 1738 primitus
982 1700 1148 1735 restituto,
1167 1708 1204 1729 ac

188 1753 362 1784 monachis
382 1758 414 1784 et
437 1753 607 1784 conversis
625 1753 774 1792 ejusdem
794 1753 989 1783 monasterii
1012 1752 1203 1783 nolentibus

189 1806 341 1837 ordinem
359 1805 651 1837 Camaldulensem
669 1814 856 1841 assumere,
875 1805 1071 1836 auctoritate
1090 1809 1204 1836 nostra

189 1859 225 1889 in
244 1858 321 1889 aliis
340 1859 553 1889 monasteriis
570 1859 622 1889 sui
641 1859 769 1889 ordinis
787 1858 968 1891 collocatis.
988 1859 1123 1889 inducat
1140 1858 1204 1889 Ca-

190 1911 433 1943 maldulensem
462 1912 614 1942 ordinem
640 1912 675 1941 in
701 1912 941 1942 monasterium
966 1915 1200 1948 memoratum,

192 1964 284 1995 salvo
296 1965 370 2004 jure
387 1963 563 2003 cujuslibet
581 1965 616 1993 in
632 1964 700 1994 hiis
719 1973 782 2003 que
799 1973 865 1994 non
881 1964 1016 1994 obviant
1032 1964 1138 2003 ipsius
1155 1972 1203 1993 or-

193 2018 283 2048 dinis
298 2018 475 2053 institutis,
491 2018 643 2048 invocato
660 2018 700 2047 ad
718 2017 790 2053 hoc,
809 2018 838 2047 si
855 2026 937 2056 opus
951 2016 1063 2052 suerit,
1079 2016 1204 2047 auxilio

194 2071 323 2102 brachii
348 2070 520 2101 secularis.
547 2071 814 2101 Contradictores
837 2074 898 2100 etc.
925 2070 990 2100 Sed
1013 2078 1105 2105 cuni,
1126 2078 1204 2099 con-

194 2128 296 2155 ventu
311 2124 460 2163 ejusdem
471 2123 678 2155 monasterii,
692 2132 749 2162 per
761 2127 1008 2162 procuratorem
1020 2121 1202 2161 proprium,

195 2186 230 2208 se
253 2180 485 2215 suscepturum
511 2185 609 2215 quem
625 2175 800 2206 mallemus
818 2176 979 2211 ordinem,
995 2175 1205 2214 postmodum

194 2230 369 2263 offerente,
398 2229 688 2260 Camaldulensem
714 2229 865 2259 ordinem
892 2228 1139 2267 preceperimus
1169 2228 1204 2258 in

193 2282 309 2313 eodem
336 2282 538 2312 monasterio
566 2286 724 2321 perpetuo
753 2281 894 2311 firmiter
925 2281 1112 2317 observari,
1142 2280 1204 2310 tibi

193 2335 327 2374 tuisque
345 2334 595 2365 successoribus
614 2334 802 2372 corrigendi
820 2338 851 2364 et
869 2333 1084 2369 reformandi,
1104 2333 1204 2363 insti-

192 2390 308 2421 tuendi
326 2394 357 2420 et
375 2389 590 2424 destituendi,
606 2393 672 2419 tam
686 2389 720 2418 in
734 2389 841 2427 capite
860 2398 960 2427 quam
977 2389 1012 2418 in
1030 2388 1202 2423 membris,

192 2443 227 2473 in
252 2443 366 2474 eodem
384 2442 597 2476 monasterio,
618 2446 810 2481 perpetuam
827 2441 1039 2471 concedimus
1054 2440 1204 2479 plenarie

191 2499 399 2535 potestatem.
433 2495 577 2534 Ideoque
610 2495 805 2525 discretioni
840 2499 895 2525 tue
928 2503 986 2533 per
1023 2494 1205 2533 apostolica

191 2549 315 2588 scripta
337 2548 487 2578 districte
508 2548 721 2587 precipiendo
741 2547 938 2578 mandamus
957 2551 1133 2586 quatenus,
1151 2556 1204 2578 re-

192 2601 296 2641 ceptis
308 2600 532 2640 presentibus,
547 2600 767 2639 personaliter
780 2601 821 2630 ad
836 2601 1077 2631 monasterium
1094 2600 1204 2639 ipsum

192 2653 364 2689 accedens,
382 2653 531 2692 illudque
547 2662 622 2683 cum
637 2653 838 2683 obedientiis
854 2657 885 2683 et
902 2653 1117 2692 pertinentiis
1133 2653 1204 2683 suis

192 2706 370 2746 recipiens,
385 2706 596 2744 incorporare
613 2706 747 2737 studeas
762 2706 872 2736 ordini
888 2706 1088 2745 supradicto,
1106 2705 1205 2737 corri-

193 2759 300 2798 gendo
325 2763 355 2790 et
378 2759 588 2789 reformando
612 2758 754 2794 ibidem,
778 2763 844 2789 tam
867 2759 902 2789 in
922 2759 1029 2798 capite
1051 2767 1151 2798 quam
1169 2758 1204 2789 in

194 2811 372 2847 membris,
390 2820 454 2851 que
474 2811 690 2842 correctionis
708 2815 740 2842 et
757 2811 1005 2842 reformationis
1020 2811 1128 2842 officio
1146 2820 1205 2842 no-

195 2864 283 2896 veris
298 2864 461 2902 indigere.
473 2864 565 2903 juxta
581 2864 730 2903 ejusdem
745 2863 874 2894 ordinis
889 2863 1056 2894 instituta.
1074 2864 1110 2895 Si
1128 2872 1206 2895 vero

194 2916 302 2956 aliqui
325 2916 563 2947 monachorum
587 2916 639 2947 vel
658 2925 893 2947 conversorum
915 2916 1055 2955 sepefati
1073 2925 1206 2947 monas-

1294 322 1370 352 terii
1389 322 1513 352 dictum
1532 323 1683 353 ordinem
1699 332 1869 354 assumere
1884 324 1967 354 sorte
1984 324 2160 361 voluerint,
2174 327 2207 355 in
2227 327 2303 358 aliis

1294 375 1507 405 monasteriis
1533 375 1602 405 tni¹
1628 376 1756 406 ordinis
1784 386 1838 406 eos
1869 385 1934 405 non
1967 377 2101 408 differas
2131 378 2302 411 collocare.

1293 427 1561 458 Contradictores
1578 433 1639 458 etc.
1660 430 1733 458 Dat.
1753 430 1868 465 Reate,
1888 430 1915 459 V
1934 429 2092 460 kalendas
2113 432 2203 467 maii,
2223 442 2306 471 pon-

1294 480 1439 510 tificatus
1454 481 1558 510 nostri
1575 490 1661 510 anno
1678 485 1780 511 sexto.
1800 494 1811 507 »ι

1368 663 1489 692 ¹103

1329 724 1479 759 Magistris
1489 725 1517 753 J.
1533 725 1568 752 de
1583 725 1678 752 Monte
1691 726 1812 754 Mirabili
1828 731 1856 754 et.
1873 726 1920 758 11..
1932 729 2144 755 archidiaconis
2162 729 2305 757 Pan-islen-

1293 772 1387 807 sibus,
1403 776 1430 799 et
1447 772 1601 806 Vernacio,
1617 776 1756 802 canonico
1775 775 1942 810 Tei-visino,
1961 776 2090 803 Parisios
2105 779 2302 810 commoranti,

1293 829 1411 848 causam
1433 822 1583 849 electionis
1603 823 1715 850 abbatis
1732 825 1897 850 monasterii
1917 824 2128 857 Columbensis,
2146 835 2219 861 quae
2240 831 2305 862 post

1293 869 1396 905 longos
1416 879 1573 906 processus
1590 872 1699 898 nullum
1715 873 1823 899 exitum
1840 873 1934 900 adhuc
1951 874 2055 900 habere
2073 878 2218 909 potuerat,
2235 883 2305 902 exa-

1293 918 1457 946 minandam
1474 923 1502 945 et
1519 919 1574 946 fine
1589 919 1686 946 debito
1702 921 1910 947 terminandam
1927 923 2091 949 committit.
2109 938 2139 942 —
2158 923 2240 956 (Res.
2262 924 2303 957 ¹6,

1293 967 1311 993 f.
1329 967 1360 994 91
1378 973 1419 999 r⁰;
1437 976 1504 994 ann.
1522 967 1574 1002 VI,
1590 976 1615 995 c.
1632 968 1700 1002 2985
1718 984 1752 988 —
1767 969 1886 997 Monam
1903 970 1980 1002 1187,
1998 971 2017 997 f.
2033 971 2105 1001 426.)

1859 665 1984 700 Anagni,
2002 667 2017 692 5
2035 667 2137 694 fevi-ier
2157 668 2231 694 1233.

1335 1081 1348 1096 «ι
1366 1070 1521 1107 Mayislris
1535 1072 1560 1100 J.
1576 1071 1609 1100 de
1624 1072 1720 1100 Monte
1734 1072 1873 1101 Mirabici
1888 1078 1914 1101 et
1930 1073 1977 1108 IL,
1997 1074 2227 1103 archidiaconis
2244 1075 2303 1103 Pa-

1292 1123 1487 1158 Ἰι’ἰειῗεηεςι’ἱηιε,
1517 1128 1543 1152 ec
1575 1124 1757 1161 ls'eJ-[naeioL
1786 1126 1933 1154 canonico
1964 1126 2134 1162 Terrisino,
2164 1127 2303 1156 Parisitts

1292 1177 1507 1205 commoranti.
1529 1176 1804 1213 Significantibus
1825 1200 1844 1205 ..
1864 1178 1982 1216 majori
1999 1178 2124 1216 priore,
2147 1202 2166 1207 ..
2187 1188 2303 1218 prepo-

1293 1227 1373 1262 sito,
1396 1251 1415 1256 ..
1436 1227 1596 1258 celei-ario
1620 1233 1650 1259 et
1676 1229 1875 1268 quibusdam
1901 1230 1976 1259 aliis
1999 1231 2251 1262 obedientiariis
2272 1236 2303 1262 et

1292 1280 1464 1310 monachis
1480 1281 1657 1311 forinsecis
1671 1287 1701 1312 et
1716 1282 1910 1313 intrinsecis
1923 1283 2156 1314 Columbensis
2170 1293 2303 1315 monas-

1292 1333 1378 1368 terii,
1405 1334 1533 1363 ordinis
1559 1335 1665 1364 sancti
1690 1335 1875 1371 Benedicti,
1899 1336 2115 1367 Carnotensis
2140 1337 2300 1373 diocesis,

1290 1394 1350 1415 nos
1379 1386 1540 1415 noveritis
1568 1387 1734 1425 accepisse
1758 1388 1856 1426 quod,
1883 1398 1958 1418 cum
1982 1389 2072 1419 olim.
2101 1390 2302 1420 monasterio

1289 1437 1361 1475 ipso
1374 1438 1516 1476 pastoris
1529 1438 1647 1468 solatio
1659 1439 1828 1475 destituto,
1844 1447 2026 1472 conventus
2041 1442 2199 1481 ejusdem,
2215 1443 2297 1481 ipsis

1288 1499 1355 1520 non
1373 1490 1562 1522 valentibus
1581 1492 1622 1521 ad
1642 1492 1785 1522 invicem
1803 1494 2008 1524 unanimiter
2027 1495 2241 1530 concordare,
2262 1496 2298 1525 in

1291 1566 1310 1572 ..
1328 1544 1537 1582 suppriorem
1551 1545 1699 1584 ejusdem
1712 1546 1843 1575 cenobii
1860 1547 2079 1577 contulissent
2099 1547 2209 1578 taliter
2224 1553 2299 1578 vota

1288 1606 1359 1632 sua,
1374 1601 1411 1627 ut·
1427 1597 1600 1628 duodecim
1617 1598 1724 1636 ipsius
1741 1599 1805 1629 loci
1821 1600 2000 1630 monachos
2014 1601 2212 1630 nominaret.
2228 1601 2296 1639 qui.

1288 1650 1451 1680 associato
1466 1650 1641 1681 sibitertio
1653 1652 1791 1687 decimo,
1810 1653 2021 1691 providerent
2041 1654 2148 1684 eidem
2167 1663 2299 1684 monas-

1289 1703 1371 1733 terio
1390 1702 1428 1733 de
1444 1707 1575 1741 pastore
1590 1714 1596 1732 :
1617 1704 1751 1734 demum
1769 1714 1786 1735 a
1805 1705 1892 1735 dicto
1911 1707 2083 1744 supprior-e
2097 1707 2298 1745 quibusdam

1287 1754 1327 1785 de
1345 1755 1484 1793 prefatis
1502 1756 1677 1786 monachis
1696 1758 1889 1793 nominatis,
1908 1763 1937 1788 et
1958 1768 1996 1789 ex
2014 1759 2074 1789 hoc
2093 1760 2128 1789 in
2141 1760 2300 1799 jamdicto

1287 1812 1452 1838 conventu
1470 1809 1611 1839 materia
1629 1809 1852 1841 dissensionis
1873 1816 2001 1847 exorta,
2022 1812 2202 1851 eodemque
2221 1822 2299 1851 sup-

1286 1860 1396 1899 priore
1418 1866 1550 1899 propter
1568 1861 1629 1891 hoc
1647 1872 1722 1892 cum
1739 1863 1887 1901 predicto
1905 1869 2069 1895 conventu
2087 1875 2105 1895 a
2124 1866 2228 1895 forma
2246 1875 2299 1896 re-

1287 1913 1481 1943 cedentibus
1509 1915 1752 1953 suprascripta,
1779 1916 1867 1946 idem
1895 1922 2077 1948 conventus
2106 1919 2141 1948 in
2169 1923 2234 1949 tres
2259 1919 2298 1949 de

1286 1965 1459 1996 monacbis
1477 1966 1546 1996 suis
1567 1968 1776 2005 postmodum
1792 1970 2029 2007 compromisit.
2047 1971 2192 2001 Tandem
2209 1980 2296 2002 vero.

1286 2019 1479 2048 memoratis
1500 2019 1672 2050 monachis
1693 2020 1734 2050 ad
1753 2020 1948 2051 electionem
1964 2023 2170 2053 concorditer
2184 2033 2299 2062 proce-

1287 2071 1364 2101 dere
1392 2080 1457 2101 non
1482 2071 1683 2108 valentibus,
1713 2074 1881 2112 sepefatus
1908 2080 2105 2111 conventus,
2131 2077 2298 2114 preposito

1287 2124 1534 2155 contradicente
1549 2126 1697 2163 predicto
1717 2132 1748 2156 et
1768 2127 1868 2157 etiam
1884 2136 1925 2158 ne
1941 2128 1975 2157 id
1991 2128 2084 2158 tieret
2099 2128 2296 2167 appellante,

1286 2177 1482 2214 providendi
1500 2178 1681 2217 prescripto
1697 2179 1899 2210 monasterio
1915 2180 1953 2210 de
1970 2180 2087 2211 abbate
2103 2186 2298 2219 potestatem

1287 2229 1471 2259 venerabili
1492 2231 1588 2260 fratri
1603 2236 1714 2261 nostro
1735 2255 1754 2261 ..
1772 2232 1970 2263 Carnotensi
1989 2233 2140 2272 episcopo
2157 2234 2299 2265 nichilo-

1286 2281 1398 2312 minus
1423 2282 1652 2319 contulerunt;
1677 2285 1752 2323 qui,
1770 2285 1961 2324 hujusmodi
1979 2286 2199 2325 appellatione
2221 2296 2299 2317 con-

1286 2338 1426 2373 tempta,
1448 2336 1488 2365 H.
1510 2336 1728 2373 monachum,
1749 2338 1922 2377 cujusdam
1941 2339 2088 2378 ejusdem
2107 2339 2170 2369 loci
2189 2349 2298 2370 sacer-

1286 2386 1372 2417 dotis
1395 2392 1426 2417 et
1449 2389 1603 2418 monachi
1627 2389 1734 2419 filium
1756 2391 1919 2429 spurium,
1936 2391 1971 2421 in
1991 2392 2143 2423 abbatem
2161 2394 2300 2431 prefecit

1287 2439 1335 2469 eis
1357 2448 1415 2478 pro
1435 2449 1493 2470 sue
1513 2441 1651 2472 arbitrio
1672 2442 1869 2479 voluntatis;
1889 2449 2022 2483 propter
2040 2446 2126 2484 quod
2147 2455 2185 2476 ex
2206 2451 2299 2484 parte

1285 2491 1435 2530 ipsorum
1455 2493 1517 2523 fuit
1542 2494 1583 2523 ad
1606 2499 1753 2525 nostram
1773 2496 1978 2526 audientiam
2001 2497 2213 2536 appellatum.
2235 2498 2299 2529 Sed

1286 2545 1435 2583 prefatus
1458 2546 1642 2585 episcopus.
1669 2547 1819 2586 legitima
1841 2558 1954 2579 eornm
1976 2549 2195 2588 appellatione
2220 2559 2298 2580 con-

1286 2601 1421 2636 tempta,
1439 2598 1528 2637 ipsos
1543 2608 1559 2629 a
1577 2600 1647 2629 suis
1661 2601 2022 2632 amministrationibus
2038 2611 2189 2632 amovere
2203 2607 2232 2632 et
2247 2612 2298 2633 ex·

1288 2651 1599 2682 communicationis
1622 2653 1824 2691 presumpsit
1842 2654 1929 2684 ferre
1951 2655 2162 2689 sententiam,
2185 2659 2299 2685 contra

1283 2703 1462 2742 justitiam,
1477 2704 1512 2734 in
1527 2705 1675 2741 eosde1n3
1692 2715 1791 2744 super
1803 2716 1869 2746 qua
1882 2707 1989 2737 dictus
2003 2708 2044 2737 H.
2059 2708 2099 2737 ad
2113 2708 2299 2738 ..abbatem

1288 2756 1424 2796 Majoris
1447 2758 1642 2789 Monasterii
1664 2758 1793 2789 litteras
1818 2759 2014 2798 apostolicas
2037 2760 2238 2799 impetravit,
2263 2765 2298 2791 ut

1321 2880 1342 2905 l.
1358 2880 1379 2905 11
1395 2882 1498 2906 semble
1514 2882 1583 2917 qu'il-
1595 2882 1669 2906 ruine
1683 2883 1806 2914 corriget·
1823 2890 1854 2907 ce
1872 2891 1988 2915 passage
2003 2885 2073 2908 ainsi
2090 2893 2096 2907 :
2111 2886 2182 2914 forto
2197 2886 2297 2909 notue-

1288 2925 1358 2954 rint,
1371 2925 1403 2949 ίη
1415 2926 1482 2950 aliis
1497 2927 1679 2950 monasteriis
1694 2928 1740 2951 sui
1756 2928 1877 2952 ordinis.
