2498 3242
246 250 303 280 ¹77

312 329 385 360 292

830 328 962 360 Ρύωιιςε,
980 332 995 355 6
1012 329 1083 356 avril
1105 329 1181 356 1229.

275 425 378 452 Abbati
397 428 426 452 et
445 426 597 452 conventui
617 425 714 452 Sancti
738 426 813 452 Petri
836 426 863 452 in
887 426 968 453 Coelo
986 428 1078 453 ⁴tui-eo
1104 426 1251 461 papiensis

240 475 340 500 notum
359 472 429 499 facit
445 481 474 500 se
494 473 630 500 statuisse
651 475 679 499 ut
704 475 787 507 eaput
811 473 898 500 totius
921 473 1030 500 ordinis
1052 473 1250 500 mortariensis

239 520 369 556 ipsorum
391 521 600 548 monasterium
628 521 675 553 sit,
696 521 867 555 quibusdam
890 522 923 548 de
949 522 1051 548 eadem
1079 530 1108 548 re
1135 521 1249 548 statutis

237 569 367 605 adjectis.
380 585 414 589 —
431 570 511 605 (Rae.
533 571 573 603 tsi,
591 569 611 597 s.
632 572 673 596 111
692 578 736 603 v03
752 578 820 597 ann.
841 571 887 602 lli,
900 579 924 596 c.
944 572 973 605 73
993 586 1024 590 —
1038 570 1153 598 Monate
1174 571 1248 602 ¹¹84,

238 617 259 644 f.
277 618 354 650 369.)

277 747 292 764 α
319 760 336 766 ..
357 735 502 766 abbatie!
523 737 679 765 conventui
696 736 804 766 Soncll
822 737 907 766 Petri
926 737 955 766 in
976 735 1046 767 Celo
1065 737 1166 766 Aurea
1184 736 1247 766 Pa-

232 789 355 829 piensis.
381 790 465 820 Cum
492 790 674 820 venerabili
698 790 789 820 fratri
813 792 926 820 nostro
947 814 966 820 ..
990 790 1145 829 episcopo
1170 790 1246 820 Pla-

235 842 367 873 centino
386 842 619 881 scripserimus
643 844 677 872 nt
695 867 713 872 ..
734 843 879 882 priorem
903 844 935 873 et
957 843 1137 873 canonicos
1160 842 1247 873 Mor-

234 895 398 926 tarienses
415 896 454 925 ad
479 896 700 926 exhibendam
722 895 945 927 obedientiam
967 896 1039 931 tibi,
1065 896 1113 926 fili
1131 896 1244 933 abbas,

235 951 384 979 moneret
407 949 546 978 sollicite
570 957 606 979 ac
629 949 799 979 induceret
825 949 1012 987 diligenter,
1040 950 1082 984 et,
1109 949 1137 979 si
1166 949 1246 988 quid

234 1001 402 1032 obicerent
426 1010 526 1040 quare
551 1002 582 1031 id
600 1002 705 1031 facere
726 1011 790 1032 non
808 1002 975 1036 deberent.
1001 1011 1100 1041 super
1117 1002 1178 1032 hoc
1196 1002 1246 1032 in-

234 1054 380 1094 quireret
403 1055 574 1084 veritatem
604 1054 700 1084 nobis
725 1055 866 1085 fideliter
894 1055 1112 1091 referendam,
1140 1055 1246 1094 ipsius

232 1107 366 1138 tandem
389 1107 536 1146 episcopi
557 1107 716 1138 relatione
739 1109 878 1146 reperta,
905 1117 977 1138 eain
1003 1109 1245 1147 inspiciendam

232 1159 465 1190 commisimus
482 1160 600 1189 dilecto
622 1160 690 1189 filio
715 1162 827 1190 nostro
852 1160 899 1196 S„
923 1161 1011 1190 tituli
1033 1161 1144 1192 Sancti
1160 1161 1246 1191 Lau-

231 1212 330 1243 rentii
353 1213 387 1242 in
404 1212 530 1242 Lucina
552 1212 735 1250 presbitero
758 1213 937 1249 cardinali;
963 1223 1028 1252 quo
1048 1214 1144 1244 nobis
1167 1214 1245 1244 iide-

231 1265 307 1296 liter
329 1265 497 1303 negotium
525 1265 697 1300 referente,
725 1266 962 1295 canonicorum
985 1266 1135 1304 ipsorum
1159 1267 1245 1296 dicta

231 1318 424 1348 invenimus
440 1326 512 1348 esse
535 1318 680 1353 diversa,
699 1318 900 1356 quibusdam
923 1318 1002 1348 utile
1020 1319 1088 1348 fore
1107 1319 1244 1349 dicenti-

230 1370 294 1401 bus
306 1371 343 1401 ut
354 1370 594 1401 monasterium
605 1371 754 1401 vestrum
766 1370 996 1401 Mortariensis
1007 1371 1134 1401 ordinis
1147 1372 1244 1410 caput

230 1431 303 1454 esse
318 1423 447 1458 debeat,
463 1425 494 1454 et
510 1423 586 1453 aliis
602 1423 698 1454 aliter
712 1423 977 1463 proponentibus
992 1424 1159 1462 expedire.
1178 1424 1242 1454 De-

230 1484 323 1506 mum
344 1485 415 1510 nos,
434 1478 568 1515 propter
588 1477 809 1507 reverentiam
826 1477 913 1506 beati
936 1477 1128 1515 Augustini,
1148 1477 1243 1516 cujus

229 1533 350 1564 corpus
374 1525 408 1555 in
430 1525 546 1556 eodem
570 1525 773 1556 monasterio
798 1525 988 1564 requiescit,
1015 1522 1243 1556 auctoritatem

230 1577 305 1614 loci,
330 1579 540 1609 devotionem
562 1578 674 1609 clerici
692 1580 723 1608 et
744 1579 861 1617 populi
886 1579 1074 1618 Papiensis,
1093 1579 1151 1617 qui
1176 1587 1241 1609 non

229 1631 450 1670 equanimiter
471 1632 675 1662 sustinerent
691 1633 727 1662 ut
748 1634 846 1671 caput
863 1632 1092 1663 Mortariensis
1117 1633 1242 1662 ordinis

229 1684 311 1715 alibi
341 1685 587 1720 transferretur,
620 1694 679 1715 nec
708 1694 773 1715 non
807 1685 1121 1715 inhabitabilitatem
1140 1686 1148 1702 ¹
1179 1685 1242 1716 loci

231 1737 472 1772 Mortariensis,
488 1738 545 1776 qui
555 1738 686 1777 guerris
697 1739 728 1768 et
738 1738 947 1773 tumultibus,
962 1739 994 1768 et
1009 1738 1085 1768 aliis
1095 1738 1243 1769 fortuitis

230 1790 363 1822 casibus
389 1791 560 1830 expositus
590 1800 662 1821 esse
690 1791 885 1827 dinoscitur,
914 1791 960 1821 ita
986 1791 1074 1830 quod
1105 1791 1243 1823 menbra

230 1843 382 1874 recedere
405 1852 423 1873 a
449 1852 509 1874 sno
531 1844 638 1882 capite
661 1846 692 1874 et
715 1852 775 1883 per
796 1843 930 1874 diversa
952 1844 1024 1875 loca
1047 1844 1161 1883 vagari
1184 1845 1243 1875 ali-

229 1897 362 1935 quando
386 1896 620 1927 miserabiliter
642 1899 719 1927 sunt
742 1897 925 1937 compulsa,
950 1897 990 1927 de
1014 1897 1154 1927 consilio
1176 1897 1241 1928 fra-

230 1951 319 1980 trum
337 1950 526 1980 nostrorum
544 1950 721 1980 statuimus
738 1951 773 1980 ut
789 1951 886 1989 caput
899 1950 1000 1980 totius
1017 1950 1096 1980 dicti
1114 1950 1242 1981 ordinis

230 2002 273 2033 sit
301 2003 540 2032 monasterium
569 2004 798 2038 memoratum,
829 2003 861 2032 et
888 2003 972 2033 illud
1002 2011 1062 2041 per
1089 2002 1241 2033 abbatem

230 2063 340 2092 suum,
365 2056 484 2086 domus
508 2064 585 2086 vero
608 2055 837 2086 Mortariensis
858 2064 918 2095 per
939 2056 1011 2095 ejus
1035 2056 1241 2095 prepositum

229 2108 357 2144 debeat,
373 2109 555 2139 secundum
569 2109 679 2138 datam
695 2109 744 2139 cis
759 2118 778 2139 a
791 2109 862 2139 Deo
875 2109 1120 2147 providentiam
1133 2110 1164 2139 et
1178 2110 1242 2139 sta-

229 2162 298 2192 tuta
314 2162 463 2201 ejusdem
481 2162 619 2196 ordinis,
636 2162 829 2201 gubernari3
848 2161 958 2192 abbati
977 2171 1108 2201 quoque
1123 2162 1242 2201 prefati

229 2214 422 2245 monasterii
433 2215 587 2245 obediant
599 2223 714 2245 omnes
726 2215 863 2245 ecclesie
878 2223 953 2254 que,
966 2216 1145 2254 antequam
1158 2215 1244 2246 Mor-

229 2267 383 2298 tariensis
399 2267 478 2297 ordo
495 2261 760 2298 introduceretur
776 2268 810 2298 in
826 2268 911 2306 ipso,
928 2267 993 2298 sibi
1011 2267 1157 2307 subjecte
1172 2268 1241 2298 fue-

228 2321 317 2354 runt,
346 2321 377 2350 et
402 2320 613 2350 Mortariensi
645 2320 783 2351 ecclesie
809 2320 948 2350 menbra
977 2329 1038 2350 sua
1066 2320 1147 2351 olim
1177 2320 1241 2351 sibi

226 2373 360 2404 subdita
377 2372 600 2404 obedientiam
617 2373 808 2412 impendere
824 2374 1010 2404 teneantur.
1025 2374 1168 2412 Insuper
1183 2373 1241 2404 ab·

226 2426 285 2457 bas
307 2426 420 2457 Sancti
440 2426 530 2456 Petri
550 2427 691 2466 corrigat
708 2426 741 2456 in
758 2427 927 2465 preposito
945 2427 977 2457 et
994 2426 1139 2465 capitulo
1159 2427 1242 2457 Mor—

225 2478 428 2510 tariensibus
448 2479 536 2518 quod
556 2479 676 2510 viderit
698 2479 942 2518 corrigendum,
961 2480 1019 2510 sed
1034 2479 1070 2510 in
1092 2479 1241 2510 menbris

225 2532 462 2562 correctionem
479 2532 605 2562 nullam
621 2532 751 2567 habeat,
770 2532 836 2563 nisi
849 2534 923 2572 post
940 2532 1063 2562 trinam
1080 2532 1242 2563 ammoni-

225 2585 350 2615 tionem
368 2585 540 2624 negligens
562 2585 661 2616 fuerit
682 2586 870 2625 prepositus
893 2586 1032 2616 ecclesie
1058 2586 1238 2616 nominate.

226 2637 319 2667 Nulli
334 2646 409 2676 ergo
423 2640 497 2674 etc.,
515 2640 625 2669 nostre
639 2639 887 2669 constitutionis
902 2639 1095 2677 infringere.
1112 2639 1149 2670 Si
1164 2639 1239 2677 quis

226 2691 335 2720 autem
357 2692 417 2721 etc.
447 2692 520 2721 Dat.
546 2691 690 2726 Pei-usti,
716 2692 799 2722 VllI
834 2692 910 2722 idus
944 2691 1071 2731 aprilis,
1104 2691 1237 2730 pontifi-

227 2744 319 2773 catus
336 2744 441 2774 nostri
457 2752 544 2774 anno
560 2745 666 2775 tertio.
694 2755 710 2772 κ

261 2865 284 2891 1.
305 2866 353 2889 Ms.
371 2865 595 2893 inhabitabilem
613 2866 646 2890 ci.
665 2866 728 2898 plus
745 2866 823 2893 haut,
847 2867 898 2892 eol.
922 2868 974 2896 137,
992 2866 1154 2895 inhabilicas.
1173 2876 1239 2893 sans
1268 2881 1269 2889 η

1263 2918 1265 2934 s
1301 2905 1433 2935 auctore
1450 2903 1607 2938 Domino,
1625 2903 1697 2933 sine
1713 2903 1805 2934 obice
1823 2912 1981 2944 prospere
1999 2904 2171 2944 dirigatur,
2187 2905 2230 2940 ct,
2245 2911 2316 2934 om-

235 2910 315 2934 doute
328 2916 397 2941 pour
411 2909 627 2934 inhabitabamus.

337 2949 526 2978 GREGOIRE
540 2954 590 2984 IX,
605 2957 623 2978 t.
637 2953 660 2979 1.

1067 242 1312 281 TROISOEME
1331 242 1497 283 ANNEE.

2267 257 2325 289 ¹78

1382 330 1453 362 293

1884 334 2015 367 l’erousc,
2033 336 2067 361 ¹24
2083 337 2155 363 avril
2176 339 2249 365 1‘229.

1347 412 1496 439 Fratribus
1517 413 1654 440 ecclesiae
1672 415 1792 441 Sanctae
1811 416 1915 443 Mariae
1935 418 1969 444 de
1993 419 2069 446 Plavi
2086 422 2185 447 notum
2203 421 2271 448 facit
2291 430 2320 450 se

1311 460 1483 487 contii-mare
1502 461 1631 495 ipsorum
1654 463 1805 490 ecclesiam
1827 473 1892 491 cnm
1918 466 1976 492 suis
2002 468 2183 501 pertinentiis
2205 478 2318 497 monas-

1310 509 1381 535 terio
1397 509 1431 536 de
1444 510 1519 536 Sana
1534 510 1623 541 Valle,
1639 511 1836 539 Cisterciensis
1849 514 1971 546 ordinis,
1988 516 2113 544 subesse.
2133 532 2166 536 —
2178 518 2257 551 (llige.
2276 520 2317 552 14,

1310 556 1330 583 f.
1353 558 1402 583 ¹¹2
1420 564 1459 591 r⁰;
1479 565 1546 585 ann.
1564 558 1611 591 ΙΙΙ,
1630 567 1654 586 c.
1672 561 1703 593 83
1720 575 1754 579 —
1771 560 1891 588 Monimo
1912 563 1987 595 1184,
2006 563 2025 591 s.
2045 565 2110 598 870;
2129 580 2160 584 —
2179 566 2318 594 l'orruasr

1310 605 1403 640 8380.)

1349 709 1365 724 «
1384 697 1546 727 Fratribus
1562 698 1682 729 ecclesie
1697 698 1808 729 Sancte
1824 700 1922 731 Mai-ie
1936 701 1971 730 de
1988 702 2088 739 Plani,
2109 704 2315 736 cisterciensis

1309 749 1433 786 ordinis,
1450 749 1621 780 cenetensis
1637 752 1769 782 diocesis.
1788 753 1876 783 Solet
1892 763 2038 786 annuere
2054 757 2155 788 Sedes
2173 776 2219 788 ——.
2238 759 2312 790 Dat.

1308 803 1452 839 Perusii,
1471 804 1551 834 VIll
1568 804 1727 835 kalendas
1745 806 1834 841 maii,
1854 816 1939 838 anno
1958 809 2063 839 tertio.
2090 821 2105 836 »

1372 962 1446 995 294

1874 964 2008 998 Perouse,
2025 967 2058 992 27
2075 967 2147 993 avril
2166 968 2242 994 1229.

1341 1045 1447 1081 Regem
1467 1047 1793 1081 Aragouumcollaudat
1810 1048 1883 1082 quod
1900 1049 2055 1076 Ecclesium
2075 1052 2103 1076 et
2119 1059 2254 1085 personas
2270 1060 2313 1079 ec-

1306 1094 1481 1122 clesiasticas
1498 1098 1661 1128 veneratur,
1678 1098 1705 1122 et
1724 1097 1888 1131 apostolicis
1905 1098 2091 1132 beneplacitis
2108 1103 2241 1134 promptu
2260 1101 2313 1128 lide

1305 1139 1447 1166 desiderat
1465 1140 1660 1174 complacere;
1673 1141 1751 1167 addit
1768 1150 1796 1168 se
1813 1141 1874 1177 ejus
1895 1142 2127 1176 supplicationes,
2140 1152 2210 1178 quas
2228 1153 2314 1179 super

1305 1187 1486 1222 suscipiendo
1512 1189 1545 1215 de
1571 1189 1660 1223 ipsius
1685 1197 1773 1224 papae
1804 1190 1937 1217 manibus
1966 1191 2043 1226 regio
2072 1192 2234 1219 diademate
2264 1202 2314 1228 per

1305 1236 1466 1263 Johannem
1489 1238 1630 1264 Buccados
1651 1238 1784 1265 nuntium
1803 1239 2001 1273 destinaverit,
2022 1240 2142 1275 benigue
2160 1242 2313 1276 recepisse,

1304 1285 1353 1311 sed
1366 1285 1545 1312 commodius
1556 1288 1670 1320 teinpus
1686 1289 1766 1314 tauto
1783 1288 1897 1321 negotio
1913 1296 1974 1314 csse
1990 1290 2229 1323 exspectanduim
2246 1298 2312 1317 eum

1305 1338 1386 1367 rogat
1402 1336 1430 1360 et
1447 1336 1546 1361 monet
1562 1337 1701 1369 quatenus
1722 1344 1772 1369 pro
1789 1336 1838 1362 tali
1857 1336 1993 1363 dilatione
2012 1338 2133 1364 minime
2152 1342 2311 1366 moveatur.

1304 1397 1339 1401 —
1355 1382 1433 1415 (Rae.
1452 1383 1493 1416 14,
1516 1383 1536 1409 s.
1557 1385 1605 1409 ¹1²2
1623 1391 1662 1417 r⁰3
1684 1392 1752 1410 ann.
1773 1384 1820 1417 ΙΙΙ,
1837 1393 1861 1410 c.
1880 1385 1908 1417 0;
1928 1400 1961 1404 -
1978 1386 2091 1412 Monmu
2112 1387 2190 1419 1¹84,
2208 1387 2228 1414 f.
2246 1389 2310 1420 20&

1304 1430 1385 1463 ibid„
1399 1430 1420 1457 f.
1437 1431 1499 1463 2925,
1517 1439 1550 1457 ex
1568 1431 1628 1458 cod.
1644 1431 1735 1458 Vatie.
1752 1433 1831 1465 7024,
1848 1432 1867 1459 s.
1887 1434 1935 1467 9›'i;
1953 1449 1986 1453 —
2002 1434 2147 1462 Porrnasr
2166 1436 2260 1469 8383.)

1344 1537 1360 1553 «
1385 1550 1403 1556 ..
1422 1525 1534 1556 illustri
1547 1527 1618 1566 reyz'
1630 1527 1819 1566 Araqonum.
1837 1527 1969 1558 Gratias
1986 1529 2115 1567 agimus
2133 1530 2312 1568 gratiarum

1304 1579 1454 1609 omnium
1470 1579 1630 1618 largitori,
1649 1580 1748 1618 quod,
1773 1581 1858 1611 sicut
1879 1582 2066 1620 accepimus
2088 1583 2118 1612 et
2134 1583 2245 1621 utique
2262 1592 2312 1614 ac-

1304 1634 1487 1671 ceptamus,
1506 1632 1580 1672 ipso
1595 1633 1698 1663 menti
1714 1635 1767 1663 tue
1782 1634 1935 1664 timorem
1951 1635 2004 1664 sni
2021 1635 2166 1665 nominis
2183 1637 2214 1665 et
2229 1645 2316 1667 amo-

1305 1694 1375 1716 rem
1400 1685 1659 1716 misericorditer
1683 1686 1878 1725 inspirante,
1903 1687 1943 1717 ab
1965 1696 2002 1717 eo
2022 1688 2080 1726 qui
2102 1688 2194 1718 solus
2219 1689 2317 1720 habet

1304 1739 1339 1768 in
1355 1747 1455 1778 regno
1471 1738 1646 1769 hominum
1666 1741 1863 1779 potestatem
1886 1740 2057 1779 dignitatis
2074 1741 2162 1779 regie
2177 1742 2316 1780 gloriam

1304 1800 1556 1831 recognoscenS,
1573 1801 1731 1831 sponsam
1751 1792 1823 1832 ejus
1841 1793 2025 1823 Ecclesiam
2048 1795 2079 1824 et
2096 1803 2254 1832 personas
2269 1803 2317 1825 ec-

1304 1845 1508 1875 clesiasticas
1528 1844 1783 1876 honorificentia
1799 1845 1911 1876 debita
1927 1847 2109 1883 veneraris,
2128 1848 2159 1877 et
2176 1848 2315 1886 Aposto-

1305 1898 1366 1929 lice
1382 1898 1478 1930 Sedis
1490 1899 1521 1929 et
1534 1899 1657 1928 nostris
1668 1898 1886 1938 beneplacitis
1898 1901 2051 1939 prompta
2067 1900 2131 1931 fide
2146 1909 2316 1939 pronaque

1304 1951 1479 1982 devotione
1502 1952 1532 1981 te
1556 1952 1698 1982 offerens
1715 1953 1746 1982 et
1769 1961 1951 1991 exponens,
1971 1953 2141 1984 voluntate
2169 1953 2264 1983 nobis
2287 1955 2317 1985 et

1304 2004 1432 2035 actione
1454 2004 1624 2034 desideras
1649 2005 1865 2044 complacere.
1885 2006 1994 2041 Quare
2019 2015 2079 2036 nos
2101 2007 2133 2036 in
2152 2007 2205 2036 tue
2223 2015 2315 2037 man-

1303 2057 1491 2088 suetudinis
1507 2057 1613 2096 gloria
1627 2057 1790 2093 delectati,
1807 2066 1984 2097 personam
2001 2060 2092 2089 tuam
2108 2060 2317 2098 prerogativa

1304 2110 1493 2140 dilectionis
1516 2111 1546 2140 et
1567 2110 1670 2149 gratie
1693 2110 1960 2150 complectente&
1989 2111 2029 2141 ad
2053 2112 2220 2151 profectus
2242 2114 2317 2143 tuos

1307 2163 1492 2194 secundum
1525 2163 1702 2202 utrumque
1730 2163 1899 2194 hominem
1931 2164 2130 2203 aspiramus.
2163 2166 2316 2196 Ceterum

1305 2216 1567 2255 supplicationes
1589 2216 1737 2256 placidas
1763 2217 1795 2247 et
1816 2217 1984 2253 honestas,
2003 2226 2086 2256 quas
2102 2226 2201 2257 super
2217 2217 2317 2248 susci*

1304 2269 1426 2308 piendo
1450 2269 1490 2299 de
1506 2269 1662 2299 manibus
1680 2269 1805 2300 nostris
1822 2270 1911 2309 regio
1935 2270 2119 2301 diademate
2136 2280 2196 2310 per
2218 2270 2317 2301 dilcc-

1303 2323 1373 2352 tum
1389 2322 1497 2352 filium
1511 2322 1700 2352 tiohannem
1713 2322 1896 2358 Buccados,
1914 2324 2069 2353 nuntium
2086 2325 2192 2359 tuum,
2208 2324 2315 2354 virum

1305 2375 1419 2413 utique
1441 2375 1584 2409 fidelem,
1611 2375 1848 2414 morigeratum
1868 2378 1900 2406 et
1924 2376 2114 2416 providum,
2140 2378 2195 2407 tna
2221 2376 2318 2408 nobis

1303 2427 1494 2458 sublimitas
1510 2427 1700 2462 destinavit,
1719 2428 1861 2467 benigne
1886 2430 2072 2468 recepimus
2090 2431 2119 2459 ct
2139 2431 2315 2468 gratanter,

1303 2489 1359 2511 eas
1378 2481 1446 2520 jam
1466 2481 1506 2511 ad
1520 2480 1745 2511 exauditionis
1762 2482 1902 2520 gratiam
1923 2482 2083 2521 hylariter
2096 2483 2316 2518 admittentes,

1303 2535 1334 2565 et
1358 2534 1641 2573 magnificentiam
1659 2535 1748 2564 tuam
1767 2534 1877 2573 dignis
1896 2544 1937 2565 ex
1954 2535 2013 2565 hoc
2033 2536 2065 2565 in
2087 2535 2232 2566 Domino
2249 2535 2317 2565 lau-

1302 2587 1401 2618 dibus
1418 2588 1696 2618 commendantes.
1715 2588 1841 2618 Verum
1861 2589 1941 2626 quia
1957 2589 2068 2618 onmia
2085 2588 2171 2618 bona
2187 2589 2220 2618 in
2237 2592 2317 2619 tem-

1301 2649 1381 2680 pore
1397 2649 1469 2677 sno,
1486 2641 1517 2671 et
1533 2641 1569 2670 ut
1583 2641 1663 2671 fiant
1677 2641 1777 2679 petita
1794 2650 1931 2671 munera
1948 2642 2102 2679 gratiora,
2120 2641 2318 2672 differuntur

1303 2693 1481 2728 interdum,
1503 2694 1539 2723 ut
1555 2693 1751 2731 oportunius
1773 2694 2000 2729 conferantur,
2036 2702 2096 2724 nos
2120 2694 2231 2724 varios
2251 2695 2316 2724 tur-

1301 2746 1398 2777 bines
1424 2754 1511 2777 nunc
1537 2747 1711 2780 instantes,
1737 2746 1825 2776 sicut
1847 2747 2014 2781 convenit,
2035 2747 2252 2781 attendentes,
2275 2755 2317 2777 ex

1300 2799 1424 2838 quihus
1441 2800 1530 2829 tanto
1548 2798 1678 2836 negotio
1697 2798 1803 2828 multa
1823 2799 1998 2829 incomoda
2015 2800 2151 2838 possent
2169 2799 2314 2835 evenire,

1301 2851 1473 2882 comodius
1499 2853 1627 2889 tempus
1651 2851 1862 2889 providimus
1887 2852 2139 2890 expectandum,
2165 2860 2230 2890 quo
2251 2859 2315 2886 res,

2158 2957 2190 2982 12
