2498 3242
203 236 260 266 665
605 221 608 226 ’
1076 229 1257 268 sixOEME
1278 231 1438 269 ANNEE.
2252 249 2309 279 666

278 301 395 330 ίὶἵῧ

238 363 277 391 M.
296 363 331 390 de
349 363 444 397 Duce,
461 363 667 399 Neapolitano,
684 367 712 390 et
732 363 761 392 J.
778 363 812 390 de
837 363 956 399 Franco,
973 364 1109 400 Capuano
1126 373 1212 392 cano-

201 412 286 444 nicis,
298 412 411 439 mandat
428 416 581 446 quatenu&
593 421 704 440 —ctnn
723 413 749 439 in
768 413 966 447 inquisitionis
981 415 1096 449 negotio
1113 418 1212 442 contra

199 460 250 494 A„
266 461 396 487 abbatem
415 461 555 488 ecclesiae
571 460 670 488 Sancti
690 461 766 488 Petri
783 461 816 488 ad
830 462 916 489 Aram
933 462 1148 498 Neapolitanae,
1165 472 1212 490 or-

199 508 277 536 dinis
297 509 388 536 sancti
410 509 584 543 Augustini,
603 510 690 545 priori
712 510 830 538 fratrum
850 510 1079 538 praedicatorum
1097 516 1124 538 et
1141 512 1212 546 ipsis

199 566 216 584 a
239 557 314 584 Sede
333 557 502 592 Apostolica
524 558 690 589 commisso,
712 559 812 586 eodem
835 560 929 594 priore
949 560 984 586 ab
1003 560 1094 594 ipsius
1109 560 1211 594 cogni-

200 606 411 640 tionelegitime
420 607 730 642 excusato,dnxissent
741 608 794 643 ipsi
805 609 1030 642 procedendum,
1042 609 1090 635 sed
1101 613 1210 643 postea,

200 655 348 690 praedicto
369 655 406 683 Α.
421 656 561 690 quasdam
583 657 693 683 litteras
715 658 890 691 apostolicas
913 658 1138 692 dispensationis
1161 665 1211 684 su·

199 712 250 739 per
264 703 378 730 deiectu
396 705 530 731 natalium
549 713 633 739 quem
652 705 821 740 patiebatur,
839 706 1019 737 ostendente,
1037 706 1071 732 ab
1088 706 1211 740 inquisi-

199 753 278 779 tione
293 758 474 787 cessassem,
492 767 525 773 —
543 761 597 780 non
619 754 752 780 obstante
769 762 801 780 ea
815 753 1047 788 dispensatione,
1064 755 1092 780 in
1109 753 1210 780 eodem

198 802 314 836 negotio
332 802 498 836 procedant.
517 818 548 822 —
566 803 650 836 (Rae.
670 802 716 835 16,
734 803 752 829 s.
775 803 819 829 tot
838 810 882 834 r0;
899 811 965 830 ann.
986 802 1037 837 VI,
1055 811 1082 830 e.
1099 803 1170 834 366.)

794 302 919 337 Anagni,
937 302 952 329 8
969 311 1045 330 mars
1062 302 1140 330 1233.

239 916 252 930 «
270 905 307 933 M.
325 904 359 932 de
375 905 461 939 Duce,
482 904 717 941 il'c·apolitan[o]‚
739 910 764 933 c!
785 905 810 933 J.
837 904 870 934 de
892 905 1026 939 Franco,
1051 905 1210 934 canonicis

196 957 379 994 Gapuanjo}
397 956 480 987 Cum
495 957 529 985 in
546 956 778 995 inquisitionis
790 974 838 986 —.
859 957 932 987 Dat,
945 957 1109 995 Anagnie,
1126 957 1208 988 VIII

194 1009 270 1039 idus
287 1009 410 1043 martii,
428 1018 515 1039 anno
532 1014 633 1039 sexto.
653 1021 666 1036 »

271 1208 387 1236 ¹124

233 1269 425 1296 Londoniensi
450 1269 587 1304 episcopo
606 1268 720 1295 diversa
741 1268 788 1295 dat
811 1269 942 1295 mandata
966 1270 1041 1296 circa
1066 1270 1206 1304 quosdam

193 1318 316 1345 clericos
330 1325 400 1344 suae
416 1317 560 1344 dioecesis
575 1317 767 1344 diversimode
788 1317 946 1352 culpabiles
966 1326 1017 1345 seu
1036 1318 1206 1345 condicione

193 1366 372 1393 vitiosos.—·
387 1366 470 1399 (Rea.
492 1366 532 1399 16,
551 1366 569 1393 s.
589 1366 637 1393 104
655 1373 700 1399 v⁰;
717 1375 783 1393 ann.
803 1365 853 1400 VI,
871 1374 897 1393 c.
916 1366 987 1397 3671,

786 1207 913 1242 Anagni,
931 1207 945 1234 3
962 1215 1039 1234 mars
1058 1207 1132 1234 1233.

233 1481 245 1495 a
275 1491 295 1497 ..
317 1468 520 1497 Lomloniensi
544 1469 689 1506 episcopo.
711 1468 809 1498 Juxta
835 1468 1051 1497 commissum
1072 1468 1134 1497 tibi
1153 1486 1202 1497 —.

189 1520 395 1559 Significasti
410 1520 576 1559 siquidem
594 1520 690 1550 nobis
707 1520 793 1558 quod
817 1520 970 1550 nonnulli
987 1520 1130 1551 diocesis
1149 1524 1203 1551 tue

186 1573 316 1608 clerici,
336 1582 394 1611 pro
412 1572 557 1602 violenta
575 1581 735 1603 manuum
759 1572 939 1611 injectione
961 1573 997 1602 in
1018 1573 1156 1603 clericos
1173 1578 1204 1604 et

186 1626 275 1656 viros
298 1625 490 1663 religiosos,
508 1625 699 1656 inciderunt
714 1625 750 1655 in
767 1634 927 1656 canonem
946 1626 1111 1656 sententie
1127 1635 1203 1664 pro—

186 1678 350 1716 mulgate,
379 1682 409 1708 et
436 1678 541 1717 aliqui
569 1677 766 1708 clericorum
788 1678 952 1717 ipsorum,
982 1678 1202 1709 absolutionis

185 1730 349 1761 beneficio
373 1739 438 1760 non
463 1735 614 1769 optento,
638 1739 749 1761 sacros
769 1730 903 1761 ordines
924 1735 953 1761 et
977 1731 1203 1762 ecclesiastica

186 1782 348 1814 beneficia
369 1788 582 1822 receperunt,
602 1787 631 1814 et
651 1784 888 1814 ministrarunt
908 1784 943 1814 in
963 1784 1138 1815 ordinibus
1154 1785 1203 1815 sic

187 1837 362 1875 susceptis.
387 1836 455 1866 Alii
476 1841 587 1866 autem
609 1837 682 1867 sine
706 1842 794 1867 certo
817 1836 930 1870 titulo,
957 1838 1202 1868 interveniente

187 1893 282 1927 pacto
299 1889 385 1928 quod
400 1893 646 1927 presentatores
667 1898 745 1920 suos
764 1898 863 1928 snper
881 1899 995 1920 eorum
1013 1891 1202 1928 provisione

189 1951 255 1972 non
272 1942 443 1981 impetant.
464 1952 498 1972 se
514 1947 733 1981 procurarunt
757 1943 797 1973 ad
815 1943 948 1973 ordines
969 1944 1155 1981 promoveri
1171 1949 1203 1974 et

189 1995 441 2025 celem-averunt
464 1996 672 2033 postmodum
698 1995 755 2025 tali
782 1996 878 2026 modo
902 1996 1055 2034 promoti.
1078 1996 1202 2032 Quam-

189 2047 301 2086 plures
329 2051 478 2086 preterea
504 2047 674 2085 regulares
703 2048 762 2078 tibi
789 2048 946 2087 subjecti.
972 2049 1028 2087 qni
1052 2054 1128 2078 ante
1150 2048 1202 2079 vel

188 2106 260 2139 post
295 2101 574 2131 monasteriorum
604 2101 814 2139 ingressum,
848 2102 1202 2132 excommnnicationis

189 2153 355 2184 sententia
375 2153 584 2189 tenebantur,
603 2154 823 2184 ascenderunt
840 2154 880 2184 ad
897 2154 1031 2184 ordines
1048 2159 1077 2184 et
1096 2156 1202 2185 suncti

188 2207 323 2237 suerunt
342 2207 402 2244 [in]
419 2206 556 2236 eisdem.
580 2206 742 2236 Nonnulli
759 2216 890 2246 quoqne
907 2207 1055 2245 religiosi
1072 2209 1202 2246 ingres-

189 2270 263 2290 sum
288 2260 518 2299 symoniacum
541 2260 575 2289 in
599 2261 670 2290 suis
694 2261 907 2290 monasteriis
930 2261 1131 2291 habuerunt.
1154 2263 1201 2292 De

188 2322 329 2352 quornm
352 2313 500 2343 omnium
526 2312 632 2343 salute
655 2312 835 2348 sollicitus,
857 2313 1032 2352 postulasti
1055 2318 1107 2349 ut,
1126 2323 1201 2344 curn

187 2366 260 2395 sine
277 2365 369 2403 gravi
386 2365 559 2404 dispendio
574 2366 614 2396 ad
629 2375 687 2395 nos
699 2366 786 2395 mitti
800 2375 863 2396 non
878 2372 1022 2405 possent.
1039 2372 1107 2397 tum
1122 2367 1201 2406 quia

187 2424 234 2449 est
263 2419 441 2454 multitudo
467 2419 501 2448 in
525 2428 642 2454 cansa,
668 2424 736 2449 tum
760 2420 859 2450 etiam
883 2420 960 2459 qnia
989 2420 1199 2457 regularibus

186 2472 349 2509 evagandi
370 2472 508 2501 materia
532 2477 746 2510 prestaretur,
766 2472 937 2511 providere
959 2482 1058 2511 snper
1077 2473 1138 2503 hoc
1162 2482 1200 2503 ex

186 2524 392 2561 benignitate
414 2524 510 2554 solita
537 2525 762 2561 dignaremur.
787 2526 855 2555 Nos
879 2534 966 2562 erg-ro.
991 2526 1030 2555 de
1053 2530 1109 2555 tna
1131 2526 1200 2556 dis-

185 2577 332 2607 cretione
365 2586 400 2607 ac
433 2578 609 2616 prudentia
643 2578 866 2610 confidentes.
898 2579 1106 2617 presentium
1138 2579 1199 2608 tibi

186 2631 382 2660 auctoritate
401 2631 639 2661 committimus
657 2636 691 2661 nt
711 2640 870 2661 mannum
886 2631 1103 2670 inj‹;=ctoribus
1120 2640 1199 2661 con-

186 2693 266 2720 grue
283 2684 570 2714 satisfacientibus
584 2684 691 2722 passis
708 2684 878 2723 injuriam,
896 2683 1073 2714 dnmmodo
1084 2692 1198 2714 eorum

186 2744 341 2766 excessus
365 2745 430 2765 non
453 2736 494 2766 sit
515 2736 661 2765 dillicilis
685 2736 735 2766 vel
759 2736 922 2770 enormis,
948 2741 1080 2774 propter
1100 2746 1199 2776 quem

186 2789 305 2819 merito
321 2789 459 2819 debeant
480 2789 518 2819 ad
544 2794 689 2819 nostram
709 2789 910 2827 presentiam
931 2789 1111 2827 destinari,
1135 2790 1199 2819 im-

187 2842 292 2880 posita
310 2842 358 2872 eis
375 2842 558 2880 penitentia
573 2841 783 2881 competenti.
799 2842 917 2881 possis,
936 2842 996 2872 hac
1013 2843 1093 2873 vice.
1105 2843 1199 2882 juxta

186 2894 326 2924 sormam
345 2894 502 2925 Ecclesie.
523 2895 743 2925 absolutionis
759 2894 958 2926 beneficium
975 2895 1151 2934 impertiri,
1169 2901 1201 2927 et

1295 312 1369 333 cum
1389 304 1521 335 clericis
1543 310 1573 335 et
1597 306 1765 344 religiosis
1791 308 1848 346 qui
1876 310 2153 341 excommunicati
2179 317 2210 342 et
2233 322 2308 344 sus-

1294 357 1389 394 pensi
1406 357 1614 389 celebravere
1631 359 1761 396 divina,
1780 365 1809 390 et
1829 361 2039 393 immemores
2057 364 2135 393 sacti
2154 364 2205 395 vcl
2220 365 2307 403 juris

1294 409 1414 447 ignari,
1435 412 1576 448 promoti
1600 413 1735 442 suerunt
1754 413 1794 443 ad
1813 414 1946 445 ordines
1969 419 2000 445 et
2018 415 2253 447 ministrarunt
2271 418 2306 448 in

1294 462 1388 500 ipsis,
1406 467 1501 500 prout
1517 472 1628 493 eornm
1647 465 1747 495 saluti
1764 466 1916 504 expedire
1938 469 2146 505 cognoveris,
2172 469 2307 509 dispen-

1294 524 1382 550 sare,
1401 517 1520 546 amotis
1543 526 1561 547 a
1579 517 1752 548 beneficiis
1771 519 1829 558 qni
1846 529 1882 549 ea
1906 521 1939 549 in
1965 523 2306 555 excommunicatione

1293 569 1438 598 assecuti
1454 570 1601 600 suerunt.
1621 580 1745 608 percos
1765 572 1805 602 ad
1821 582 1903 611 qnos
1922 575 2061 611 pertinet
2081 577 2303 608 conserendis.

1292 621 1385 651 Alios
1401 631 1478 652 vcro
1499 627 1592 660 pacto
1616 624 1860 655 interveniente
1880 632 2044 664 promotos
2070 629 2110 657 ab
2130 630 2304 661 ordinibus

1293 673 1340 703 sic
1355 675 1530 713 susceptis.
1548 675 1651 706 donec
1664 677 1927 708 misericordiam
1939 680 2156 717 optinuerint.
2172 692 2305 720 presen-

1292 730 1414 757 tatores
1431 731 1541 757 antem
1563 729 1710 767 ipsorum
1731 740 1789 768 per
1813 731 1994 761 triennium
2019 743 2035 763 a
2059 743 2194 763 suorum
2215 735 2305 765 ordi-

1292 788 1372 808 num
1393 781 1585 811 executione
1608 783 1810 820 suspendas,
1833 784 1981 814 facturus
2003 795 2076 815 cnm
2100 788 2304 825 symoniacis

1292 832 1474 861 secundum
1492 837 1613 863 statuta
1631 835 1764 865 concilii
1782 837 1960 873 generalis,
1979 838 2023 867 ita
2041 839 2127 877 qnod
2146 849 2219 869 cnm
2237 849 2304 870 mo-

1291 884 1438 915 nialibus
1457 886 1649 924 symoniace
1667 887 1830 925 ingressis
1842 890 2043 920 monasteria
2058 900 2145 921 suaa
2159 895 2303 930 tempore

1291 938 1425 968 concilii
1458 940 1649 975 memorati,
1686 945 1759 979 post
1791 941 1976 981 injunctam
2006 943 2054 973 eis
2084 945 2304 982 penitentiam

1291 996 1542 1030 competentem,
1561 993 1821 1025 misericorditer
1833 1004 1929 1033 agere
1942 996 2063 1027 valeas.
2080 1002 2175 1035 prout
2189 1008 2303 1029 carum

1289 1044 1413 1074 videris
1434 1045 1586 1083 expedire
1603 1046 1715 1076 saluti.
1734 1047 1769 1077 Si
1789 1048 1846 1086 qui
1866 1058 1942 1078 vcro
1961 1051 2302 1083 excomnmnicatione

1289 1096 1384 1133 lif-*ati
1403 1098 1547 1128 scienter
1565 1099 1711 1137 recipere
1727 1100 1861 1131 ordines
1878 1105 1906 1130 ct
1926 1101 1961 1130 in
1978 1101 2026 1132 eis
2043 1103 2246 1139 ministrare,
2266 1104 2301 1134 in

1290 1155 1513 1189 contemptum
1540 1151 1716 1190 discipline
1744 1153 1979 1190 ecclesiastice,
2009 1161 2300 1194 presumpserunt,

1289 1204 1338 1233 eis
1354 1213 1412 1242 per
1428 1204 1601 1233 biennium
1617 1205 1657 1235 ab
1674 1205 1827 1236 ordinum
1849 1208 2041 1237 executione
2059 1209 2248 1246 suspensis,
2269 1214 2301 1240 et

1289 1256 1439 1293 injuncta
1457 1257 1522 1286 sibi
1537 1258 1722 1295 penitentia
1739 1258 1896 1289 salutari.
1918 1260 2006 1298 ipsos
2030 1262 2252 1298 postmodnm,
2271 1263 2300 1292 si

1288 1311 1413 1341 suerint
1431 1311 1515 1342 bone
1532 1313 1796 1343 conversationis
1813 1319 1841 1343 ct
1860 1315 1936 1351 vite,
1958 1315 1996 1344 ad
2014 1316 2153 1353 gratiam
2170 1317 2300 1355 dispen-

1289 1363 1429 1394 sationis
1446 1365 1612 1400 admittas‚
1629 1366 1713 1395 sicut
1727 1367 1883 1397 discretio
1897 1372 1950 1397 tna
1967 1369 2083 1399 viderit
2098 1370 2298 1400 faciendum.

1288 1415 1452 1446 Nolumus
1471 1421 1580 1448 tamen
1598 1428 1652 1447 eos
1670 1419 1727 1457 qni
1745 1420 1943 1450 seditionem
1960 1422 1998 1451 de
2017 1431 2099 1451 novo
2118 1427 2230 1453 contra
2245 1424 2299 1454 Se-

1287 1467 1361 1497 dem
1376 1469 1599 1507 Apostolicam
1614 1471 1833 1507 esnicitarunt,
1851 1472 1886 1501 in
1903 1474 2008 1510 gratia
2024 1474 2214 1513 hujusmodi
2231 1476 2300 1506 dis-

1286 1522 1493 1559 pensationis
1523 1527 1553 1552 et
1588 1523 1808 1555 absolutionis
1845 1525 1982 1555 includi.
2018 1528 2091 1557 Dat.
2127 1529 2297 1566 Anagnie,

1285 1574 1314 1604 V
1330 1583 1434 1605 nonas
1451 1576 1574 1612 martii,
1593 1586 1679 1607 anno
1696 1581 1797 1608 sexto.
1819 1591 1831 1604 n

1362 1753 1481 1782 1125

1325 1815 1414 1842 l‘riori
1433 1815 1556 1843 Sanctae
1573 1817 1679 1845 Mariae
1695 1818 1909 1847 Cruciserorum
1927 1821 2173 1856 Nigripontensis,
2189 1822 2299 1850 decano

1286 1863 1459 1891 Atheniensi
1472 1868 1500 1891 et
1512 1866 1715 1894 archidiacono
1729 1867 1866 1895 Thebano
1881 1870 1996 1897 mandat
2008 1874 2160 1904 quatenus,
2172 1871 2299 1898 Thessa-

1285 1911 1426 1938 lonicensi
1443 1913 1661 1949 archiepiscopo
1677 1924 1692 1941 a
1708 1914 1945 1951 Nigripontensis
1961 1918 2100 1945 ecclcsiae
2115 1919 2298 1946 administra-

1285 1960 1362 1986 tione
1387 1964 1493 1993 amoto,
1518 1961 1626 1989 decano
1651 1967 1679 1990 et
1701 1964 1826 1998 capitulo
1851 1965 2128 2001 Nigripontensibus
2154 1968 2298 1995 licentiam

1285 2008 1445 2035 concedant
1469 2017 1619 2044 personam
1647 2011 1779 2039 idoneam
1804 2013 1859 2040 sibi
1883 2015 1911 2041 in
1934 2019 2078 2050 pastorem
2104 2016 2239 2051 eligendi.
2264 2032 2298 2037 —

1286 2056 1370 2088 (lieu.
1386 2057 1427 2091 16,
1440 2057 1459 2085 f.
1480 2058 1527 2085 105
1544 2065 1587 2089 1·⁰;
1603 2068 1669 2087 ann.
1689 2059 1738 2094 VI,
1756 2061 1873 2097 (κζ-168.)

1860 1757 1987 1792 Anagni,
2009 1759 2034 1785 11
2056 1767 2132 1786 mars
2151 1759 2227 1787 ¹233.

1328 2171 1340 2184 κ
1362 2181 1381 2187 ..
1395 2160 1499 2196 priori
1514 2161 1623 2190 Sancte
1635 2163 1730 2192 Mario
1743 2163 1971 2200 Crnciserorum
1993 2167 2252 2205 ‘l'islriponlcnsim
2274 2192 2296 2199 ..

1285 2211 1397 2240 ‹Ircczno
1409 2213 1588 2242 Atheniensi
1605 2219 1630 2243 et
1651 2238 1670 2243 ..
1687 2216 1906 2247 archidiacono
1925 2219 2070 2248 Thebano.
2086 2220 2148 2256 Qui
2165 2221 2298 2251 frandu-

1284 2262 1392 2294 lenter
1407 2264 1595 2303 Apostolice
1614 2284 1662 2296 ——.
1681 2268 1957 2305 Signiticantibus
1976 2280 2055 2301 sane
2071 2272 2202 2303 dilectis
2219 2273 2298 2304 filiis

1287 2339 1306 2344 ..
1325 2317 1449 2347 decano
1470 2322 1500 2347 et
1517 2319 1660 2357 capitulo
1676 2321 2009 2360 Nigripontensibns.
2035 2325 2130 2355 nobis
2153 2326 2299 2356 innotuit

1284 2369 1382 2407 quod,
1402 2376 1572 2401 asserente
1589 2373 1772 2403 venerabili
1789 2375 1890 2406 fratre
1913 2381 2024 2406 nostro
2047 2401 2065 2406 ..
2083 2378 2298 2408 Thessaloni-

1285 2423 1377 2452 ceusi
1394 2423 1643 2464 archiepiscopo
1660 2436 1694 2458 se
1714 2427 1746 2457 in
1766 2428 1900 2459 miseria
1920 2434 1948 2459 et
1970 2430 2003 2459 in
2020 2430 2119 2460 exilio
2136 2432 2298 2462 constitu-

1285 2479 1355 2504 tum
1371 2475 1458 2514 (licet
1481 2479 1684 2510 venerabilis
1707 2481 1810 2512 frater
1835 2487 1947 2513 noster
1965 2507 1984 2512 ..
2006 2484 2155 2519 Res-*inus
2171 2485 2298 2523 episco-

1283 2537 1356 2566 pus,
1379 2533 1455 2559 tnnc
1471 2530 1505 2559 in
1523 2532 1673 2569 partilms
1689 2532 1760 2563 illis
1773 2535 1918 2565 officinm
1935 2535 2111 2574 legationis
2128 2535 2295 2573 exea-cens,

1283 2581 1365 2612 duos
1384 2583 1593 2622 episcopatus
1612 2591 1783 2623 meantes,
1809 2588 1960 2619 videlicet
1983 2590 2020 2618 d«-
2046 2590 2161 2619 Daulia
2183 2595 2211 2620 et
2234 2592 2297 2622 Ca-

1283 2634 1372 2666 rino,
1390 2637 1651 2668 commendasset
1677 2639 1801 2675 cidem,
1827 2645 1857 2669 et
1883 2641 1952 2679 ipse
1974 2642 2110 2680 insuper
2132 2643 2297 2674 redditum

1283 2686 1357 2724 plus
1369 2697 1468 2726 quam
1481 2690 1799 2729 quadi-ingentorum
1814 2693 2038 2731 iper-perornat
2055 2700 2163 2732 preter
2174 2695 2296 2733 episco-

1282 2744 1379 2776 patus
1391 2741 1555 2778 predictos
1567 2744 1749 2782 perciperet
1763 2751 1884 2775 annuat
1894 2746 1947 2775 im.
1960 2747 2112 2776 existeret
2127 2747 2225 2777 etiam
2239 2748 2296 2777 im-

1283 2792 1419 2829 perialis
1436 2795 1510 2825 aulo
1527 2796 1764 2833 cancell-'trins3
1783 2798 1821 2828 de
1840 2799 1961 2837 quibus
1979 2800 2011 2828 in
2028 2800 2149 2829 litteris
2164 2810 2179 2829 a
2201 2800 2296 2831 nobis

1283 2844 1428 2876 obtentis
1445 2847 1534 2877 nulla
1553 2850 1676 2879 mentio
1694 2851 1777 2879 [ιιι-111
1796 2851 1867 2880 snit*
1889 2862 1894 2880 :
1915 2861 1989 2881 nos.
2014 2852 2092 2881 moti
2113 2853 2199 2882 circa
2221 2862 2297 2883 eum

1283 2899 1524 2937 compassionis
1541 2901 1671 2937 affectu,
1690 2903 1938 2934 venerabilibus
1956 2904 2114 2935 fratribus
2131 2905 2254 2936 nostris
2275 2928 2295 2935 ..
