2498 3242
169 260 245 290 1177
1021 248 1236 287 HUITIEME
1258 247 1419 285 ANNEE.
2200 255 2275 286 1173

169 330 237 356 tum
254 325 414 365 quicquid
425 329 497 363 post
514 324 769 363 appellationem
786 323 977 364 hujusmodi
993 321 1180 353 constiterit

169 384 293 410 temere
309 382 551 416 attemptatum,
571 378 604 407 in
623 387 721 408 causa
740 378 813 416 ipsa
828 378 921 417 juxta
939 376 1085 415 priorum
1102 384 1180 405 con-

168 431 345 462 tinentiam
373 430 561 461 litterarum
576 432 596 466 ¹,
628 431 849 469 appellatione
879 434 1022 464 remota,
1053 428 1181 458 ratione

167 483 292 524 previa,
308 483 505 522 procedatis.
522 483 680 522 Alioquin
697 488 807 522 partes
822 482 860 512 ad
876 481 1181 521 priorumjudicum

169 540 244 572 eto„
263 535 484 575 appellantem
501 541 560 566 etc.
582 537 696 566 Testes
717 540 778 566 etc.
799 536 872 566 Non
889 535 1040 565 obstante
1057 533 1182 564 consti-

170 590 298 621 tutione
317 589 355 619 de
373 589 501 620 duabus
520 590 619 619 dietis
643 593 702 619 etc.
727 589 820 626 Quod
842 589 869 619 si
892 597 956 618 uon
974 597 1088 618 omnes
1106 591 1180 623 etc.‚

170 646 217 678 tu.
235 642 339 672 frater
357 642 520 680 episcope,
539 646 598 672 etc.
620 642 692 672 Dat.
714 646 747 671 ut
765 650 876 679 supra.
897 653 909 666 n

245 847 364 876 2182

208 909 353 945 Episcopo
366 909 535 936 Redonensi
549 909 663 936 mandat
677 913 821 944 quatenus
836 909 997 936 sententias
1013 917 1183 935 exeommu-

173 958 328 986 nicationis
352 959 379 985 iu
401 959 536 985 comitem
558 959 722 985 Britanniae
743 962 771 985 et
791 958 935 985 interdicti
951 959 979 985 in
996 959 1062 993 ejus
1079 962 1183 985 terram

171 1007 206 1035 ab
233 1007 297 1042 ipso
327 1008 466 1042 episcopo
496 1008 707 1042 promulgatas,
733 1007 806 1033 infra
831 1010 895 1033 octo
920 1006 982 1033 dies
1006 1007 1124 1033 relaxet.
1150 1021 1184 1026 —

171 1056 256 1090 (Rae.
275 1057 318 1088 17,
335 1056 354 1082 f.
372 1056 423 1083 2⁶29
437 1063 476 1087 r⁰;
494 1064 560 1083 ann.
579 1055 660 1088 VIII,
677 1064 702 1082 c.
721 1055 787 1087 307;
804 1070 839 1076 —
851 1055 971 1083 Monam
985 1055 1062 1085 1189,
1075 1055 1094 1082 s.
1107 1055 1183 1089 225.)

670 847 809 879 Perouse,
827 847 842 874 S
859 847 1014 874 novembre
1035 846 1111 874 1234.

213 1183 226 1199 α
248 1195 267 1200 ..
285 1173 420 1209 episcopo
435 1171 612 1201 Redonensi.
631 1171 745 1201 Idem2
762 1170 960 1200 transmissa
983 1170 1079 1200 nobis
1100 1169 1184 1209 peti-

171 1224 261 1255 tione
278 1224 473 1254 monstravit
487 1224 584 1263 quod,
598 1233 671 1254 cum
689 1223 767 1254 olim
780 1224 868 1253 inter
880 1228 909 1253 te
922 1228 953 1253 et
964 1223 1073 1262 ipsum
1086 1232 1185 1261 super

173 1277 374 1317 quibusdam
390 1277 575 1307 redditibus
592 1280 623 1307 et
636 1277 736 1307 rebus
748 1276 824 1306 aliis
841 1276 975 1307 suborta
989 1276 1109 1306 suisset
1119 1285 1185 1306 ma-

171 1331 256 1362 teria
269 1330 467 1370 questionis,
487 1330 630 1365 tandem,
644 1330 870 1360 mediantibus
886 1329 1070 1360 venerabili
1082 1330 1184 1359 fratre

173 1387 286 1414 nostro
309 1407 329 1412 ..
345 1382 594 1421 archiepiscopo
610 1382 797 1412 Turonensi
815 1387 844 1412 et
864 1382 940 1412 aliis
960 1382 1072 1420 probis
1090 1382 1182 1417 viris,

171 1435 364 1475 hujusmodi
381 1434 511 1474 questio
530 1434 638 1464 extitit
654 1434 742 1464 inter
759 1443 815 1464 vos
834 1434 1004 1464 amicabili
1022 1435 1185 1473 composi-

172 1489 263 1519 tione
280 1488 398 1526 sopita.
418 1487 569 1526 Cumque
585 1487 793 1526 postmodum
811 1491 856 1522 tu,
874 1491 965 1517 motu
980 1488 1111 1526 proprie
1129 1497 1185 1517 vo-

172 1541 313 1573 luntatis
347 1541 553 1571 resuscitans
590 1539 781 1579 hujusmodi
816 1540 1041 1579 questionem,
1076 1540 1186 1579 ipsum

174 1604 342 1626 assereres
361 1594 514 1624 obviasse
531 1593 764 1632 compositioni
779 1593 941 1632 predicte,
959 1593 1046 1624 idem
1063 1603 1184 1630 comes,

173 1658 233 1688 pro
257 1657 295 1678 eo
322 1647 410 1686 quod
436 1648 542 1677 forma
573 1646 824 1685 compositionis
852 1655 918 1676 non
946 1647 1124 1685 apparebat
1151 1647 1186 1677 in

174 1701 324 1740 scriptis,
341 1701 428 1731 dieto
451 1700 571 1739 prefati
592 1700 834 1739 archiepiscopi
851 1704 882 1731 et
902 1700 1044 1730 aliorum
1064 1701 1186 1731 media-

173 1759 283 1785 torum
295 1754 351 1793 qui
365 1758 443 1784 tunc
453 1757 625 1792 presentes
639 1753 788 1789 aderant,
801 1762 836 1783 se
851 1753 971 1783 obtulit
986 1754 1184 1792 pariturum,

174 1812 288 1843 netu,
317 1807 490 1837 occasione
522 1806 730 1845 hujusmodi,
758 1810 953 1845 attemptare
975 1816 1186 1846 presumeres

174 1860 302 1900 aliquid
318 1864 431 1890 contra
446 1869 532 1895 eum,
547 1859 587 1889 ad
601 1859 719 1889 Sedem
730 1858 955 1897 Apostolieam
970 1859 1183 1898 appellando,

173 1914 232 1944 sed
249 1918 298 1947 tu,
317 1913 351 1942 in
371 1912 431 1942 hac
450 1917 542 1951 parte
562 1912 652 1942 vices
669 1921 787 1950 gerens
801 1912 925 1951 judicis
942 1916 972 1942 et
989 1913 1128 1948 actoris,
1147 1912 1185 1943 de

173 1966 425 2005 compositionis
444 1966 548 1995 forma
566 1974 631 1994 non
654 1965 785 2003 cognito
807 1974 842 1995 ae
865 1964 1057 2004 hujusmodi
1074 1965 1186 2004 appel-

172 2019 296 2050 latione
329 2022 533 2056 contempta,
566 2017 601 2047 in
631 2017 741 2056 ipsum
771 2017 1124 2048 excommunicationis
1155 2023 1186 2048 et

172 2076 295 2103 terram
321 2080 415 2100 suam
440 2071 611 2101 interdicti
636 2070 820 2101 sententias
841 2070 1070 2109 promulgasti.
1097 2072 1186 2108 Quo-

135 2112 142 2119 ⁰
174 2126 262 2156 circa
288 2124 490 2154 fraternitati
508 2128 561 2153 tue
579 2133 636 2162 per
654 2123 833 2161 apostoliea
850 2123 972 2162 scripta
988 2124 1185 2153 mandamus

175 2182 356 2218 quatenus,
380 2177 409 2206 si
432 2181 478 2207 est
503 2177 564 2212 ita,
585 2176 690 2206 dictas
713 2173 1067 2207 excommunicationis
1086 2181 1117 2207 et
1134 2177 1186 2206 in-

174 2231 306 2262 terdicti
328 2230 512 2260 sententias
533 2229 621 2258 infra
649 2232 720 2258 octo
744 2229 815 2259 dies
843 2232 916 2267 post
940 2229 1186 2267 susceptionem

173 2283 382 2324 presentium
399 2283 471 2312 sine
493 2282 641 2321 qnalibet
660 2281 853 2311 difficultate
870 2281 1008 2311 relaxes.
1027 2281 1186 2321 Alioquin

175 2336 361 2368 venerabili
383 2336 480 2366 fratri
503 2340 614 2366 nostro
637 2359 656 2364 ..
682 2335 835 2373 episcopo
857 2339 888 2365 et
911 2335 1041 2365 dilectis
1062 2335 1142 2366 filiis
1163 2358 1184 2364 ..

175 2390 294 2430 majori
317 2394 347 2420 et
370 2388 570 2427 Reginaldo,
589 2387 852 2427 ,archidiacon[o]
872 2387 1185 2424 Aurelianensibus,

175 2443 300 2474 nostris
317 2443 434 2472 damus
449 2441 571 2472 litteris
588 2441 622 2471 in
639 2441 805 2471 mandatis
822 2445 857 2470 ut
872 2441 951 2479 ipsi,
973 2450 1011 2471 ex
1028 2445 1105 2471 tune
1121 2441 1187 2471 suf-

175 2496 303 2527 ficienti
328 2495 367 2526 ab
388 2504 426 2525 eo
445 2504 544 2533 super
566 2494 634 2524 hiis
656 2503 714 2532 pro
738 2493 860 2533 quibus
883 2494 1187 2525 excommunicatus

175 2549 329 2584 habetur,
348 2548 502 2578 cautione
518 2551 663 2586 recepta,
678 2547 771 2586 juxta
788 2547 929 2576 sormam
946 2546 1094 2577 Ecclesie
1111 2556 1188 2577 sen-

176 2603 300 2633 tentias
322 2601 469 2632 relaxent
492 2600 640 2633 easdem,
662 2604 707 2635 et,
733 2599 882 2639 injuncto
903 2600 933 2629 ei
950 2599 1037 2638 quod
1057 2600 1096 2630 de
1113 2601 1188 2639 jure

177 2655 280 2686 fuerit
299 2654 560 2694 injungendum,
581 2653 718 2683 audiant
740 2653 767 2681 si
788 2652 867 2691 quid
886 2653 987 2683 suerit
1003 2653 1188 2692 questionis

178 2711 222 2744 et,
240 2707 461 2747 appellatione
477 2711 614 2741 remota,
633 2706 744 2736 debito
761 2706 825 2736 tine
839 2705 1003 2742 decidant,
1019 2710 1050 2737 et
1065 2707 1190 2737 saciant

213 2841 234 2867 1.
265 2843 314 2866 Ms.
341 2850 348 2864 :
372 2840 526 2864 litterarum
550 2839 759 2866 continentiam.
782 2839 838 2869 qui.
862 2845 896 2862 au
920 2839 998 2870 point
1022 2839 1056 2863 de
1077 2845 1130 2863 vue
1154 2839 1191 2864 du

180 2885 299 2916 rythme,
316 2888 358 2908 est
373 2884 572 2908 certainement
585 2883 674 2907 sautif.
1010 2879 1013 2882 ⁴

211 2928 235 2954 2.
252 2928 334 2959 Voy.‚
351 2935 399 2952 sur
416 2931 460 2952 cet.
477 2929 588 2957 incipit.
605 2927 630 2951 la
646 2930 710 2951 noto
726 2927 734 2951 1
753 2926 786 2950 do
803 2927 828 2950 la
843 2926 960 2951 colonae
979 2927 1046 2952 1176.

1264 321 1351 359 quod
1369 321 1575 352 decreverint
1594 322 1790 352 auctoritate
1806 325 1919 352 nostra
1936 322 2074 352 firmiter
2089 322 2271 352 observari.

1265 374 1336 405 Dat.
1357 379 1516 414 utsupra.
1540 388 1552 401 n

1337 532 1456 561 2¹³3

1300 594 1456 630 Episcopo,
1480 596 1581 630 majori
1605 595 1808 623 archidiacono
1829 600 1857 621 et
1879 595 2053 629 lteginaldo,
2071 595 2274 622 archidiacono

1267 643 1538 675 Aurelianensibus,
1557 643 1592 670 de
1609 644 1709 670 eadem
1723 653 1751 670 re
1765 644 1876 675 scribit,
1890 644 2049 670 secundum
2066 643 2183 670 sormam
2201 651 2274 677 quae

1762 533 1899 566 Perouse,
1918 534 1933 560 8
1951 534 2106 560 novembre
2127 534 2201 561 1234.

1265 700 1370 726 supra,
1387 694 1545 726 quatenus,
1563 692 1588 718 si
1606 692 1788 719 Redonensis
1805 693 1961 727 episeopus
1978 691 2141 718 mamlatum
2158 695 2276 726 aposto-

1265 741 1353 767 licum
1370 741 1529 775 neglexerit
1543 741 1710 776 adimplere,
1724 741 1779 776 ipsi
1795 741 1955 776 praedictas
1967 741 2275 767 exconununientionis

1265 793 1293 816 et
1309 789 1454 816 interdicti
1479 790 1638 816 sententias
1660 790 1788 816 relaxent
1811 793 1840 816 et
1863 789 1992 815 eamdem
2014 797 2130 815 causam
2155 789 2276 815 finaliter

1266 837 1408 864 decidant.
1421 852 1457 858 —
1470 837 1554 871 (Rea.
1574 838 1615 870 17,
1633 838 1651 865 s.
1668 838 1774 869 2‘291·o;
1793 846 1858 864 ann.
1878 837 1958 869 VIII,
1976 846 2000 864 c.
2024 837 2088 866 308:
2106 852 2141 856 -
2157 836 2276 864 Monam

1267 886 1345 918 1189,
1362 886 1380 913 f,
1401 886 1474 919 2²26.)

1309 1000 1321 1015 ι(
1343 1011 1362 1017 ..
1381 989 1525 1026 episcopo,
1547 1011 1566 1017 ..
1586 989 1701 1026 majori
1716 993 1741 1018 et
1758 988 1932 1025 Reqinalclo,
1950 987 2169 1017 archidiacono
2184 987 2277 1016 Aure-

1267 1042 1468 1071 lianensibus.
1485 1041 1577 1072 Idem
1589 1042 1599 1062 ¹
1616 1041 1813 1071 transmissa
1825 1040 1921 1071 nobis
1932 1058 1981 1068 —.
1998 1041 2070 1070 Dat.
2088 1044 2123 1069 ut
2135 1048 2245 1078 supra.
2262 1051 2275 1065 r>

1340 1198 1459 1227 2194

1303 1260 1555 1295 Arehiepiscopis,
1573 1261 1720 1295 episcopis
1743 1264 1772 1287 et
1792 1260 1855 1287 aliis
1871 1261 2060 1287 ecclesiarum
2078 1260 2212 1295 praelatis
2228 1268 2279 1295 per

1268 1308 1438 1343 Hispaniam
1461 1310 1642 1343 constitutis,
1665 1309 1832 1344 petentibus
1859 1310 1995 1343 magistro
2018 1312 2046 1335 et
2068 1309 2204 1335 fratribus
2224 1308 2279 1334 mi-

1267 1357 1344 1384 litiae
1367 1358 1460 1384 sancti
1483 1357 1585 1384 Jacobi
1608 1358 1636 1384 in
1660 1357 1814 1392 Hispania,
1837 1358 1949 1384 inhibet
1965 1366 2000 1384 ne
2020 1366 2140 1392 corpora
2160 1357 2278 1384 fratrum

1786 1198 1925 1232 Perouse‚
1943 1198 1976 1226 26
1992 1199 2111 1225 octobre
2128 1198 2205 1225 1234.

1244 1440 1250 1448 x
1267 1406 1362 1432 dictae
1388 1406 1506 1432 militiae
1529 1406 1585 1441 ipsi
1607 1406 1634 1432 in
1657 1407 1741 1433 suis²
1764 1407 1898 1433 ecelesiis
1925 1406 2066 1441 sepeliant
2091 1407 2135 1432 vel
2164 1405 2279 1441 sepeliri

1269 1454 1450 1489 permittant,
1470 1455 1556 1481 etiam
1573 1455 1598 1481 si
1614 1455 1649 1481 (le
1671 1456 1760 1489 facto,
1779 1464 1845 1482 cum
1862 1455 1976 1490 dejure
1999 1455 2167 1490 nequirent,
2189 1455 2277 1481 iidem

1268 1503 1371 1529 fratres
1401 1503 1440 1529 ibi
1471 1503 1612 1537 elegerint
1637 1504 1827 1538 sepulturam.
1855 1519 1886 1524 —
1917 1503 2001 1537 (Rau.
2035 1505 2075 1536 17,
2108 1504 2127 1530 t'.
2157 1504 2208 1530 229
2235 1510 2276 1535 r⁰;

1268 1559 1336 1579 ann.
1349 1550 1430 1583 VIII,
1448 1559 1475 1578 c.
1492 1552 1565 1585 309.)

1311 1665 1324 1680 (ι
1343 1654 1585 1691 Archiepiscopis
1601 1658 1627 1682 et
1643 1654 1787 1691 episeopis
1810 1658 1834 1682 ct
1853 1654 1926 1682 aliis
1941 1654 2136 1682 ecclesiarum
2151 1654 2279 1691 prelatis

1265 1715 1321 1744 per
1346 1707 1507 1744 [spaniam
1534 1707 1719 1735 constitutis.
1748 1705 1832 1736 Cum
1859 1715 1955 1736 nemo
1981 1706 2098 1736 debeat
2126 1724 2173 1735 —.
2203 1706 2277 1735 Dat.

1269 1759 1421 1795 Perusii,
1440 1759 1504 1790 VII
1527 1759 1688 1789 kalendas
1713 1759 1920 1795 novembris,
1939 1759 2152 1797 pontificatus
2174 1759 2280 1789 nostri

1268 1820 1355 1842 anno
1371 1816 1496 1842 octavo.
1515 1823 1529 1838 n

1506 1940 1520 1948 .-

1341 1969 1465 1997 2195

1305 2030 1445 2065 Magistro
1462 2034 1490 2058 et
1506 2031 1642 2058 fratribus
1657 2031 1774 2058 militiae
1789 2032 1880 2058 sancti
1897 2031 1998 2058 Jacob}
2016 2032 2043 2058 in
2062 2031 2199 2067 Hispania
2214 2040 2281 2060 cou—

1268 2079 1346 2106 cedit
1358 2082 1388 2105 ut
1400 2079 1500 2106 tertias
1511 2079 1663 2114 deputatas
1681 2079 1797 2106 fabricis
1813 2080 2001 2106 ecclesiarum
2017 2088 2090 2114 quae
2107 2080 2134 2106 in
2151 2081 2280 2115 ipsorum

1269 2127 1344 2154 villis
1365 2127 1538 2160 existebant,
1556 2128 1583 2154 in
1606 2127 1736 2163 ipsorum
1758 2128 2001 2154 sustentationem
2023 2132 2051 2154 et
2071 2129 2235 2155 subsidium
2253 2133 2282 2156 et

1269 2177 1297 2202 in
1314 2175 1513 2202 defensionem
1531 2180 1692 2203 castrorum
1708 2185 1782 2211 quae
1797 2177 1823 2203 in
1839 2176 2064 2203 Sarracenorum
2082 2177 2216 2204 frontaria
2233 2178 2279 2204 ba-

1268 2225 1386 2257 bebant,
1403 2228 1573 2251 convertere
1590 2233 1640 2260 per
1655 2225 1810 2252 triennium
1828 2225 1951 2258 valeant,
1967 2226 2004 2251 ita
2018 2225 2094 2260 quod
2111 2226 2221 2252 eisdem
2238 2226 2279 2252 sa-

1269 2273 1357 2300 bricis
1374 2273 1500 2308 provisio
1517 2273 1552 2299 de
1567 2274 1660 2300 tertiis
1677 2273 1844 2300 memoratis
1863 2278 2070 2300 reservaretur.
2088 2289 2120 2294 —-
2136 2274 2218 2307 (Rso.
2239 2275 2280 2306 17,

1269 2321 1288 2348 f.
1305 2321 1415 2351 22910:
1433 2329 1499 2348 ann.
1518 2320 1599 2353 VIII,
1617 2329 1642 2348 c.
1661 2321 1736 2354 310.)

1794 1969 1933 2004 Perouse,
1949 1970 1982 1997 23
1997 1971 2114 1997 octobre
2130 1971 2208 1999 1234.

1312 2435 1326 2450 α
1346 2445 1364 2452 ..
1383 2424 1532 2461 maqislro
1552 2429 1578 2452 et
1596 2424 1748 2460 fratribus
1764 2425 1877 2453 militie
1897 2425 1998 2454 sancti
2018 2425 2120 2454 Jaeohi
2146 2426 2179 2454 in
2195 2425 2281 2463 Ispa-

1270 2477 1338 2506 nia.
1358 2475 1442 2508 Cum
1460 2476 1598 2506 fundata
1614 2476 1658 2506 sit
1673 2494 1720 2505 —.
1741 2477 1814 2506 Dat.
1833 2477 1980 2512 Perusii,
2000 2478 2031 2507 X
2047 2477 2206 2508 kalendas
2223 2486 2282 2508 no-

1270 2529 1428 2565 vembris,
1445 2529 1659 2568 pontificatus
1676 2530 1781 2560 nostri
1797 2539 1884 2559 anno
1900 2534 2022 2560 octavo.
2045 2543 2057 2555 n

1346 2686 1463 2715 2¹98

1308 2747 1439 2783 Capitulo
1451 2747 1646 2775 Corinthiensi
1658 2748 1788 2783 indulget
1799 2752 1830 2775 ut
1841 2749 1990 2776 invasores
2005 2758 2124 2776 suorum
2141 2749 2282 2777 bonorum

1769 2685 1907 2720 Percuse,
1925 2687 1941 2714 6
1957 2687 2113 2714 novembre
2134 2687 2208 2715 1‘234.

1308 2882 1328 2906 1.
1345 2882 1386 2907 Ct'.
1402 2883 1429 2906 la
1443 2885 1509 2907 noto
1525 2882 1699 2914 precedente.

1306 2926 1329 2952 2.
1345 2928 1377 2951 Id
1393 2929 1433 2951 est
1451 2936 1457 2951 ;
1474 2927 1754 2959 archiepiscoporum,
1771 2927 1974 2959 episcoporum,
1991 2931 2043 2951 etc.
