2498 3242
239 289 295 317 757
963 290 1201 321 REGISTRES
1224 290 1279 319 DE
1301 282 1523 321 GREGOIRE
1546 292 1604 322 IX.
2274 295 2332 325 768

240 354 296 383 ul·i
310 356 318 374 ¹
334 354 443 392 plures
458 355 586 382 suerunt
605 354 840 384 miserabiliter
852 355 1030 391 interfecti,
1044 361 1072 386 et
1090 354 1243 385 nonnulli

239 405 382 435 letaliter
399 405 573 434 vulnerati.
592 405 752 444 Cumque.
772 406 877 435 trihus
892 407 1019 438 dicbus,
1038 407 1242 445 consumptis

239 457 456 486 victualibus.
485 457 691 486 obsidionem
719 458 906 498 hujusmodi
933 459 1110 490 tolerantes
1132 464 1240 490 essent

239 509 319 539 adeo
332 510 399 548 jam
416 509 524 538 artati.
543 510 628 547 quod
643 510 813 547 ingressus
827 511 874 541 eis
889 512 939 541 vel
954 522 1107 550 egressus
1120 512 1242 551 aliquis

239 572 303 591 non
320 568 455 600 pateret.
477 563 676 593 venerahilis
694 565 793 593 frater
810 570 920 594 noster
938 588 954 593 ..
975 565 1242 604 archiepiscopus

239 615 441 644 senonensis
467 620 495 644 ct
522 639 540 643 ..
565 616 737 654 episcopus
762 617 1044 647 Autisiodorensis
1074 623 1101 647 et
1126 627 1242 656 quam-

238 667 348 705 plures
365 667 515 697 abluates.
538 668 632 706 quasi
654 668 693 697 ad
712 669 935 706 spectaculum
959 675 1185 700 accurrentes.
1206 679 1242 700 ac

238 719 387 749 videntes
404 729 538 749 suarum
555 721 726 757 angustias
745 721 942 751 animarum.
960 722 1242 761 formidantesque

238 773 447 811 presentibus
467 774 616 809 graviora
639 774 783 811 pericula
808 779 837 803 ct
857 774 1093 805 desolationem
1111 784 1242 805 monas-

239 825 312 854 terii
330 831 498 855 secutura.
519 826 602 864 apud
628 826 767 855 eundem
786 827 937 857 comitem
956 836 1029 857 cum
1046 827 1147 857 multa
1169 837 1243 866 pre-

237 887 310 907 cum
329 878 486 907 instantia
505 878 708 907 lal·or.·u·unt.
730 884 761 908 ut
779 879 819 908 al»
836 880 941 917 ipsius
959 880 1150 909 monasterii
1174 889 1242 910 mo-

236 929 411 959 lus-statione
426 936 580 959 cessaret.
597 931 670 960 Sed.
687 940 759 959 cum
776 940 833 961 nec
847 931 893 961 sic
907 937 1015 970 posset
1028 933 1098 970 ejus
1111 932 1242 962 animus

237 982 399 1017 mitigari.
420 989 482 1011 tam
502 983 580 1020 ipsis
598 993 695 1021 qnam
715 984 912 1022 quibusdam
930 984 1098 1014 nobilibus
1117 984 1242 1015 hahen-

237 1034 324 1063 tibus
343 1035 381 1063 ad
402 1034 486 1064 idem
504 1036 741 1065 monasterium
759 1036 998 1074 compassionis
1015 1038 1183 1072 affectum,
1203 1037 1243 1067 ad

237 1091 409 1116 tr.·n·tatum
428 1088 516 1125 pacis
535 1088 823 1126 interpomffntilnus
840 1094 948 1127 partes
967 1099 1055 1123 suas,
1076 1099 1142 1125 vos,
1164 1098 1242 1119 con-

235 1145 365 1168 ventus.
384 1139 416 1168 in
435 1144 504 1169 arto
520 1140 630 1178 linsiti.
648 1150 710 1179 qua
728 1141 885 1178 poteratis
904 1146 1031 1177 euntes,
1050 1142 1084 1171 in
1102 1142 1242 1172 eundem

236 1191 520 1229 urchiepiscopum
547 1193 838 1231 compromisistis,
868 1194 960 1232 juxta
990 1193 1124 1232 vulgare
1158 1185 1241 1224 terre

236 1246 310 1272 haut
329 1250 354 1273 «t
373 1245 435 1279 turs,
458 1254 531 1274 cum
551 1245 668 1275 comite
686 1246 891 1284 supradicto.
908 1246 1046 1284 prestito
1064 1251 1129 1275 tam
1150 1256 1165 1276 a
1186 1255 1242 1276 vo-

234 1297 286 1326 bis
312 1307 410 1335 quam
429 1298 469 1326 ab
491 1298 604 1328 eodem
630 1298 747 1328 comite
776 1298 1014 1329 nichilominus
1035 1299 1239 1338 juramento.

235 1355 262 1379 et
283 1359 365 1388 pena
384 1360 419 1380 ex
440 1356 530 1389 parte
551 1355 658 1380 restra
679 1351 843 1389 apposita.
866 1351 1018 1390 datisque
1036 1352 1242 1391 fidejussori-

234 1402 307 1432 bus.
328 1412 432 1441 usque
457 1403 495 1432 ad
515 1412 676 1433 summam
696 1404 795 1433 trium
815 1403 944 1433 milium
963 1403 1123 1434 librarum
1147 1405 1241 1435 Pari-

234 1456 408 1485 siensium.
425 1461 455 1485 ut
475 1457 634 1494 quicquid
651 1457 720 1494 ipse
740 1456 921 1486 mandaret,
938 1457 1076 1487 tirmiter
1091 1466 1241 1487 servare-

235 1512 298 1537 tur.
322 1509 394 1546 Ipse
415 1517 489 1537 vers·
509 1508 793 1547 archiepiscopus.
821 1509 994 1539 attendens
1016 1509 1241 1540 miserabilem

234 1565 355 1589 statum
373 1562 567 1590 m1‚·nast·²rii
584 1567 611 1591 et
638 1561 800 1591 malitiam
820 1562 975 1600 temporis
993 1562 1237 1598 imminentem,

235 1622 294 1642 nec
312 1623 375 1642 11ιί11
395 1614 652 1643 destructionem
673 1619 736 1643 tam
754 1615 947 1644 monasterii
969 1624 1067 1653 quani
1083 1615 1161 1645 ville
1177 1625 1240 1655 que

234 1666 268 1695 in
284 1666 397 1703 januis
410 1667 597 1705 :qipareljah
611 1672 638 1697 et
655 1667 791 1697 credens
804 1672 993 1706 utcumque,
1011 1672 1107 1706 prout
1124 1668 1238 1703 valuit7

234 1727 299 1748 non
317 1725 349 1748 ut
368 1719 481 1748 voluit.
500 1719 605 1749 eidem
625 1720 826 1750 monasterio
847 1720 1034 1758 providere,
1064 1720 1240 1750 arbitrium

234 1771 366 1809 protulit
387 1771 420 1800 in
438 1771 525 1801 hunc
544 1772 676 1801 moduni
695 1782 700 1800 :

272 1928 397 1961 [Galteri,
415 1930 623 1964 archiepiscopi
639 1929 826 1964 Senouensis,
840 1930 987 1956 arbitrium
1005 1931 1078 1956 inter
1095 1934 1239 1957 monaste-

232 1976 304 2002 rium
323 1975 526 2003 virziliacense
543 1982 571 2002 et
590 1977 722 2003 comitem
745 1977 981 2012 commissamque
1000 1977 1198 2005 Nivernenses
1218 1979 1235 2012 :J

305 2104 437 2138 [¹320]
932 2106 965 2131 30
977 2105 1073 2140 juillet
1090 2106 1167 2133 1930.

273 2192 284 2204 ιι
303 2180 355 2213 G„
374 2180 434 2209 Dei
446 2180 551 2217 gratia
569 2180 772 2210 Sermnensis
786 2180 1065 2218 archiepiscopus,
1083 2181 1238 2211 omnibus

232 2244 244 2258 ⁷·
269 2236 439 2270 presentes
467 2232 595 2262 litteras
624 2233 823 2270 inspecturis
851 2232 990 2263 salutem
1022 2233 1056 2262 in
1084 2233 1236 2264 Domino.

232 2296 243 2310 ›¹
270 2285 392 2313 Notum
408 2285 549 2314 facimus
568 2285 669 2323 quod,
689 2294 762 2315 cum
781 2289 851 2314 orta
868 2290 955 2315 essct
971 2285 1135 2316 discordia
1150 2287 1238 2317 inter

231 2349 244 2363 r>
270 2336 413 2366 nobilem
431 2337 539 2366 virum
555 2338 606 2372 G.⁷
627 2338 780 2368 comitem
802 2338 1045 2368 Nivernensem
1067 2343 1095 2369 et
1113 2340 1237 2369 Foren-

231 2402 243 2416 1
269 2399 355 2420 sem.
374 2398 411 2419 ex
434 2399 499 2419 una
522 2395 630 2428 parte,
650 2396 679 2420 et
697 2390 870 2420 ecclesiam
887 2391 1177 2427 Vir-ziliaccnsem‚
1199 2402 1236 2422 ex

230 2455 242 2469 J·
268 2442 386 2477 altera,
416 2443 588 2473 occasione
615 2443 822 2482 quarundam
847 2444 1147 2474 controversiarum
1173 2454 1237 2484 que

230 2508 241 2521 ι.
269 2494 482 2525 vertebantur
504 2495 591 2525 inter
613 2504 680 2531 eos7
706 2495 931 2525 mediantibus
956 2496 1052 2525 bonis
1078 2497 1174 2527 viris.
1198 2497 1236 2527 de

229 2560 242 2574 Ja
267 2547 422 2577 omnibus
444 2547 513 2577 illis
536 2547 771 2577 controversiis
797 2547 860 2577 fuit
884 2547 919 2577 in
947 2557 1006 2578 nos
1029 2549 1069 2578 ab
1097 2553 1236 2589 utraque

228 2612 241 2627 ι
266 2604 358 2639 parte
375 2600 661 2638 compromissum.
679 2600 770 2630 Fecit
789 2600 889 2629 etiam
902 2599 988 2631 idem
1005 2610 1114 2631 comes
1128 2602 1235 2641 jurari

228 2664 241 2679 ⁷,
267 2653 301 2682 in
325 2652 469 2682 animam
489 2661 582 2682 suam
602 2652 689 2691 quod
705 2657 817 2682 nostro
839 2652 925 2682 dicto
942 2656 1043 2683 staret
1061 2662 1159 2692 super
1173 2654 1236 2684 hoc

229 2718 241 2731 -ι,
267 2707 343 2735 hanc
357 2712 382 2735 et
396 2706 462 2742 bas,
483 2710 511 2736 et
526 2706 603 2735 inde
618 2705 745 2736 litteras
762 2714 839 2735 suas
854 2710 1005 2744 patentes
1022 2706 1117 2737 nobis
1133 2707 1234 2737 dedit.

228 2770 241 2785 ι,
267 2758 494 2797 Fidejussores
520 2758 619 2787 etiam
649 2767 707 2796 pro
734 2767 769 2788 se
796 2758 969 2788 constituit
996 2759 1169 2796 Hugonem
1197 2759 1235 2790 de

228 2823 240 2837 ra
268 2811 377 2845 Ulmo,
390 2811 577 2840 Joltannem
590 2810 629 2840 de
641 2810 790 2846 Tociaco,
806 2810 1004 2841 Ansericum
1021 2811 1059 2841 de
1074 2811 1233 2847 Baserna,

259 2943 279 2965 1,
298 2944 390 2970 Unde,
408 2942 588 2971 semble-t-il,
604 2941 731 2965 vaudrait
747 2943 848 2966 mieux.

1327 366 1340 381 »
1364 355 1551 386 Gnidonem
1575 357 1613 387 de
1639 358 1864 396 Donnapetra.
1890 358 2028 388 Iteriurn
2051 358 2090 389 de
2116 359 2274 390 Frasneto
2301 363 2332 390 et

1327 418 1339 432 »
1365 407 1564 437 Gauii-idum
1580 408 1618 439 de
1637 409 1803 445 Bulliaco,
1822 409 2059 440 marescalcum
2075 411 2329 447 Nivernensem‚

1327 471 1339 485 υ
1364 464 1457 497 prout
1487 460 1522 490 in
1555 470 1668 491 eorum
1698 462 1820 492 litteris
1847 462 2046 493 continetur.
2077 463 2199 494 Eodem
2222 464 2328 499 modo,

1327 523 1339 539 »
1365 521 1438 542 cum
1464 518 1536 551 post.
1563 519 1703 544 mortem
1730 515 1794 545 viri
1818 516 1871 554 pie
1896 516 2134 546 recordationis
2164 516 2328 552 Saverici,

1327 577 1339 591 »
1365 565 1530 603 quondam
1559 566 1687 597 abbatis
1714 567 1982 604 virziliacensis,
2014 569 2219 599 concorditer
2245 574 2332 600 esset

1327 628 1339 643 »
1364 616 1488 647 electus
1505 628 1522 647 a
1539 623 1701 649 conventu
1718 619 1768 648 vir
1783 620 1984 650 venerabilis
2002 620 2222 655 Guichardus,
2241 621 2331 659 prior

1327 680 1340 696 »
1365 669 1403 699 de
1424 670 1606 706 Prissiaco,
1625 675 1656 701 et
1676 671 1821 701 nondum
1843 672 1914 711 ejus
1937 672 2141 703 confirmatio
2161 682 2180 703 a
2199 673 2330 703 domino

1327 733 1340 748 »
1364 731 1446 760 papa
1472 727 1558 753 esset
1583 723 1733 759 obtenta⁷
1762 746 1781 752 ..
1806 724 1895 762 prior
1919 728 1950 754 et
1975 726 2156 755 conventus
2177 724 2330 755 Virzilia—

1327 785 1340 800 »
1365 783 1480 804 censes
1493 774 1599 813 jurari
1612 776 1762 805 fecerunt
1777 775 1811 805 in
1826 775 1954 806 animas
1970 785 2047 806 suas
2063 776 2101 806 de
2118 776 2203 807 dicto
2219 780 2331 807 nostro

1327 838 1340 852 »
1365 835 1464 864 super
1492 827 1664 865 premissis
1693 828 1768 857 haut
1800 833 1825 857 et
1855 829 1904 857 bas
1937 827 2152 858 observando.
2188 829 2330 859 Litteras

1327 890 1340 905 »
1365 879 1465 909 etiam
1482 889 1558 909 suas
1572 879 1649 910 inde
1667 880 1761 910 nobis
1777 880 1948 916 dederunt,
1967 881 2207 911 constituentes
2223 890 2280 920 pro
2296 890 2331 912 se

1327 942 1340 957 »
1365 930 1491 969 plegios
1513 940 1618 970 usquc
1641 932 1681 961 ad
1705 941 1868 962 summam
1898 933 1998 962 trium
2019 932 2149 962 milium
2170 933 2332 964 librarum

1327 995 1340 1010 n
1366 983 1624 1019 parisiensium,
1663 985 1815 1015 videlicet
1856 986 1991 1016 Petrum
2026 985 2065 1015 de
2102 986 2329 1022 Monasteriis‚

1327 1047 1339 1062 »
1364 1036 1552 1066 Joliannem
1579 1037 1617 1067 de
1645 1037 1760 1068 Rubco
1788 1038 1913 1073 Monte,
1943 1037 2123 1068 Radulfum
2148 1038 2186 1068 de
2211 1039 2329 1075 Fonte,

1327 1100 1339 1114 »
1366 1089 1558 1119 Savericum
1575 1094 1605 1120 et
1623 1090 1780 1120 Obertum
1804 1090 1842 1121 de
1859 1090 2072 1126 corbiniaco,
2091 1091 2272 1129 Symonem
2292 1090 2331 1122 de

1327 1152 1339 1167 η
1365 1141 1456 1171 Cam.
1472 1142 1492 1176 ¹,
1511 1141 1729 1177 Vv'illelmum,
1745 1142 1974 1172 Isambardum
1990 1146 2019 1173 et
2036 1142 2331 1181 Barth[olomeum]

1327 1205 1339 1220 n
1363 1193 1402 1224 de
1415 1194 1534 1223 Sancto
1550 1195 1659 1230 Petro,
1674 1194 1856 1232 burgenses
1869 1194 2134 1225 Virziliacenses.
2147 1196 2216 1226 Nos
2227 1195 2331 1234 igitur

1326 1257 1339 1272 »
1365 1245 1488 1275 dictum
1512 1250 1661 1276 nostrum
1682 1247 1972 1285 pronuntiavimus
1994 1247 2029 1277 in
2050 1247 2139 1277 hunc
2163 1247 2296 1278 modum
2321 1258 2328 1277 :

1327 1311 1339 1325 »
1365 1299 1578 1337 Precepirnus
1594 1299 1782 1338 supradicto
1799 1299 1910 1330 comiti
1927 1300 2013 1339 quod
2032 1300 2207 1331 ecclesiam
2222 1304 2253 1332 et
2266 1300 2330 1331 vil·
2369 1296 2374 1300 ⁴

1326 1363 1339 1378 »
1363 1351 1445 1386 lam,
1467 1351 1645 1382 monachos
1668 1356 1699 1382 et
1720 1352 1903 1390 burgenses
1924 1353 2196 1389 virziliacenses,
2221 1357 2252 1384 et
2275 1362 2328 1384 res

1326 1417 1339 1430 »
1364 1413 1477 1434 eorum
1503 1404 1587 1434 bona
1614 1404 1677 1434 fide
1702 1404 1893 1435 defenderet
1914 1409 1945 1435 et
1969 1409 2177 1436 conservaret
2202 1405 2238 1435 in
2260 1405 2329 1435 illis
2369 1432 2373 1442 ,

1326 1469 1338 1483 »
1362 1456 1572 1486 libertatibus
1587 1461 1617 1486 et
1630 1456 1927 1487 consuetudinibus
1942 1457 1976 1486 in
1991 1457 2111 1496 quibus
2125 1466 2180 1488 eos
2196 1466 2330 1488 conser-

1326 1522 1338 1536 »
1363 1514 1523 1540 vax-erunt
1547 1510 1796 1548 predecessores
1818 1509 1924 1549 ipsius
1946 1510 2076 1540 comitis
2097 1510 2327 1541 Nivcrnensis.

1326 1574 1338 1588 »
1363 1562 1485 1592 Eodem
1509 1562 1602 1592 modo
1620 1566 1684 1592 tam
1708 1562 1880 1592 monachis
1903 1571 2001 1601 quam
2017 1562 2239 1600 burgensibus
2253 1571 2329 1601 pre-

1325 1627 1338 1642 »
1364 1616 1511 1653 cepimus
1527 1619 1562 1645 ut
1585 1615 1614 1645 ei
1632 1619 1798 1654 tamquam
1815 1615 1942 1645 custodi
1959 1619 1990 1645 ct
2009 1615 2163 1646 advocato
2180 1623 2239 1646 suo
2251 1615 2329 1646 obe-

1326 1680 1338 1695 »
1363 1668 1492 1698 dientes
1508 1667 1666 1698 honorem
1683 1667 1877 1703 exhibeant,
1895 1667 2093 1706 recipientes
2109 1676 2185 1698 eum
2200 1668 2235 1697 in
2250 1667 2330 1698 villa

1325 1733 1338 1747 »
1364 1730 1423 1751 sua
1439 1730 1476 1750 eo
1488 1720 1582 1750 modo
1599 1729 1662 1759 quo
1674 1720 1922 1758 predecessores
1939 1728 2016 1750 suos
2029 1720 2175 1758 recipere
2191 1728 2330 1750 consue-

1325 1785 1338 1801 »
1362 1777 1492 1803 verunt.
1510 1773 1720 1812 Injunximus
1737 1773 1837 1802 etiam
1853 1773 1959 1803 eidem
1982 1773 2094 1802 comiti
2110 1777 2145 1802 ut
2161 1772 2200 1803 de
2216 1773 2330 1812 damp-

1324 1837 1338 1852 1)
1363 1826 1416 1855 nis
1441 1835 1504 1864 que
1526 1825 1619 1854 illata
1640 1825 1771 1855 fuerant
1794 1825 1966 1855 occasione
1987 1824 2174 1863 supradicte
2194 1828 2330 1856 conten-

1325 1890 1338 1905 »
1362 1878 1464 1908 tionis
1480 1877 1668 1912 monachis,
1692 1877 1915 1914 burgensibus
1932 1880 1963 1906 et
1983 1886 2096 1907 eorum
2110 1877 2225 1914 rebus,
2244 1877 2331 1908 hona

1324 1941 1337 1956 n
1363 1929 1426 1958 fide
1442 1929 1575 1959 restitui
1598 1929 1721 1959 faceret
1741 1928 1900 1967 quicquid
1916 1928 1950 1957 in
1968 1932 2129 1967 potestate
2146 1938 2205 1959 sua
2219 1933 2331 1968 posset

1324 1994 1337 2008 >⁷
1362 1981 1519 2011 inveniri.
1546 1982 1593 2011 De
1619 1980 1694 2011 aliis
1724 1985 1834 2011 autem
1857 1990 1919 2020 que
1943 1985 2136 2020 consumpta
2161 1985 2255 2012 erant
2277 1981 2330 2013 vel

1324 2046 1337 2061 i>
1361 2033 1507 2064 inveniri
1523 2042 1588 2063 non
1603 2038 1772 2072 poterant,
1791 2033 1934 2063 diximus
1949 2033 2035 2072 quod
2050 2034 2122 2064 sinc
2139 2033 2274 2072 speciali
2288 2033 2330 2064 li-

1324 2099 1337 2114 »
1363 2087 1471 2117 centia
1483 2091 1595 2117 nostra
1611 2096 1629 2116 a
1643 2086 1814 2116 monachis
1828 2086 1880 2116 vel
1892 2085 2115 2124 burgensibus
2132 2085 2330 2125 supradictis

1323 2151 1337 2166 ³>
1360 2139 1449 2170 idem
1475 2148 1583 2170 comcs
1606 2139 1657 2170 vel
1685 2139 1756 2179 ejus
1776 2139 1915 2170 heredes
1935 2139 1969 2169 in
1996 2148 2129 2184 causam
2155 2139 2242 2170 trahi
2263 2147 2329 2170 non

1323 2205 1336 2219 »
1360 2197 1507 2231 possent.
1524 2193 1569 2224 Ut
1588 2196 1698 2223 autem
1715 2196 1801 2222 esset
1821 2192 1961 2231 quedam
1980 2192 2203 2223 confederatio
2221 2196 2253 2223 et
2271 2201 2330 2232 pa-

1323 2257 1336 2271 »
1360 2245 1407 2275 cis
1424 2245 1564 2275 firmitas
1580 2245 1667 2275 inter
1680 2253 1746 2280 eos,
1764 2244 1908 2274 diximus
1924 2244 2011 2283 quod
2026 2244 2165 2275 ecclesia
2179 2244 2329 2276 Virzilia-

1322 2309 1336 2325 »
1361 2298 1470 2328 censis
1480 2298 1587 2329 eidem
1600 2297 1713 2327 comiti
1724 2297 1872 2336 quinque
1883 2297 2146 2327 milialibrarum
2158 2297 2330 2336 Parisienss
2370 2297 2374 2300 ”
2413 2309 2421 2320 ·

1322 2362 1335 2377 n
1360 2351 1447 2380 sium
1459 2354 1572 2380 mutuo
1584 2349 1777 2380 concederet
1790 2359 1796 2378 ε
1812 2349 1875 2379 (1110
1886 2349 1979 2379 milia
1990 2349 2144 2380 videlicet
2154 2349 2331 2387 librarum,.

1322 2415 1335 2430 »
1360 2412 1459 2442 super
1474 2406 1606 2433 centum
1621 2402 1725 2432 libras
1739 2401 1879 2432 cui-salis
1894 2406 2041 2438 monete,
2059 2410 2142 2441 quas
2158 2403 2328 2442 percipere

1322 2467 1335 2481 »
1360 2455 1456 2486 debet
1478 2463 1586 2485 comes
1606 2454 1842 2490 Nivernensis⁷
1865 2454 1996 2493 quando
2013 2454 2099 2493 apud
2112 2454 2328 2486 Virziliacum

1321 2521 1334 2535 »
1359 2512 1407 2539 est
1424 2509 1458 2538 in
1475 2507 1613 2543 Pascha,
1631 2508 1678 2538 ita
1693 2507 1779 2547 quod
1793 2507 1935 2546 singulis
1947 2507 2055 2544 annis,
2071 2507 2202 2546 quando
2218 2515 2327 2539 comes

1321 2573 1334 2588 »
1360 2561 1422 2591 erit
1443 2560 1567 2591 ibidem
1588 2560 1623 2589 in
1643 2560 1728 2590 sesto
1755 2559 1958 2598 supradicto,
1982 2559 2099 2590 cadent
2121 2559 2160 2590 de
2178 2559 2327 2599 predicta
2358 2559 2359 2565 ¹
2376 2566 2377 2569 ’
2394 2550 2405 2556 ’
2421 2549 2434 2569 ⁸³

1321 2625 1334 2640 ³>
1360 2622 1489 2644 summa
1502 2616 1634 2643 centum
1647 2612 1731 2643 libre
1745 2612 1784 2642 dc
1797 2615 1929 2642 moneta
1942 2611 1999 2642 illa
2015 2611 2155 2648 cursa113
2169 2611 2233 2642 alie
2247 2605 2326 2644 ‘vero
2371 2631 2375 2636 -

1321 2678 1334 2693 n
1359 2669 1491 2696 centum
1513 2664 1596 2694 libre
1618 2674 1681 2703 que
1701 2664 1807 2694 solent
1825 2668 1856 2694 et
1878 2664 1998 2695 debent
2018 2664 2048 2695 ei
2067 2664 2169 2700 solvi,
2194 2663 2326 2704 quando

1321 2731 1334 2746 r>
1358 2727 1495 2758 presens
1518 2721 1567 2748 est
1591 2717 1677 2755 apud
1698 2716 1913 2748 virziliacum
1938 2717 1973 2746 in
1997 2717 2082 2748 festo
2103 2716 2198 2748 beate
2219 2715 2324 2747 Marie
2363 2713 2409 2763 ⁷3¹

1320 2783 1333 2797 ›·
1358 2770 1563 2808 Magdalene‚
1576 2770 1715 2807 integre,
1731 2770 1817 2800 sicut.
1832 2769 1949 2805 solent,
1962 2769 2192 2808 persolventur
2204 2769 2322 2805 eidem3

1320 2836 1332 2849 n
1357 2823 1396 2854 de
1415 2822 1490 2852 aliis
1508 2830 1583 2852 vero
1604 2822 1708 2852 tribus
1724 2821 1860 2852 milibus
1880 2821 2041 2852 librarum
2062 2821 2215 2852 volumus
2237 2819 2324 2860 quod
2368 2814 2383 2851 a'
2406 2852 2416 2859 ,

1349 2940 1369 2965 1.
1385 2939 1520 2965 Carnem?
