2498 3242
178 316 235 346 893
1034 310 1248 347 sEPTIEME
1270 311 1431 348 ANNEE.
2231 323 2290 353 894

179 391 239 412 nos
265 391 320 413 eas
345 383 548 421 precipimus
576 392 640 413 non
667 385 805 414 servari.
835 384 921 414 Illud
945 389 1055 414 autem
1083 386 1188 424 quod.

179 436 266 466 inter
283 441 391 466 cetera
414 445 477 475 que
499 436 656 467 similiter
673 438 778 468 teneri
796 439 1015 477 precipimus,
1036 439 1190 469 decreve-

179 493 273 523 runt,
296 494 331 519 ut
353 494 475 519 statuta
494 489 660 527 generalis
679 491 815 529 capituli
839 502 856 521 a
878 497 926 523 te.
952 493 1024 521 sine
1043 493 1191 531 ejusdem

178 542 314 580 capituli
327 543 507 580 presentia.
522 552 586 572 non
600 547 780 574 mutentur.
793 545 853 573 sub
867 555 903 574 ea
919 546 1023 575 forma
1039 545 1190 575 volumus

179 594 366 630 observari,
391 595 545 625 videlieet
571 600 604 625 ut
630 606 666 625 ea
689 606 751 635 que
773 598 1075 628 Grandimontense
1101 598 1190 636 capi-

179 647 285 678 tulum
306 649 379 678 sine
401 649 612 687 prefinitione
631 651 788 688 temporis
810 651 859 680 vel
878 661 983 690 usque
1001 652 1040 681 ad
1062 656 1190 690 tempus

178 701 282 730 futuri
301 701 437 739 capituli
455 701 607 731 duxerint
625 703 818 733 statuenda.
840 703 912 733 siue
932 703 1037 741 ipsius
1053 702 1190 741 capituli

178 755 345 793 presentia
363 754 555 785 nullatenus
572 760 778 785 revocentur.
798 756 889 786 Nulli
907 765 983 793 ergo
1003 761 1064 785 etc.
1086 757 1190 785 nostri

178 808 322 846 precepti
337 812 398 837 etc.
415 808 449 838 Si
465 808 540 846 quis
557 812 667 838 autem
684 813 745 839 etc.
764 810 836 838 Dat.
856 810 1022 839 Laterani.
1038 809 1190 839 kalendis

177 860 374 891 decembris.
392 870 479 891 anno
496 861 647 899 septimo.
671 874 682 887 »

253 1034 372 1062 1618

214 1096 318 1122 Abbati
336 1100 362 1123 et
379 1097 537 1123 conventui
551 1097 717 1124 monasterii
730 1098 764 1123 de
777 1097 883 1123 Leodio
897 1102 940 1126 t:
958 1097 1102 1131 Locedio).
1118 1097 1192 1123 Ver-

686 1034 802 1062 batran,
824 1035 853 1062 13
870 1034 1023 1061 decembre
1042 1034 1118 1061 ¹233.

176 1145 314 1171 cellensis
334 1145 493 1177 dioecesis,
515 1145 659 1175 siznifivat
681 1154 712 1172 se
729 1146 772 1172 eis
789 1146 994 1172 monasterium
1017 1146 1114 1172 Sancti
1135 1147 1192 1173 Ar-

177 1194 321 1227 changeli.
335 1193 738 1227 Nixi-iponiensisdioecesis.
752 1194 1019 1228 coi1tii·111are.‹p10d
1029 1194 1189 1226 Joliannes,

178 1242 417 1276 Nigriponteusis
439 1243 607 1277 episcopus,
631 1243 806 1269 monasterio
826 1243 861 1269 de
881 1243 1011 1269 Cortiaco
1034 1246 1078 1276 (=
1099 1243 1192 1270 Clior-

178 1293 281 1323 tacto),
296 1291 570 1317 Thessalonicensis
591 1292 749 1320 dioecesis,
773 1292 844 1325 ipsis
865 1293 932 1319 olim
955 1293 1102 1326 subjecto,
1121 1301 1190 1319 con-

177 1346 321 1368 cesserat,
340 1340 448 1366 inserta
465 1341 520 1366 sub
537 1348 588 1366 sua
608 1341 683 1366 bulla
700 1341 837 1375 praedicti
858 1341 986 1375 episcopi
1008 1343 1105 1367 charta
1121 1350 1191 1367 con-

177 1389 330 1415 cessionis.
351 1404 381 1408 —
401 1389 482 1418 istm.
505 1390 544 1415 17.
564 1389 582 1416 f.
604 1389 651 1416 109
668 1395 707 1422 r⁰;
726 1397 792 1415 ann.
812 1388 877 1416 VII,
895 1397 920 1415 c.
939 1390 1013 1421 383.)

219 1505 232 1520 (ι
261 1516 280 1522 ..
307 1494 410 1522 abbati
432 1498 458 1522 et
482 1495 648 1523 conventui
669 1494 852 1523 monasterii
876 1494 910 1523 de
933 1494 1053 1527 Leodio,
1079 1495 1191 1524 Cister-

175 1547 286 1576 ciensis
299 1547 429 1582 ordinis,
450 1547 641 1575 Vei-cellensis
654 1546 790 1576 diocesis.
807 1546 915 1577 Justis
928 1547 1114 1585 petentium
1128 1551 1189 1577 etc.

173 1616 222 1628 -.
241 1599 438 1637 Specialiter
456 1603 567 1629 autem
584 1600 827 1629 monasterium
845 1600 958 1630 Sancti
975 1599 1189 1638 Archangeli,

173 1653 276 1682 situm
291 1652 327 1682 in
343 1652 414 1682 loco
430 1653 487 1692 qui
503 1653 626 1683 dicitur
648 1653 852 1689 Maduvium,
876 1662 951 1683 eum
974 1653 1189 1692 pertinentiis

173 1706 255 1740 suis,
281 1706 367 1745 quod
389 1706 591 1736 venerahilis
613 1707 718 1737 frater
733 1710 846 1736 noster
870 1730 890 1736 ..
916 1707 1190 1745 Nigripontensis

174 1759 347 1798 episcopus
364 1759 567 1789 monasterio
581 1759 619 1789 de
634 1759 782 1790 Cornaco
800 1759 874 1799 (sic),
893 1759 973 1789 olim
986 1760 1190 1790 monasterio

173 1817 284 1843 vestro
299 1813 491 1843 immediate
506 1812 666 1852 subjecto,
683 1813 771 1852 quod
784 1821 884 1849 nunc,
900 1813 1045 1851 peccatis
1059 1813 1190 1851 exigen-

174 1865 275 1901 tibus,
302 1865 342 1895 ad
366 1866 549 1896 Grecorum
570 1875 700 1902 manus,
727 1866 873 1905 expulsis
896 1866 974 1896 inde
998 1866 1188 1902 monachis,

174 1923 223 1949 est
244 1919 426 1954 redactum,
447 1919 584 1958 capituli
607 1919 661 1950 sui
678 1919 854 1950 accedente
875 1928 1057 1955 consensu,
1081 1920 1137 1958 pia
1159 1924 1191 1950 et

175 1972 311 2010 provida
334 1971 535 2002 liberalitate
556 1972 732 2007 concessit,
756 1976 853 2010 prout
878 1972 913 2001 in
937 1972 1044 2010 ipsius
1067 1972 1190 2002 litteris

175 2025 251 2055 inde
276 2025 437 2055 confectis
456 2025 588 2063 plenius
607 2025 807 2060 continetur,
831 2025 917 2055 sicut
939 2024 1023 2055 illud
1041 2025 1131 2064 juste
1154 2034 1191 2055 ac

174 2079 310 2117 pacitiee
334 2078 523 2116 possidetis,
542 2078 636 2108 vobis
662 2082 693 2109 et
709 2087 767 2116 per
788 2088 845 2108 vos
863 2079 1065 2109 monasterio
1081 2082 1190 2109 vestro

176 2131 373 2162 auctoritate
385 2131 566 2170 apostolica
575 2136 650 2164 etc..
660 2140 767 2170 usque
778 2141 784 2160 ε
796 2131 1053 2161 communimus.
1065 2132 1117 2162 Ad
1125 2141 1191 2162 ma—

172 2185 279 2224 jorem
303 2188 413 2214 autem
430 2184 625 2214 monasterii
642 2184 782 2223 predicti
802 2184 977 2220 cautelam,
1002 2184 1191 2215 litterarum

176 2239 324 2276 ipsarum
355 2242 504 2268 tenorem
537 2238 576 2268 de
604 2238 705 2268 verbo
734 2237 775 2268 ad
805 2238 944 2268 verbum
978 2238 1190 2277 presentibus

175 2291 331 2321 duximus
348 2291 576 2321 inserendum.
594 2291 658 2328 Qui
675 2291 752 2321 talis
771 2291 883 2321 existit
901 2301 907 2320 :

249 2463 382 2498 [¹3¹9]
895 2463 929 2491 29
945 2472 1022 2491 mars
1039 2464 1116 2492 1223.

214 2525 382 2561 [Johanues
398 2526 671 2553 Thessalonicensis
687 2526 860 2562 episcopus,
877 2526 972 2553 abbati
989 2530 1017 2552 et
1032 2527 1189 2554 conventui

173 2577 209 2602 de
234 2575 367 2602 Cortiaco
394 2577 438 2607 (=
463 2574 628 2607 Chortaeto)
654 2575 863 2602 monasterium
889 2575 986 2602 Sancti
1012 2575 1189 2610 Archangeli

173 2625 360 2655 confit-maim,
375 2624 419 2650 eis
429 2631 533 2650 omnes
543 2623 756 2650 decimationes
767 2623 898 2658 ejusdem
912 2623 1079 2650 monasterii
1091 2623 1189 2651 Sancti

176 2674 351 2707 Archangeli
368 2673 521 2707 concedit.l

218 2774 512 2804 «venerabilibus
541 2774 575 2803 in
609 2774 744 2805 Christo
775 2774 934 2804 fratribus
969 2797 988 2803 ..
1017 2774 1129 2804 abbati
1160 2778 1191 2804 et

178 2841 190 2855 »
216 2828 393 2858 conventui
426 2827 465 2858 de
493 2827 646 2858 Cortiaco
674 2828 754 2865 (xie),
785 2827 1021 2857 Cistcrciensis
1049 2827 1189 2862 ordinis,

179 2894 191 2908 η
216 2880 528 2912 Thessalonicensis
544 2880 698 2911 diocesis,
715 2879 899 2914 Joliannes,
913 2879 1133 2918 permissione
1145 2879 1192 2909 di-

179 2948 191 2962 »
217 2935 293 2964 vina
312 2934 583 2972 Nigripontensis
599 2934 785 2972 episcopus,
805 2933 838 2963 in
858 2933 977 2963 salutis
990 2937 1123 2963 auctore
1138 2942 1192 2963 sa-

179 3000 192 3015 n
212 2987 327 3017 lutem.
341 2988 423 3017 Cum
437 2987 527 3025 pium
540 2986 583 3016 sit
596 2986 790 3016 benefacere
804 3003 852 3017 —,
865 2985 1078 3016 donationem
1091 2994 1191 3024 quam

1276 395 1289 410 n
1315 384 1407 415 vobis
1425 390 1455 415 et
1472 395 1528 424 per
1545 395 1601 416 vos
1614 387 1815 416 monasterio
1833 392 1951 418 vestro.
1971 388 2008 417 de
2028 388 2165 427 capituli
2183 389 2289 419 nostri

1276 450 1289 463 »
1314 446 1490 471 consensu,
1504 439 1582 469 olim
1595 440 1634 470 de
1648 441 1850 469 monasterio
1863 441 1974 470 Sancti
1985 441 2198 478 Arctum-meli,
2213 450 2289 471 curn

1277 503 1289 516 »
1313 491 1468 521 omnibus
1491 493 1702 529 pertinentiis
1726 493 1811 527 suis,
1832 498 1941 521 nosti-‹-
1958 493 2111 524 diocesis.
2133 494 2288 524 duximus

1278 556 1289 569 n
1314 543 1513 573 faciendam.
1538 545 1697 582 ampliare
1725 545 1886 574 volo-ntes.
1911 556 2024 575 omnes
2049 546 2287 577 ‹1‹=‹·i1nati0nes

1277 609 1288 623 υ
1315 606 1428 627 eorum
1450 607 1512 636 que
1530 597 1638 635 ipsum
1656 599 1896 627 monasti-rium
1915 599 2057 636 possidet
2077 600 2109 628 in
2127 600 2285 637 presenti,

1276 662 1288 676 >2
1316 655 1380 679 tani
1398 651 1438 680 ad
1456 660 1514 680 nos
1531 660 1629 689 quain
1647 651 1686 680 ad
1704 651 1828 680 dietum
1846 652 2028 689 vapitulmn
2046 662 2102 681 seu
2128 654 2287 683 Loretcn-

1276 715 1288 729 n
1314 712 1384 733 sem
1403 703 1576 733 ecelesiam
1595 704 1811 741 pertinentes.
1838 705 1929 733 voliis
1954 709 1983 734 et
2003 714 2059 742 per
2082 715 2137 735 vos
2155 715 2288 736 monas-

1277 768 1289 782 »
1315 757 1398 786 terio
1427 761 1534 785 vestro
1563 766 1620 794 pro
1649 757 1760 785 anime
1790 762 1899 786 nostrs-
1926 759 1935 778 ¹
1967 758 2130 792 infun-ilio,
2165 758 2203 788 dc
2231 768 2288 789 vo-

1276 821 1289 835 »
1314 808 1441 838 luntate
1472 813 1500 838 ct
1532 818 1671 838 assensu
1703 809 1925 847 prenominati
1956 810 2093 847 capituli
2130 820 2189 840 nce
2222 820 2287 841 non

1277 875 1289 889 »
1314 862 1510 892 clericorum
1535 862 1778 897 Loretensium,
1800 863 1832 891 in
1858 868 2052 901 perpetuum
2075 864 2288 895 concedimus

1276 928 1289 941 »
1315 919 1345 945 et
1368 915 1547 950 douamus;
1573 919 1698 953 partem
1724 924 1800 944 vero
1822 924 1885 953 que
1912 916 2076 953 prefatum
2099 926 2198 955 super
2221 917 2288 948 hiis

1277 980 1289 994 »
1315 968 1477 1004 contingit
1502 967 1684 1006 capitulum
1712 977 1770 997 seu
1800 968 1938 998 elericos
1965 969 2179 1004 [iot-“fte1ises,
2207 969 2289 1000 alibi

1277 1032 1289 1047 n
1314 1020 1462 1058 plenarie
1489 1020 1614 1049 eisdem
1636 1029 1888 1058 recompensare
1912 1021 2154 1058 promittimus3
2178 1022 2223 1051 ita
2244 1026 2288 1052 ta-

1277 1086 1289 1100 »
1314 1082 1391 1102 men
1416 1073 1503 1112 quod
1527 1073 1670 1109 singulis
1696 1074 1793 1102 aunis
1818 1074 1970 1112 episcopo
1995 1075 2204 1113 Nigripontis
2228 1083 2288 1105 an-

1277 1138 1289 1152 »
1316 1135 1418 1155 nuum
1451 1136 1586 1155 censum
1619 1126 1791 1155 duodecim
1822 1126 1984 1155 librarum
2011 1136 2100 1162 cere,
2135 1128 2288 1166 recogni-

2002 1180 2095 1211 heate
2136 1181 2287 1219 Virginis

1277 1245 1289 1258 υ
1314 1232 1524 1270 persolvatis.
1552 1233 1589 1262 In
1617 1232 1717 1271 hujus
1743 1237 1854 1263 autem
1879 1233 2068 1263 donationis
2096 1239 2127 1264 et
2152 1244 2288 1265 conces-

1277 1297 1289 1312 »
1315 1285 1420 1315 sionis
1442 1285 1687 1321 testimonium,
1708 1290 1879 1323 presentes
1898 1286 2026 1316 litteras
2052 1287 2124 1316 fieri
2146 1288 2288 1318 fecimus

1277 1350 1289 1363 υ
1315 1342 1346 1367 et
1373 1337 1484 1375 sigillo
1511 1342 1624 1367 nostro
1652 1342 1750 1376 atque
1776 1338 1912 1376 capituli
1937 1338 2097 1369 roborari.
2121 1340 2194 1370 Dat.
2219 1341 2288 1371 1111

1277 1403 1289 1417 ι)
1320 1390 1480 1420 kalendas
1521 1390 1659 1428 aprilis,
1698 1400 1784 1421 anno
1823 1392 1997 1422 Dominice
2039 1393 2287 1424 Inrarnationis

1276 1456 1289 1470 »
1315 1444 1571 1474 M⁰CC⁰XXIII⁰.
1591 1455 1604 1470 ³>

1277 1191 1289 1205 n
1316 1179 1416 1208 tionis
1454 1179 1606 1214 nomine,
1644 1179 1678 1208 in
1724 1180 1961 1217 Assumptione

1317 1549 1329 1563 t(
1348 1536 1442 1566 Nulli
1458 1546 1536 1574 ergo
1554 1540 1615 1567 etc.
1641 1537 1676 1567 Si
1699 1537 1774 1576 quis
1791 1541 1902 1568 autem
1922 1542 1983 1568 etc.
2010 1539 2084 1568 Dat.
2111 1540 2283 1575 Laterani,

1273 1588 1385 1618 idibus
1401 1589 1598 1624 decembris,
1617 1598 1704 1620 anno
1723 1590 1875 1628 septimo.
1896 1602 1908 1616 n

1349 1749 1369 1776 1
1378 1749 1470 1777 620

1310 1809 1465 1837 Felitrensi
1492 1812 1534 1842 (=
1555 1809 1707 1845 Feltrensi)
1729 1814 1758 1837 et
1778 1811 1931 1838 Tervisino
1955 1813 2117 1848 episcopis.
2144 1818 2172 1840 et
2197 1814 2288 1841 Albe-

1273 1858 1334 1885 rico
1350 1858 1385 1885 de
1401 1859 1533 1894 Opreno,
1551 1859 1662 1886 doctori
1679 1861 1843 1894 theologiae
1854 1883 1860 1888 .
1878 1861 2105 1890 Mediolanensis
2126 1863 2286 1896 dioecesis⁷

1274 1908 1389 1935 mandat
1405 1913 1561 1943 quatenus,
1575 1924 1608 1928 —-
1619 1917 1685 1936 cum
1702 1910 1778 1936 inter
1793 1914 1966 1945 potestatem
1983 1915 2009 1937 et
2025 1912 2162 1946 populum
2177 1912 2289 1940 Padua-

1274 1965 1343 1989 nos,
1360 1957 1501 1991 quosdam
1520 1957 1652 1984 homines
1668 1957 1904 1992 Coneglanenses
1921 1968 1954 1986 ac
1976 1960 2088 1987 nobiles
2105 1961 2182 1987 viros
2203 1961 2236 1988 B.
2260 1965 2289 1989 et

1272 2004 1325 2032 W.
1343 2006 1378 2031 de
1399 2004 1533 2037 Camino,
1551 2005 1724 2033 cenetensis
1740 2007 1901 2039 dioecesiS,
1919 2017 1954 2034 ex
1971 2013 2050 2043 parte
2067 2018 2137 2042 una,
2159 2015 2189 2036 et
2207 2010 2288 2037 cives

1272 2053 1442 2080 Tervisinos
1465 2062 1498 2080 ac
1516 2054 1626 2081 nobiles
1649 2055 1727 2081 viros
1744 2055 1776 2083 E.
1792 2059 1820 2082 et
1837 2057 1872 2082 A.
1890 2056 1924 2082 de
1946 2056 2103 2090 Romania,
2118 2058 2287 2085 Tei-visinae

1273 2102 1428 2134 dioecesis,
1447 2111 1482 2129 ex
1498 2103 1602 2135 altera,
1626 2111 1716 2139 super
1740 2104 1872 2139 pluribus
1893 2105 2023 2132 articulis
2038 2107 2170 2141 quaestio
2190 2111 2288 2134 verte-

1273 2154 1368 2183 retur,
1393 2154 1421 2177 et
1436 2151 1523 2177 frater
1537 2151 1704 2184 Johannes,
1722 2152 1757 2178 de
1773 2152 1873 2179 ordine
1893 2153 2136 2187 Praedicatorum,
2155 2155 2182 2182 in
2199 2163 2287 2190 quem

1272 2199 1366 2226 suerat
1383 2200 1642 2234 compromissum,
1659 2201 1776 2228 tulisset
1791 2201 1941 2228 arbitrium
1959 2203 1987 2228 in
2003 2212 2060 2237 quo
2077 2203 2215 2238 praedicti
2233 2203 2287 2230 Pa—

1788 1749 1901 1782 Latran,
1918 1751 1950 1777 17
1966 1750 2119 1778 decembre
2139 1751 2215 1780 1233.

1273 2248 1360 2275 duani
1375 2252 1404 2274 et
1421 2257 1486 2283 pars
1498 2257 1597 2275 eorum
1614 2250 1786 2285 reputabant
1802 2258 1834 2277 se
1851 2259 1917 2278 esse
1933 2256 2077 2286 gravatos,
2090 2253 2169 2279 —ad
2187 2261 2287 2288 pacem

1272 2297 1458 2332 interponant
1471 2297 1551 2324 vices
1571 2307 1655 2331 suas,
1677 2303 1721 2331 et,
1743 2299 1769 2326 si
1790 2300 1863 2327 forte
1884 2301 2037 2335 provenire
2064 2310 2120 2328 uon
2145 2302 2286 2337 potuerit,

1272 2346 1349 2381 quod
1365 2354 1454 2380 super
1469 2346 1525 2373 hoc
1539 2347 1705 2375 invenerint
1720 2347 1778 2383 ipsi
1793 2357 1883 2384 papae
1898 2349 2070 2376 rescribant.
2085 2364 2121 2371 —
2143 2350 2224 2383 (Rso.
2239 2351 2269 2377 17
2279 2372 2286 2383 ,

1271 2395 1291 2422 s.
1315 2395 1365 2423 109
1387 2402 1429 2428 νη
1448 2404 1515 2422 ann.
1533 2395 1599 2429 vu,
1616 2405 1642 2424 c.
1660 2397 1734 2431 384.)

1315 2509 1328 2523 «
1353 2520 1373 2526 ..
1396 2499 1560 2529 Felitrensi‘
1581 2505 1607 2529 et
1630 2522 1652 2529 ..
1677 2501 1834 2530 Terrisino
1859 2502 2015 2539 episcopis,
2042 2507 2067 2531 et
2093 2503 2230 2532 Acberico
2254 2503 2288 2532 de

1274 2550 1408 2588 Opreno,
1433 2551 1550 2581 doctori
1572 2553 1726 2591 theoloyie,
1752 2554 1986 2583 Mediolanensis
2006 2555 2141 2584 diocesis.
2166 2554 2288 2585 Dilecti

1272 2603 1336 2633 filii
1361 2626 1378 2632 ..
1403 2608 1550 2642 potestas
1574 2622 1624 2634 —-.
1648 2606 1722 2636 Dat.
1749 2606 1923 2642 Laterani,
1948 2607 2027 2637 XVI
2053 2607 2213 2638 kalendas
2234 2608 2287 2647 ja-

1273 2656 1396 2692 nuarii,
1417 2666 1505 2688 anno
1521 2658 1674 2697 septimo.
1695 2670 1707 2686 n

1309 2879 1455 2915 Episcopo
1472 2880 1580 2908 Eliensi
1603 2881 1747 2915 significat
1764 2889 1812 2912 se,
1831 2885 1976 2908 conventu
2000 2882 2167 2910 monasterii
2188 2882 2287 2910 Sancti

1786 2817 1900 2850 Lati-an,
1920 2818 1950 2845 16
1965 2817 2118 2845 decembre
2136 2818 2213 2847 1233.

1308 2993 1328 3019 t.
1345 2996 1394 3018 Ms.
1413 3001 1418 3018 :
1436 2997 1541 3024 vestro,
1558 2996 1604 3026 qui
1621 2999 1663 3020 est
1678 3002 1732 3020 une
1748 2996 1822 3020 faute
1838 2996 1974 3033 evidente.
