2498 3242
174 284 250 316 1089

171 352 269 378 mitem
289 350 462 386 Campaniae
478 354 507 377 et
523 350 651 385 reginam
672 350 759 386 Cypri
779 350 955 381 vertebatur,
975 348 1132 375 moles-tari.
1153 361 1185 366 —-

171 399 256 434 (Risu.
278 400 318 431 17,
336 400 355 427 f.
377 399 699 432 1941·o;ann.v111,c.
718 399 784 431 1593
802 414 834 418 —
854 397 1094 426 Monsm1189.f.
1115 397 1186 426 115.)

215 513 228 529 «ι
247 524 267 530 ..
280 502 425 540 episcopo,
439 507 465 530 et
478 503 509 532 R.
527 502 562 531 de
575 502 679 532 Codun
694 503 703 522 ¹
720 507 746 531 et
762 502 808 534 Ε..
826 499 1083 540 archidpaconis]
1101 500 1186 528 Sues-

174 555 402 592 sionen[sib11s].
415 554 611 585 Venerabili
627 555 728 584 fratre
744 558 856 584 nostro
871 577 889 582 ..
908 552 1104 583 Belvacensi
1121 551 1186 590 epi-

175 615 274 645 scopo
285 607 474 645 accepimus
487 607 664 637 intimante
677 607 775 646 quod,
786 616 860 637 cum
871 615 1004 636 causam
1017 605 1186 635 subortam

174 659 263 689 inter
276 658 420 689 nobilem
430 659 538 689 virum
549 683 568 688 ..
578 659 731 689 comitem
741 659 921 697 Campanie
931 663 960 689 et
974 658 1187 688 karissimam

176 712 211 742 in
228 711 362 743 Christo
379 712 482 742 {iliam
499 717 646 743 nostram
668 736 687 742 ..
707 713 871 742 illustrem
895 712 1044 749 reginam
1065 711 1184 750 Cypri,

177 773 276 804 quam
305 769 461 804 tanquam
490 765 699 803 illegitimam
721 776 738 795 a
772 765 983 795 successione
1011 765 1187 794 comitatus

177 819 358 858 Campanie
375 820 462 850 idem
498 830 588 851 omes
605 821 778 851 excludere
791 820 970 853 nitebatur,
987 820 1130 850 ..abbati
1148 819 1187 849 de

175 872 336 904 Cheziaco
353 878 383 903 et
398 897 416 902 ..
433 882 449 903 a
472 873 666 904 chidiacono
679 874 941 905 Catlialauucnsi
955 878 985 903 et
999 882 1113 903 eorum
1125 872 1187 902 col-

175 925 259 964 legis
271 926 464 956 duxerimus
476 927 758 957 committendam.
770 932 816 958 ut.
829 926 990 957 natalium
1000 935 1099 956 causa
1113 935 1188 964 pen-

176 978 285 1012 dente,
301 979 335 1008 in
353 989 390 1009 eo
407 984 495 1009 statu
512 980 546 1009 in
563 989 628 1019 quo
645 985 749 1015 eraut,
764 981 929 1018 prefatum
946 979 1138 1009 comitatum
1158 983 1189 1009 et

176 1033 330 1063 comitem
342 1038 589 1065 conservarent.
603 1033 862 1072 perturbatores,
876 1033 903 1062 si
921 1033 977 1072 qui
994 1033 1187 1067 existerent,

176 1090 208 1117 et
223 1086 384 1116 vassallos
402 1086 474 1126 ejus
491 1087 548 1126 qui
565 1096 582 1117 a
599 1096 659 1116 suo
676 1086 823 1116 dominio
840 1096 874 1117 se
889 1086 1135 1120 subtraherent,
1152 1094 1189 1115 ac

154 1142 158 1145 '
175 1138 252 1169 illos
269 1139 326 1178 qui
350 1148 405 1169 eos
427 1140 573 1178 recipere
598 1144 849 1178 attemptarent,
868 1148 926 1177 per
942 1148 1116 1169 censuram
1136 1148 1190 1169 ec-

176 1192 398 1223 clesiasticam
416 1193 653 1231 compescendo
667 1203 673 1222 ε
687 1193 788 1222 iidem
805 1193 957 1231 episcopo
971 1192 1035 1231 ipsi
1052 1192 1190 1222 manda-

177 1249 255 1276 runt
272 1250 306 1276 ut
323 1246 570 1284 perturbatores
583 1246 760 1275 comitatus
776 1250 807 1275 et
820 1245 973 1276 homines
990 1245 1138 1284 ejusdem
1155 1254 1190 1275 se

179 1298 414 1329 subtrahentes
434 1307 451 1329 a
468 1299 616 1329 dominio
632 1299 764 1329 comitis
781 1298 951 1334 antedicti,
970 1307 1028 1328 nec
1049 1307 1113 1328 000
1135 1307 1190 1328 eos

179 1353 236 1392 qui
253 1352 445 1391 homagium
462 1352 626 1383 dictorum
642 1353 814 1382 hominum
838 1356 947 1391 preter
964 1352 1071 1390 ipsius
1088 1352 1191 1381 comi-

179 1405 223 1436 tis
235 1405 420 1444 reciperent
433 1405 650 1440 voluntatem,
661 1405 803 1444 pulsatis
816 1405 987 1444 campanis
1001 1409 1032 1435 et
1043 1404 1191 1435 candelis

180 1459 342 1494 accensis,
356 1458 500 1496 singulis
516 1458 634 1488 diebus
646 1458 823 1488 dominicis
836 1462 867 1488 et
882 1458 1013 1488 festivis
1027 1467 1084 1496 per
1097 1467 1191 1487 suam

179 1511 338 1542 diocesim
368 1511 671 1542 excommunicatos
702 1512 825 1541 faceret
862 1511 993 1549 publice
1028 1511 1189 1540 nuntiari.

134 1579 138 1582 ·
178 1565 249 1602 Quo
262 1569 465 1604 proponente
481 1565 568 1604 quod
586 1565 795 1604 episcopatus
812 1565 1027 1595 Belvacensis
1041 1565 1191 1595 districto

178 1623 248 1649 erat
264 1618 442 1649 interdicto
458 1618 652 1650 conclusus,
675 1623 808 1657 propter
823 1618 911 1657 quod
927 1618 1119 1648 mandatum
1136 1628 1191 1649 eo—
1231 1623 1233 1638 l

177 1681 250 1702 rum
275 1671 322 1701 ibi
346 1676 423 1701 tunc
449 1671 546 1710 plene
574 1681 638 1701 non
663 1676 791 1711 poterat
813 1672 1000 1702 executioni
1017 1672 1188 1707 mandari,
1230 1663 1233 1686 ³

178 1725 254 1764 ipsi.
273 1725 486 1755 excusatione
506 1725 697 1764 hujusmodi
711 1734 776 1754 non
789 1725 945 1756 admissa.
962 1734 1037 1755 eum
1055 1734 1191 1763 respon-

177 1787 293 1809 surum
309 1778 348 1809 de
365 1778 592 1808 inobedientia
614 1783 645 1808 et
668 1778 920 1808 satisfacturum
936 1778 974 1808 de
992 1778 1146 1816 expensis
1160 1782 1192 1808 et

178 1893 365 1915 marcarum
392 1885 521 1922 argenti
552 1894 586 1914 se
612 1884 652 1914 ob
675 1884 736 1914 hoc
766 1884 950 1914 incurrisse
975 1884 1123 1920 dicebat,
1152 1885 1192 1915 ad

178 1947 271 1968 suam
288 1938 439 1968 fecerunt
456 1938 657 1976 presentiam
675 1938 821 1973 evocati,
838 1947 940 1977 quare
956 1938 1105 1976 prefatus
1120 1938 1191 1976 epi-

177 2000 296 2030 scopus
313 1995 460 2021 nostram
479 1991 684 2021 audientiam
702 1991 892 2030 appellavit.
913 1991 1075 2028 Quocirca
1096 2000 1191 2021 man-

177 2044 294 2074 damus
318 2048 501 2083 quatenus,
525 2044 551 2073 si
574 2048 623 2074 est
647 2044 708 2079 ita,
734 2049 884 2074 revocato
901 2044 934 2073 in
953 2048 1074 2074 statum
1098 2044 1191 2074 debi-

176 2102 246 2128 tum
265 2102 339 2128 etc.,
364 2106 469 2136 usque
490 2107 496 2126 :
515 2102 757 2135 attemptatum,
780 2101 811 2127 et
830 2097 858 2127 si
877 2097 957 2136 quid
975 2097 1076 2131 aliud,
1097 2106 1191 2127 occa-

1027 271 1243 311 HUITIEME
1265 272 1425 310 ANNEE.

177 2151 270 2181 sione
286 2150 495 2190 hujusmodi,
514 2155 627 2180 contra
648 2150 758 2188 ipsum
779 2149 968 2188 episcopum
993 2149 1191 2180 inveneritis
1232 2161 1233 2164 ¹

176 2212 250 2234 esse
272 2207 516 2242 presumptum.
543 2212 606 2233 non
631 2203 856 2241 permittatis²
877 2212 953 2232 eum
976 2207 1108 2241 propter
1130 2203 1191 2233 hoc

176 2255 319 2287 ulterius
348 2266 364 2286 a
387 2256 526 2295 prefatis·
548 2256 719 2295 judicibus
746 2255 795 2285 vel
829 2255 948 2285 comite
978 2255 1190 2294 aliquatenus

175 2309 347 2340 molestari
363 2327 409 2338 -.
430 2310 502 2339 Dat.
522 2310 635 2343 Reate,
656 2310 686 2339 II
707 2309 782 2338 idus
801 2308 895 2348 julii,
921 2317 1008 2339 anno
1029 2313 1154 2339 octavo.
1176 2321 1188 2336 n

249 2495 370 2524 2014
779 2494 865 2526 Rieu,
887 2495 914 2521 17
929 2494 1025 2528 juillet
1043 2494 1118 2523 ¹234.

215 2556 359 2592 Episcopo
375 2556 565 2583 Noviomensi
582 2556 727 2590 significat
743 2563 774 2582 se
790 2564 855 2582 cum
874 2557 948 2590 ipso,
961 2571 992 2576 —
1005 2557 1053 2583 cui
1068 2556 1190 2584 Romen·
1232 2585 1233 2590 ,

1232 2597 1233 2606 ¹
1274 2599 1418 2629 pastorem
1435 2595 1577 2621 ecclesiae
1602 2593 1863 2628 Magdeburgensis
1884 2594 1990 2622 electo.
2009 2601 2115 2620 munus
2131 2602 2287 2620 cousecra-

178 2606 221 2633 sis
236 2605 486 2640 archiepiscopus,
499 2605 670 2631 auctoritate
684 2605 867 2639 provincialis
883 2605 1008 2638 concilii,
1023 2611 1051 2632 ut
1067 2606 1190 2640 (licebat,

178 2658 207 2682 et
222 2663 285 2687 sua,
304 2654 488 2681 mandaverat
501 2658 541 2688 ut,
559 2655 585 2681 in
604 2653 790 2680 Noviomensi
803 2654 930 2681 dioecesi
942 2655 1112 2682 auctoritate
1125 2665 1191 2690 pro-
1231 2671 1233 2687 2

177 2705 239 2740 pria
255 2704 438 2731 interdictum
457 2703 607 2738 proferens
624 2703 770 2737 generale,
790 2704 856 2729 illud
875 2704 946 2730 infra
963 2708 1073 2731 certum
1092 2705 1192 2731 termi-

210 2826 230 2852 1.
248 2826 291 2851 00
307 2827 337 2850 111
355 2826 444 2857 plutOt
461 2827 558 2849 Codim
580 2832 634 2856 que
655 2826 763 2851 coctum.
786 2829 843 2849 tant
861 2825 928 2849 :lans
948 2826 972 2849 la
991 2827 1122 2856 rubrique
1137 2833 1191 2857 (100

177 2871 246 2895 daus
262 2871 287 2894 la
304 2870 467 2896 rubi-icelle:
485 2869 618 2893 toutefois
631 2869 656 2892 la
672 2870 749 2900 locon
767 2871 865 2893 Cmtun
884 2877 916 2893 ue
934 2870 980 2894 fait
996 2878 1044 2901 pas
1059 2870 1092 2893 de
1106 2871 1191 2895 doute

175 2916 222 2946 (cf.
237 2921 334 2944 supra,
352 2919 380 2938 n·
396 2914 464 2942 1063,
478 2917 504 2937 et
522 2915 607 2942 insu-a,
623 2918 652 2936 n⁶
668 2914 746 2943 2039).

208 2960 231 2983 Ὶ.
251 2959 288 2983 Le
304 2960 427 2989 uenistre
444 2960 521 2988 porte
538 2957 572 2981 ici
589 2960 697 2986 contra,
715 2964 780 2981 avec
798 2958 822 2981 le
838 2958 916 2987 signe
933 2958 1189 2989 d'exponctuation.

303 3009 490 3041 GRt-'JGOIRE
511 3015 561 3040 ix.
580 3018 599 3039 ι.
619 3015 639 3039 1.

2208 282 2283 313 1090

1270 354 1337 372 num
1363 346 1537 380 publicaret,
1555 361 1591 367 —
1606 347 1630 373 si
1651 355 1736 381 quam
1758 347 1997 381 irregularitatem
2024 347 2098 374 idem
2124 348 2282 384 episcopus

1269 394 1336 422 inde
1361 395 1480 421 forsitan
1506 395 1696 427 contraxerit,
1721 395 1901 430 dispensare.
1920 410 1952 414 —
1969 395 2052 423 (lieo.
2075 397 2114 428 17,
2133 397 2149 423 f.
2170 396 2216 424 194
2235 402 2280 429 v⁰;

1269 451 1335 470 ann.
1350 443 1431 475 vnt,
1448 452 1473 471 c.
1500 444 1565 475 160;
1586 458 1622 464 -
1636 444 1755 471 Meni-:Au
1775 444 1851 475 1189,
1869 444 1887 470 f.
1912 445 1983 477 117.)

1312 557 1325 571 ιι
1351 568 1372 574 ..
1395 547 1529 583 episcopo
1550 546 1756 576 Noviomensi.
1779 545 1862 575 Cum
1885 546 2087 576 venerabilis
2107 547 2210 577 frater
2232 565 2280 576 —.

1270 598 1344 628 Dat.
1363 599 1476 633 Reate,
1492 598 1569 628 XVI
1586 597 1745 628 kalendas
1762 598 1906 636 augusti.
1925 608 2012 628 anno
2028 603 2153 629 octavo.
2174 612 2186 626 »

1342 769 1466 798 2015

1306 831 1465 859 Oxomensi
1490 836 1518 858 et
1540 831 1703 859 Conchensi
1727 833 1874 867 episcopis
1898 833 2012 860 mandat
2035 839 2193 868 quatenus,
2216 843 2282 862 cum

1271 880 1458 907 Secobiensis
1473 880 1640 916 episcopus,
1661 882 1868 915 praedecessor
1883 883 2013 917 episcopi
2029 886 2098 909 tunc
2117 884 2282 916 existentis,

1864 770 1955 803 Rieu,
1977 771 2006 797 19
2020 771 2115 805 juillet
2136 772 2210 798 1234.

1271 930 1478 957 Secobiensem
1492 931 1644 957 ecclesiam
1659 931 1801 957 immenso
1813 939 1900 958 onere
1915 931 2078 958 debitorum
2091 934 2281 966 graravisset,

1272 981 1477 1015 praestimonia
1494 979 1698 1006 canonicorum
1715 989 1769 1006 nou
1787 980 1989 1013 residentium,
2002 982 2027 1007 si
2040 982 2141 1016 prime,
2154 982 2293 1009 secundo-

1272 1031 1300 1054 et
1318 1028 1402 1054 tertio
1417 1028 1455 1056 ab
1469 1027 1606 1063 episcopo
1624 1029 1735 1061 moniti,
1748 1028 1776 1055 in
1791 1029 1890 1055 eadem
1908 1028 2030 1056 ecclesia
2045 1030 2173 1056 residere
2185 1031 2285 1057 notue-

1271 1076 1338 1107 rint,
1357 1084 1410 1102 nec.
1425 1077 1453 1103 in
1466 1077 1575 1103 scholis
1586 1080 1635 1103 aut
1650 1077 1881 1111 peregrinatione
1897 1077 1931 1104 de
1947 1078 2061 1104 licentia
2078 1079 2206 1113 episcopi
2224 1079 2283 1106 fue-

1272 1125 1339 1157 rint,
1356 1133 1408 1152 seu
1425 1125 1459 1151 ad
1478 1125 1582 1152 Sedem
1610 1126 1809 1160 Apostolicam
1832 1128 2094 1161 commorarentur,
2113 1136 2165 1154 nec
2182 1136 2237 1154 non
2255 1131 2284 1155 et

1271 1174 1373 1200 tertias
1389 1174 1562 1201 fabricarum
1579 1175 1768 1201 ecclesiarum
1787 1176 1896 1202 illarum
1913 1184 1987 1210 quae
2003 1177 2212 1203 restauratione
2227 1185 2284 1203 non

1273 1223 1455 1257 indigebant,
1472 1223 1499 1249 in
1526 1224 1700 1250 solutionem
1722 1223 1884 1250 debitorum
1909 1233 1960 1259 per
1980 1226 2136 1252 triennium
2162 1234 2285 1252 conver-

1272 1275 1342 1298 tant.
1361 1287 1391 1291 -—
1410 1272 1493 1305 (Rea.
1515 1273 1555 1301 17.
1573 1273 1592 1299 f.
1613 1273 1659 1299 194
1677 1278 1722 1303 v⁰;
1741 1281 1808 1300 ann.
1829 1272 1913 1305 VIII,
1930 1282 1955 1300 c.
1977 1273 2048 1306 161.)

1315 1386 1328 1400 «
1347 1397 1368 1402 ..
1388 1374 1548 1403 (hamensi
1564 1380 1590 1403 et
1606 1398 1625 1403 ..
1641 1375 1809 1405 Conchensi
1824 1376 1980 1413 episcopis.
1997 1376 2139 1406 Interest
2153 1380 2285 1414 aposto-

1272 1426 1335 1456 lice
1358 1426 1596 1457 sollicitudinis
1616 1445 1665 1456 —.
1688 1428 1761 1457 Dat.
1784 1428 1903 1463 Reate,
1927 1429 2028 1458 XIIII
2049 1428 2208 1459 kalendas
2225 1439 2285 1459 au-

1275 1479 1374 1517 gusti,
1393 1488 1479 1509 anno
1495 1484 1621 1510 octavo.
1642 1493 1654 1506 »

1346 1652 1466 1680 2016
1874 1653 1963 1688 Rieu,
1984 1654 2120 1688 19jui11et
2139 1654 2213 1682 1234.

1311 1713 1471 1749 Episcopo,
1498 1715 1663 1749 praeposito
1689 1719 1716 1740 et
1745 1716 1919 1742 scholastico
1945 1716 2144 1743 Misnensibus
2174 1717 2288 1744 mandat

1273 1766 1418 1797 quatenus
1432 1763 1571 1797 quosdam
1588 1763 1744 1790 canonicos
1759 1767 1788 1790 et
1807 1765 1929 1790 clericos
1952 1764 2108 1799 pragensis
2127 1765 2285 1798 ecclesiae,

177 1831 330 1870 dampnis
347 1840 411 1871 que
427 1831 536 1861 (lictus
553 1840 662 1862 comes
679 1831 719 1861 ad
733 1831 879 1861 valorem
895 1831 1043 1870 quinque
1061 1831 1191 1861 milium
1232 1821 1233 1844 1
1275 1827 1307 1830 -
1330 1820 1394 1845 ‘³¹¹¹'
1420 1811 1665 1839 Breunciowense
1687 1814 1731 1845 (Ξ
1752 1812 1912 1846 Brewnow)
1936 1819 2141 1840 ⁰¹⁰¹³³S¹e''¹¹¹¹¹¹
2164 1823 2189 1840 ¹¹¹
2211 1815 2287 1841 sesm

1231 1867 1233 1873 ⁴
1274 1860 1464 1887 Innocentum
1482 1862 1566 1887 anuis
1583 1862 1706 1895 siugulis
1728 1862 1870 1888 hostiliter
1891 1863 2068 1893 invadentes,
2089 1864 2203 1897 ibidem,
2221 1869 2287 1891 tan-

1273 1918 1358 1944 quam
1383 1918 1566 1936 immemores
1589 1911 1720 1943 rationis,
1747 1912 1849 1945 pannis
1869 1916 1897 1937 et
1919 1912 2050 1938 restibus
2071 1913 2193 1942 laniatis,
2219 1921 2286 1939 vasa

1273 1959 1504 1991 confringebant,
1525 1959 1627 1985 domos
1648 1959 1810 1989 diruebant,
1829 1961 1986 1986 monachos
2001 1960 2164 1995 affligebant
2180 1961 2286 1988 verbo—

1274 2016 1336 2034 rum
1358 2008 1541 2034 contumeliis
1562 2012 1591 2033 et
1613 2008 1782 2034 verberibus
1808 2009 1950 2039 violentis,
1977 2017 2069 2043 equos
2093 2010 2285 2043 ainlucebant,

1275 2057 1354 2091 plura
1375 2057 1499 2091 denique
1520 2057 1702 2090 auferebant,
1724 2071 1756 2077 —
1776 2057 1810 2083 ab
1833 2057 1877 2083 his
1899 2059 2036 2092 nequitiis
2061 2058 2226 2084 cohibeant.
2251 2071 2288 2078 —

1274 2105 1357 2138 (Rau.
1379 2106 1419 2132 ¹7.
1437 2105 1454 2131 f.
1477 2106 1521 2132 19-'1
1542 2110 1586 2138 v⁰;
1604 2114 1671 2133 ann.
1692 2104 1777 2137 VIII,
1795 2114 1820 2132 c.
1841 2106 1906 2132 ¹6²2:
1925 2120 1957 2125 —
1977 2105 2122 2133 I’or‘ruasr
2139 2106 2231 2139 9493.)

1581 2230 1600 2235 ..
1628 2209 1779 2245 preposito
1799 2213 1825 2237 e!
1851 2231 1869 2236 ..
1893 2209 2049 2238 scolastico
2071 2209 2284 2238 ‚tlisnensibus.

1273 2259 1477 2290 Dilectoruni
1495 2260 1638 2290 illiorum
1659 2284 1678 2289 ..
1697 2260 1827 2291 abbatis
1844 2279 1892 2290 —.
1911 2262 1984 2291 Dat.
2003 2266 2037 2290 ut
2054 2270 2162 2300 supra.
2185 2274 2197 2287 i>

1316 2220 1328 2233 «
1359 2230 1375 2236 ..
1407 2209 1555 2245 episcopo,

1344 2432 1466 2462 80¹⁵!

1310 2495 1548 2531 Mei-seburgensi
1562 2500 1590 2523 et
1604 2496 1746 2523 Misnensi
1761 2496 1907 2531 episcopis
1920 2496 2033 2523 mandat
2044 2502 2188 2531 quatenus
2201 2496 2287 2531 Blur-

1274 2545 1367 2579 cardo}
1379 2566 1386 2578 ‚
1403 2547 1567 2580 praeposito
1582 2545 1617 2571 de
1635 2544 1800 2577 Brunswic,
1823 2546 1962 2571 canonico
1981 2544 2241 2579 magdeburgensi,
2257 2545 2285 2572 in

1870 2433 1957 2464 Rieu,
1975 2434 2008 2461 ‘20
2021 2435 2118 2468 juillet
2136 2434 2214 2461 1234.

1274 2643 1362 2670 tionis
1378 2643 1439 2670 vice
1456 2651 1509 2670 sua
1525 2643 1702 2678 impendant.
1720 2658 1751 2662 —
1771 2642 1854 2671 (stt-20.
1876 2643 1924 2674 ¹7,
1943 2642 1960 2669 f.
1987 2642 2032 2669 191
2051 2648 2096 2673 v⁰;
2114 2651 2180 2668 ann.
2200 2641 2286 2675 VIII,

1273 2699 1299 2719 c.
1322 2691 1391 2720 1632
1413 2707 1445 2712 —
1470 2691 1616 2719 Por-ruasr
1635 2691 1721 2721 9194;
1746 2706 1776 2710 -
1799 2690 1968 2717 Ronesnsno
1989 2690 2059 2721 5⁸19;
2082 2706 2111 2710 -
2135 2691 2172 2717 cf.
2188 2699 2285 2724 snpra,

1274 2747 1305 2767 n⁰
1324 2741 1415 2774 1517.)

1316 2855 1328 2869 u
1350 2866 1370 2872 ..
1387 2843 1624 2880 Meresburyensi
1638 2847 1663 2871 et
1682 2865 1701 2870 ..
1720 2843 1866 2871 Misncnsi
1882 2842 2037 2878 episcopis.
2052 2841 2164 2871 Rectis
2180 2841 2286 2879 ‹lispo-

1275 2896 1455 2927 sitionibus
1479 2896 1601 2935 quibus
1623 2913 1670 2924 —.
1696 2896 1769 2925 Dat.
1797 2895 1914 2928 Reate,
1940 2894 2019 2924 xlll
2049 2893 2206 2924 kalendas
2228 2903 2287 2924 au-

1275 2950 1375 2989 gusti,
1393 2960 1480 2980 anno
1496 2954 1621 2980 octavo.
1643 2962 1654 2975 ιι

2134 3013 2164 3038 69
