2498 3242
175 279 251 310 1255
1029 267 1244 306 immunia
1266 265 1427 303 ANNEE.
2210 273 2287 302 1206

174 345 333 376 soldanus
348 344 454 374 Iconii
471 362 519 373 —.
537 344 679 374 Notit'ico
696 344 865 374 sanctitati
883 348 936 373 tue
955 361 1003 372 —.
1022 341 1189 380 Scriptum

176 406 292 428 mense
311 397 425 432 madii,
446 397 629 427 indictione
646 397 722 427 VII.
743 410 755 423 n

249 577 372 605 2424

216 638 328 673 Regem
346 637 484 664 Franciae
501 641 583 672 rogat
599 641 628 663 ut
646 641 750 664 terram
768 636 962 667 Venusinam,
979 644 1065 670 quam
1082 636 1194 662 bucus-

178 695 237 722 que
255 695 304 721 pro
322 686 453 713 Ecclesia
468 685 672 716 custodiverit.
691 685 725 711 de
740 688 838 712 cetero
853 684 945 711 eidem
962 688 1125 712 conservet.
1143 684 1193 710 do-

180 744 235 762 nec
251 735 286 761 de
299 736 366 770 jure
378 734 492 770 Imperii
506 738 533 761 ct
544 735 664 761 aliorum
677 734 732 769 ipsi
746 742 833 768 papae
845 733 1024 764 constiterit;
1043 732 1069 758 ei
1082 731 1194 758 nuntiat

181 785 355 819 magistrum
380 783 499 810 Petrum
526 783 560 810 de
585 782 760 809 Collcmedio
782 783 818 809 de
840 782 893 809 hac
917 790 946 808 re
975 781 1194 816 inquisitionem

180 834 323 861 facturum
345 841 422 860 esse.
443 847 479 852 —
497 832 582 864 (Risu.
607 833 649 863 t't,
669 831 689 859 f.
706 832 757 858 ‘256
774 838 815 863 r⁰·,
833 839 898 857 ann.
917 830 1004 862 VIII,
1022 838 1048 856 c.
1070 829 1138 861 444;
1160 844 1193 849 —

179 882 350 909 Romanam
367 882 436 913 6253
454 896 486 900 —-
501 881 538 908 cf.
555 888 650 914 supra,
669 889 696 907 n.
717 880 893 912 1963-1965.)

714 575 853 609 t‘erouse,
871 576 902 602 14
920 575 1024 602 sevrier
1041 575 1119 601 1235.

222 996 235 1010 ιι
257 1007 276 1012 ..
297 985 414 1013 illustri
431 984 495 1020 rcyi
510 984 652 1013 Francic.
671 982 868 1013 Serenitatis
884 986 937 1011 tue
954 981 1082 1011 litteras
1095 990 1194 1019 super

180 1042 269 1068 terra
284 1037 459 1067 Venusina
482 1046 540 1074 per
556 1036 713 1066 dilectum
732 1035 839 1065 tilium
861 1035 1058 1073 magistrum
1075 1035 1113 1064 D.
1135 1043 1194 1063 no-

179 1090 232 1120 bis
259 1090 490 1124 transmissas,
518 1099 582 1128 qua
609 1089 719 1119 decuit
743 1088 917 1118 affectione
942 1087 1138 1126 recepimus,
1163 1091 1194 1116 et

179 1143 277 1181 plene
291 1142 519 1173 intelleximus
536 1141 776 1172 continentiam
791 1141 983 1171 earundem.
997 1140 1083 1171 Sane
1095 1148 1194 1178 super

180 1205 219 1226 eo
243 1196 330 1234 quod
351 1200 474 1225 terram
493 1194 596 1224 illam.
616 1204 633 1223 a
649 1194 770 1224 dilecto
786 1193 854 1223 filio
874 1198 986 1223 nostro
1005 1193 1192 1230 R[omano],

181 1248 359 1279 Portuensi
377 1247 491 1283 electo,
510 1251 588 1277 tunc
606 1246 792 1285 Apostolice
810 1246 905 1276 Sedis
921 1246 1040 1284 legato,
1059 1246 1194 1276 nomine

182 1305 239 1331 tuo
267 1300 457 1331 senescalco
483 1299 663 1330 Bellicadri
688 1299 938 1329 custodiendam
961 1308 1018 1337 pro
1045 1298 1195 1329 Ecclesia

183 1354 335 1384 Romana
355 1352 578 1386 commissam,
602 1351 635 1380 in
658 1361 736 1390 pace
754 1360 790 1381 ac
807 1351 1050 1390 tranquillitate
1076 1351 1116 1381 ad
1134 1351 1194 1381 ho-

181 1415 297 1436 norem
317 1405 412 1436 Sedis
428 1404 617 1443 Apostolice
639 1404 859 1439 conservasti,
877 1404 1021 1442 regalem
1040 1404 1195 1442 magnifi-

181 1459 327 1489 centiam
345 1457 456 1495 dignis
478 1457 513 1486 in
534 1457 676 1486 Domino
696 1456 852 1486 laudibus
873 1456 1144 1487 commendamus
1164 1461 1196 1487 et

181 1510 302 1540 uberes
319 1509 381 1538 tibi
402 1508 585 1546 gratiarum
605 1508 784 1538 referimus
806 1508 965 1538 actiones.
984 1508 1067 1539 Cum
1085 1512 1196 1538 autem

181 1561 378 1592 carissimus
395 1561 429 1591 in
447 1561 580 1592 Christo
597 1561 687 1591 filius
704 1565 817 1591 noster
833 1561 868 1591 F.
889 1565 963 1596 etc.,
982 1561 1047 1590 sibi
1062 1561 1196 1591 restitui

180 1618 305 1645 terram
320 1614 429 1654 ipsam
447 1623 522 1644 cum
537 1614 700 1644 instantia
714 1613 902 1652 postularit,
915 1617 947 1644 et.
962 1613 1074 1652 plures
1090 1613 1196 1644 eccle-

180 1668 308 1699 siarum
330 1667 451 1706 prelati
477 1676 513 1697 ac
536 1666 594 1696 alii
612 1666 678 1696 viri
697 1666 852 1696 catholici
873 1666 1015 1706 quedam
1037 1666 1078 1696 ad
1100 1675 1134 1696 se
1160 1666 1195 1696 in

180 1725 270 1752 terra
291 1721 439 1760 predicta
461 1720 629 1759 pertinere
651 1724 847 1759 proponant,
866 1720 956 1759 quia,
977 1720 1039 1750 etsi
1056 1729 1196 1758 regnum

179 1774 377 1804 Arelatense
395 1773 435 1803 ad
449 1773 630 1812 Imperium
646 1777 794 1811 spectare
811 1776 979 1808 noscatur,
993 1772 1073 1812 quid
1085 1777 1195 1803 tamen

181 1827 364 1866 Imperium
385 1826 433 1856 ibi
458 1826 565 1856 tenuit
583 1825 632 1856 vel
650 1826 730 1865 quid
746 1826 804 1856 alii
821 1826 861 1856 ab
878 1835 915 1856 eo
939 1826 1130 1856 immediate
1146 1830 1195 1856 te-

181 1880 318 1915 nebant,
336 1883 393 1909 aut
409 1888 473 1918 que
492 1883 523 1909 et
541 1888 557 1908 a
575 1878 696 1917 quibus
712 1878 820 1917 posita
836 1879 972 1909 suerunt
988 1879 1022 1908 in
1039 1879 1195 1909 manibus

179 1932 329 1964 Ecclesie
346 1941 405 1971 pro
421 1932 599 1962 securitate
616 1932 707 1970 pacis
724 1936 754 1962 et
770 1932 864 1967 fidei,
884 1932 992 1962 adhuc
1014 1932 1110 1962 nobis
1128 1941 1195 1962 non

179 1985 342 2021 constitit,
361 1984 578 2023 supersedere
590 1984 701 2023 potius
713 1984 753 2014 ad
765 1989 894 2023 tempus
906 1984 1079 2022 elegimus,
1096 1994 1195 2024 quam

179 2038 359 2078 quicquam
377 2037 415 2067 de
432 2037 504 2076 ipsa
524 2041 681 2072 statuere,
700 2047 758 2076 per
773 2037 859 2077 quod
872 2037 941 2077 juri
958 2037 1100 2077 alicujus
1117 2046 1195 2068 con-

179 2092 324 2129 tingeret
340 2090 504 2128 derogari.
524 2091 641 2125 Porro,
663 2090 749 2120 sicut
773 2090 989 2121 manifestum
1009 2095 1058 2120 cst
1081 2095 1111 2121 et
1133 2090 1196 2120 erit

178 2143 373 2174 memoriale
390 2143 424 2173 iu
442 2143 580 2179 seculis,
600 2143 688 2173 clare
705 2144 863 2173 memorie
882 2167 901 2173 ..
920 2149 1012 2183 pater
1029 2148 1120 2179 tuus,
1143 2153 1195 2174 Ze·-

177 2197 278 2232 latus,
295 2197 381 2226 sicut
394 2196 548 2234 princeps
563 2196 760 2232 catholicus,
775 2197 943 2234 negotium
960 2197 1049 2236 pacis
1063 2201 1093 2227 et
1104 2197 1192 2232 fidei,

178 2259 237 2288 pro
261 2250 332 2287 ipso
352 2249 574 2287 promovendo
602 2249 732 2279 ardenti
753 2249 916 2279 laboravit
938 2250 1075 2286 affectu,
1100 2251 1194 2290 cujus

178 2303 315 2342 pietatis
334 2303 497 2332 servorem
514 2303 679 2332 Dominus
697 2312 734 2332 ex
753 2302 818 2333 alto
834 2303 1033 2342 respiciens,
1057 2303 1136 2342 quia
1153 2303 1196 2333 il-

178 2355 246 2386 lius
265 2356 377 2385 anima
398 2355 519 2394 placita
536 2355 601 2385 sibi
618 2360 704 2391 erat,
725 2356 850 2394 ipsum,
868 2356 945 2386 dum
963 2360 1050 2387 esset
1067 2356 1103 2386 in
1120 2366 1195 2395 pro-

179 2408 351 2438 secutione
368 2407 447 2437 dicti
464 2408 600 2445 negotii,
620 2408 658 2438 de
675 2409 943 2447 peregrinatione
961 2409 1026 2439 vite
1042 2409 1142 2449 hujus
1155 2409 1196 2439 ad

179 2460 401 2491 beatitudinis
424 2461 581 2499 patriam,
609 2466 645 2491 ut
667 2462 808 2491 firmiter
830 2462 1013 2498 credinms,
1034 2462 1194 2492 evocavit.

180 2513 331 2544 Petimus
349 2513 463 2551 igitur,
482 2513 529 2543 fili
555 2514 749 2549 karissime,
769 2519 799 2545 et
815 2515 1029 2545 obsecramus
1051 2524 1108 2554 per
1128 2515 1196 2545 vis-

180 2575 257 2597 cera
276 2566 505 2596 misericordie
526 2566 633 2597 Jhesu
652 2567 796 2603 Christi,
822 2568 856 2597 in
878 2568 1111 2598 remissionem
1134 2568 1195 2598 tibi

179 2619 410 2659 peccaminum
428 2620 641 2659 injungentes
661 2625 842 2659 quatenus,
865 2621 953 2660 piam
975 2621 1078 2660 patris
1097 2621 1196 2652 devo-

180 2673 305 2703 tionem
328 2672 471 2702 sollicite
488 2672 706 2703 considerans
730 2674 763 2703 in
786 2673 847 2703 hac
869 2678 961 2712 parte
984 2678 1015 2704 et
1037 2674 1143 2704 eidem
1162 2675 1196 2704 in

181 2725 303 2754 virtute
321 2725 458 2755 studens
476 2726 636 2761 existere,
656 2730 691 2756 ut
708 2727 742 2755 in
766 2736 881 2764 regno,
905 2736 1088 2762 successor,
1106 2727 1196 2757 beni-

180 2786 282 2816 gnum
295 2777 447 2808 habendo
460 2783 647 2816 respectum
659 2779 700 2808 ad
714 2780 882 2817 negotium
894 2785 1123 2815 memoratum,
1135 2785 1196 2810 ter-

178 2839 249 2859 ram
266 2830 466 2868 predictam,
493 2840 566 2860 cum
590 2831 775 2869 periculosa
799 2841 871 2862 esse
893 2837 1002 2871 posset
1023 2833 1197 2871 repentina

178 2883 319 2912 mutatio
338 2887 444 2912 status
462 2883 587 2921 ipsius.
607 2884 646 2914 sle
663 2885 780 2922 gratia.
800 2894 897 2924 quam
916 2886 1020 2923 gratie
1038 2886 1197 2924 superad-

178 2935 249 2971 das,
268 2936 351 2966 sicut
371 2936 535 2967 hactenus
553 2937 591 2967 ad
607 2937 764 2968 honorem
784 2938 941 2974 Ecclesie,
960 2939 1062 2969 donec
1074 2939 1112 2970 de
1127 2948 1196 2977 pre-

303 2995 490 3027 Gassoomn
509 3003 560 3032 tx,
579 3006 598 3028 t.
618 3004 639 3029 1.

1275 338 1389 368 missis
1416 339 1471 368 ssat
1494 338 1688 377 inquisitio,
1714 346 1910 368 conservare
1934 346 2104 376 procures,
2128 338 2172 367 ita
2198 339 2286 377 quod

1274 393 1379 422 Deum
1398 392 1514 422 exinde
1536 392 1596 421 tibi
1616 391 1733 422 reddas
1754 391 1933 430 propitium
1959 395 1989 421 et
2012 400 2049 421 cx
2066 391 2126 421 boc
2145 391 2284 428 gloriam

1274 445 1309 474 in
1326 445 1472 483 presenti
1489 449 1520 475 et
1536 445 1677 483 gratiam
1693 444 1845 474 obtineas
1862 444 1895 473 in
1911 444 2030 473 sutnro.
2051 445 2118 474 Nos
2133 444 2222 473 enim
2239 444 2286 473 (li-

1275 497 1358 527 lerlo
1385 497 1452 526 tilio
1477 497 1636 535 magistro
1666 498 1787 535 1³[ctro]
1813 497 1851 526 de
1877 496 2090 531 Colletnetlio,
2120 497 2287 534 preposito

1276 550 1387 580 Sancti
1407 551 1448 579 At
1461 550 1598 584 dsnnari,
1617 549 1787 588 capellano
1805 553 1928 583 nostro,
1946 549 2015 578 viro
2027 549 2162 587 provido
2179 553 2209 578 et
2223 549 2288 579 dis-

1276 606 1380 637 creto,
1400 560 1494 632 noiiis
1512 606 1542 631 et
1567 602 1727 631 fratribus
1748 602 1869 631 nostris
1893 601 2011 630 merito
2031 611 2088 631 sue
2112 601 2286 640 probitatis

1277 659 1419 693 accepto,
1442 655 1557 684 damus
1574 654 1695 684 litteris
1713 655 1745 683 in
1764 654 1929 683 mandatis
1945 658 1990 688 ut,
2009 654 2228 692 personaliter
2247 655 2287 684 ad

1276 712 1386 747 partes
1410 707 1485 738 illas
1507 707 1682 742 accedens,
1707 707 1745 737 de
1767 707 1922 737 omnibus
1946 711 1976 737 et
2000 707 2142 743 singulis
2162 707 2287 743 negotii

1277 760 1539 791 circumstantiis
1556 759 1704 798 inquirat
1721 759 1979 797 diligentissime
1993 759 2181 795 veritatem,
2200 760 2287 798 quod

1276 813 1444 844 invenerit
1467 813 1563 843 nobis
1582 812 1725 842 fideliter
1746 812 1984 850 rescripturus,
2012 816 2063 846 ut,
2086 811 2218 850 plenius
2236 812 2288 841 in·-

1277 867 1395 897 structi
1416 875 1474 905 per
1494 866 1619 904 ipsum,
1643 874 1821 895 exonerare
1842 864 2124 902 magnificentiam
2148 868 2237 894 tuam
2257 870 2289 895 et

1277 920 1354 950 inde
1371 919 1522 949 securius
1536 918 1710 956 disponere
1726 917 1906 952 valeamus,
1922 917 1978 955 qui
1992 917 2108 956 utique
2121 917 2176 956 jus
2190 926 2288 947 suum

1277 972 1459 1011 unicuique
1478 971 1629 1001 volumus
1647 970 1850 1005 conservari,
1868 979 1942 999 cum
1960 969 2064 1000 simus
2081 970 2236 999 omnibus
2253 970 2287 1000 in

1274 1025 1407 1065 justitia
1426 1024 1603 1055 debitores.
1626 1025 1700 1054 Dat.
1725 1023 1873 1058 Perusii,
1891 1023 1969 1053 XVI
1987 1023 2145 1053 kalendas
2163 1024 2285 1060 martii,

1277 1087 1364 1109 anno
1379 1082 1504 1109 octavo.
1524 1090 1537 1104 ι)

1313 1189 1418 1212 2425.
1439 1199 1474 1204 —
1494 1182 1525 1210 In
1547 1182 1670 1210 eundem
1692 1183 1751 1209 fere
1769 1182 1886 1209 modum
1902 1183 2043 1218 scriptum
2061 1187 2105 1209 est
2121 1203 2138 1209 ..
2154 1185 2289 1216 preposito

1277 1234 1444 1268 supradicto.

1349 1389 1467 1417 242ss
1812 1386 1951 1420 Perouse,
1970 1387 1999 1413 14
2017 1387 2121 1413 fevrier
2140 1387 2216 1414 ¹235.

1315 1448 1413 1475 Eidem
1429 1449 1531 1476 scribit
1547 1452 1587 1481 ut,
1605 1449 1630 1475 si
1645 1452 1749 1475 terram
1763 1447 1941 1474 Venusinam
1959 1448 2083 1483 amplius
2099 1448 2221 1474 retinere
2239 1456 2290 1475 no-

1278 1498 1324 1531 lit,
1342 1506 1404 1524 eam
1422 1498 1560 1532 magistro
1578 1497 1682 1531 Pletro]
1701 1496 1736 1523 de
1757 1496 1931 1523 Collemedio
1947 1497 2091 1530 resignet,
2107 1498 2173 1531 jure
2188 1498 2291 1531 cujus-

1278 1547 1349 1573 libet
1366 1546 1392 1572 in
1409 1546 1544 1573 omnibus
1556 1546 1645 1573 salvo.
1658 1561 1692 1565 —
1703 1545 1785 1579 (Ιὶεο.
1804 1546 1842 1576 17,
1856 1545 1873 1572 s.
1886 1545 1937 1572 ‘256
1951 1552 1993 1576 r⁰;
2008 1553 2075 1572 ann.
2088 1544 2168 1575 VIII,
2181 1553 2207 1571 c.
2221 1544 2288 1578 4453

1278 1611 1311 1615 —
1328 1596 1497 1623 Rom-:nusae
1515 1595 1589 1628 6-26.)

1321 1703 1333 1718 «
1357 1691 1473 1720 Eidem.
1499 1691 1563 1721 Per
1585 1689 1668 1719 alIas
1684 1689 1812 1719 litteras
1829 1688 2044 1718 serenitatem
2060 1691 2150 1716 tuam
2170 1696 2291 1725 rogan-

1279 1744 1353 1774 dam
1370 1744 1525 1774 duximus
1539 1742 1737 1782 propensius
1751 1745 1782 1772 et
1796 1740 2005 1775 monendam,
2020 1744 2051 1770 et
2064 1749 2121 1778 per
2133 1739 2290 1769 dilectum

1278 1797 1385 1827 filium
1402 1796 1600 1835 magistrum
1617 1797 1653 1825 P.
1671 1795 1709 1825 de
1721 1794 1934 1829 Collemedio,
1953 1793 2157 1832 prepositum
2176 1793 2289 1823 Sancti

1278 1850 1478 1885 Andomari,
1504 1848 1712 1887 capellanum
1737 1851 1902 1882 nostrum,
1929 1846 2037 1875 virum
2060 1845 2233 1884 providum
2259 1849 2291 1875 et

1278 1903 1470 1938 discretum,
1491 1902 1587 1932 nobis
1605 1905 1635 1931 et
1652 1901 1812 1931 fratribus
1828 1899 1952 1929 nostris
1970 1899 2089 1929 merito
2105 1908 2163 1928 sue
2180 1898 2292 1936 probi-

1280 1957 1356 1986 tatis
1369 1960 1550 1994 acceptum,
1567 1959 1597 1985 te
1610 1954 1737 1984 hortari
1750 1953 1981 1983 mandavimus
1992 1956 2027 1982 ut
2044 1956 2166 1982 terram
2182 1952 2291 1981 chu-

1279 2009 1399 2043 sinam,
1429 2008 1532 2038 donec
1557 2016 1656 2045 super
1682 2006 1741 2036 illa
1767 2006 1823 2035 fiat
1849 2005 2026 2044 inquisitio
2052 2014 2110 2043 per
2135 2004 2288 2038 eundem,

1278 2063 1364 2092 sicut
1381 2061 1542 2091 hactenus
1559 2060 1599 2090 ad
1613 2059 1771 2089 honorem
1787 2058 1933 2088 Ecclesie
1952 2067 2010 2096 pro
2027 2061 2139 2087 nostra
2156 2061 2187 2086 et
2203 2056 2290 2086 beati

1279 2115 1369 2146 Petri
1389 2113 1576 2144 reverentia
1592 2113 1726 2143 studeas
1743 2120 1951 2142 conservare.
1969 2111 2141 2141 Ceterum,
2161 2110 2189 2139 si
2206 2110 2290 2139 sorte

1279 2167 1483 2198 contrarium
1496 2167 1529 2195 in
1545 2165 1656 2195 animo
1671 2174 1730 2195 suo
1746 2163 2010 2194 irrevocabiliter
2023 2162 2184 2201 disposuit
2200 2162 2291 2199 regia

1279 2220 1452 2255 celsitudo,
1473 2219 1519 2249 ita
1540 2218 1627 2258 quod
1646 2217 1732 2248 nolis
1756 2226 1827 2248 eam
1851 2216 1993 2255 amplius
2015 2216 2171 2249 retinere,
2197 2215 2290 2245 volu-

1278 2282 1353 2302 mus
1365 2277 1401 2302 ut
1415 2281 1498 2302 eam.
1513 2270 1646 2301 nomine
1659 2274 1783 2305 nostro,
1797 2269 1943 2308 predicto
1956 2268 2114 2306 magistro
2127 2268 2289 2305 resignes,

1275 2327 1351 2366 jure
1388 2325 1567 2365 cujuslibet
1601 2324 1635 2354 in
1667 2324 1823 2354 omnibus
1858 2331 1987 2361 semper
2017 2321 2119 2352 salvo.
2151 2321 2224 2350 Dat.
2255 2325 2292 2349 ut

1279 2388 1389 2419 supra.
1410 2391 1422 2406 »

1813 2533 1952 2563 Perottse,
1974 2532 2002 2558 13
2020 2531 2123 2557 sevricr
2143 2530 2218 2556 1235.

1349 2537 1465 2566 2422

1315 2598 1454 2633 Magistro
1472 2597 1557 2624 Petro
1573 2597 1608 2622 dc
1624 2595 1810 2626 Collemedi0,
1825 2594 1987 2628 praeposito
2003 2591 2101 2618 Sancti
2120 2591 2290 2621 Autlomari,

1278 2648 1426 2683 capellano
1442 2654 1506 2678 suo,
1525 2645 1639 2671 mandat
1654 2648 1809 2679 quatenus,
1820 2642 1843 2668 si
1858 2650 1906 2668 rex
1922 2641 2057 2667 Franciae
2070 2645 2173 2665 terram
2188 2638 2290 2664 Venu-

1279 2697 1372 2723 sinam
1391 2695 1512 2722 ulterius
1529 2694 1654 2720 retinere
1671 2692 1749 2723 nolit,
1766 2693 1831 2725 ejus
1849 2690 2071 2724 resignationem
2090 2687 2218 2721 recipiat,
2233 2692 2287 2713 ter·

1281 2753 1399 2779 rumque
1415 2743 1548 2779 personis
1564 2741 1676 2769 idoneis
1691 2739 1909 2767 custodiendam
1922 2738 2081 2765 committat
2098 2741 2126 2763 et
2141 2736 2174 2762 ad
2193 2736 2290 2769 inqui-

1280 2795 1415 2821 sitionem
1427 2800 1513 2827 quam
1525 2791 1559 2817 de
1568 2800 1601 2817 ea
1612 2791 1674 2826 ipse
1687 2798 1757 2824 papa
1770 2789 1830 2815 fieri
1839 2789 1980 2822 jusserat,
1990 2787 2123 2812 celeriter
2136 2785 2268 2819 procedat
2283 2793 2289 2811 1

1281 2847 1426 2878 praetcrea
1445 2849 1542 2875 regent
1560 2845 1587 2866 et
1607 2838 1794 2873 113laticltatitl,
1816 2837 1881 2870 ejus
1902 2840 2031 2866 matrem,
2045 2838 2159 2860 moneat
2173 2838 2201 2859 ut
2218 2834 2291 2858 inter

1285 2890 1497 2926 [Raymundum
1510 2886 1752 2921 Bercngnriilw,
1766 2880 2291 2918 l'r‹›vinci.·1e,ct[RaymuntlumX'lll,

1280 2941 1476 2967 Tnotosnnum
1500 2937 1633 2971 comit-22³,
1651 2944 1749 2971 pacem
1766 2935 1920 2960 reformare
1937 2932 2082 2959 studeant.
2099 2946 2130 2950 —
2148 2929 2292 2965 Epistol-‘tc

2138 2992 2168 3015 80
