2498 3242
201 319 259 350 849
1060 305 1274 344 SEPTIEME
1297 305 1455 342 ANNEE.
2256 316 2313 345 850

202 384 353 419 CIonrndo]
363 406 368 416 ‚
377 383 487 410 ordinis
495 383 728 410 Praedicatorum
737 382 905 417 provinciali
915 381 999 416 priori
1010 381 1037 406 in
1044 378 1216 410 Tbeutonia,

210 432 324 460 mandat
340 436 485 467 quatenus
501 435 600 457 contra
622 431 785 457 haereticos
802 430 981 456 Tbeutoniao
999 431 1081 463 juxta
1098 428 1216 454 sormam

203 481 318 508 concilii
334 481 480 515 generalis
496 484 522 506 et
540 483 647 506 statuta
664 488 756 514 nuper
767 479 842 505 edita
854 479 1019 514 procedant.
1031 477 1161 510 —(tt1‹.0.
1176 478 1216 508 ¹7,

202 530 222 557 f.
234 530 268 557 89
279 536 322 561 r03
335 538 402 557 ann.
416 528 481 561 vn,
493 537 518 556 c.
533 528 579 556 311
593 541 598 560 ·,
612 543 648 549 -
661 528 808 555 Pon-amr
819 528 903 561 931-t;
917 543 947 548 —-
963 527 1131 555 Rouexnsnn
1143 527 1215 558 558.)

246 644 258 657 «
281 654 299 660 ..
318 631 543 668 archiepiscopo
566 631 757 668 itlayunn'no,
783 653 801 659 ..

203 685 299 722 fratri
315 684 359 719 C.‚
378 684 498 713 ordinis
515 684 742 713 Predt'calorttm
758 684 949 722 provinciali
967 683 1069 720 priori
1091 683 1125 710 in
1148 682 1218 710 Teu-

206 737 301 766 ιοηία.
318 735 474 766 Dolemus
491 739 523 766 et
539 735 727 766 vehementi
742 754 790 764 -.
809 736 880 765 Dat.
902 734 1063 773 Anagnie,
1081 734 1147 763 XII
1163 733 1218 763 ka-

205 789 320 819 lendas
338 789 539 823 novembris,
560 798 646 818 anno
663 789 814 827 septimo.
835 800 848 814 »

823 631 956 668 episcopo
979 629 1171 658 lldcsemcnst‘
1193 632 1218 657 et

282 968 301 996 Ι
311 968 400 997 542

241 1030 472 1065 Archiepiscopo
485 1029 715 1064 Rotbomagensi
730 1029 844 1056 mandat
860 1033 1003 1063 quatenus
1020 1029 1048 1054 in
1060 1029 1126 1062 jura
1141 1028 1220 1063 epis-

207 1079 272 1114 copi
299 1078 535 1106 Constantiensis
565 1087 620 1105 non
653 1082 784 1105 attentet.
812 1093 844 1098 —
870 1078 958 1111 (nto.
987 1078 1029 1109 ⁴17,
1063 1078 1080 1103 f.
1113 1077 1146 1104 89
1175 1084 1218 1111 r⁰;

205 1136 272 1154 ann.
291 1127 356 1159 VII,
375 1136 400 1154 c.
419 1127 484 1158 312:
501 1142 534 1147 —
551 1127 671 1154 Moum-
692 1127 767 1158 1¹88,
786 1127 803 1154 f.
821 1127 894 1159 ἶ302.)

742 967 867 1001 Anagni,
888 968 916 993 17
933 966 1050 993 octobre
1071 965 1145 993 1‘233.

249 1241 261 1255 ιι
289 1252 309 1257 ..
334 1229 560 1267 archiepiscopo
580 1229 823 1265 Rotlzomaqensi.
847 1227 1058 1258 Constitutus
1085 1227 1120 1256 in
1146 1236 1222 1265 pre-

208 1281 316 1311 sentia
332 1285 443 1311 nostra
461 1281 602 1311 dilectus
622 1281 711 1310 tilius
735 1280 894 1318 magister
917 1280 1096 1317 Rogerius,
1122 1289 1222 1310 cano-

208 1334 304 1364 nicus
333 1333 620 1368 Constantiensis,
647 1337 841 1372 procurator
870 1332 1073 1362 venerabilis
1107 1332 1222 1362 fratris

208 1386 314 1416 nostri
330 1409 352 1414 ..
370 1385 640 1416 Constanticnsis
665 1385 826 1424 episcopi,
844 1384 941 1414 nobis
963 1384 1113 1422 exposuit
1136 1385 1224 1423 quod

208 1442 259 1473 tu,
274 1438 521 1478 jurisdictionis
541 1442 595 1468 tue
619 1437 744 1467 finibus
760 1446 826 1467 non
843 1441 1034 1472 contentus,
1053 1437 1091 1466 de
1112 1437 1222 1466 causis

209 1491 419 1522 subditorum
447 1491 527 1521 dicti
556 1491 719 1530 episcopi,
746 1490 824 1520 licet
854 1499 915 1520 nec
944 1500 1001 1529 per
1028 1489 1223 1528 appellatio-

208 1553 285 1575 nem
302 1553 361 1574 nec
380 1544 464 1574 alias
480 1544 515 1574 in
534 1544 668 1574 casibus
687 1543 856 1574 concessis
874 1553 891 1573 a
906 1543 981 1582 jure
999 1543 1040 1573 ad
1056 1547 1150 1573 tuum
1166 1543 1223 1573 de-

206 1598 359 1628 ferantur
378 1606 534 1632 examen,
555 1606 591 1627 ac
614 1597 643 1627 si
666 1596 727 1626 tibi
750 1601 931 1627 noscantur
953 1596 1145 1626 immediate
1166 1605 1223 1626 su-

206 1650 314 1686 besse,
336 1659 551 1689 cognoscens,
572 1650 600 1680 si
623 1651 736 1680 forsan
757 1650 797 1680 ab
819 1650 892 1688 ipso
913 1649 1066 1688 episcopo
1083 1649 1134 1679 vel
1151 1649 1222 1688 ejus

206 1703 340 1733 officiali
362 1703 403 1733 ad
426 1703 632 1734 audientiam
657 1707 745 1733 tuam
762 1703 874 1733 minus
886 1703 977 1742 juste
992 1702 1095 1733 fuerit
1111 1702 1224 1741 appel-

205 1756 326 1792 latum,
352 1756 610 1796 appellationem
634 1756 741 1795 ipsam
769 1756 939 1792 admittis;
970 1757 1064 1796 quus
1092 1755 1223 1786 meritis

206 1818 272 1840 non
289 1810 462 1845 discussis,
479 1810 678 1849 quandoque
691 1818 868 1848 processus
883 1818 1018 1840 revocas
1032 1809 1165 1839 habitos
1182 1808 1222 1838 ab

206 1863 347 1899 eisdem,
368 1863 567 1902 quandoque
588 1872 687 1902 super
704 1862 882 1901 principali
903 1867 1014 1901 partes
1041 1861 1222 1900 cognitoris

204 1924 379 1955 perperam
404 1915 602 1954 interponis.
626 1916 660 1946 Si
687 1915 818 1955 quando
844 1915 944 1946 etiam
973 1915 1012 1946 de
1033 1915 1220 1951 interdicti,

205 1969 559 2000 excommunicationis
586 1974 618 1999 et
640 1969 872 2007 suspensionis
895 1969 1091 2003 sententiis,
1121 1977 1219 2007 quas,

206 2022 357 2060 exigente
377 2022 525 2061 justitia,
552 2022 623 2060 ipse
648 2021 699 2052 vel
724 2021 876 2052 officialis
900 2031 981 2052 suus
1006 2022 1042 2051 in
1071 2021 1222 2052 subditos

204 2086 282 2108 suos
301 2077 437 2116 profert,
456 2076 497 2106 ad
515 2081 546 2107 te
563 2077 636 2106 sine
653 2077 873 2115 appellatione
890 2077 1020 2115 questio
1039 2077 1219 2112 deferatur,

204 2134 240 2161 tu
263 2130 303 2160 ad
324 2130 435 2168 ipsum
453 2129 672 2160 absolvendos
694 2130 900 2165 interdictos,
919 2129 1221 2160 excommunicatos

205 2187 237 2214 et
253 2191 433 2222 suspensos
450 2182 642 2222 huJusmodi
665 2191 731 2212 non
747 2183 911 2218 remittis,
939 2183 996 2213 sed
1017 2183 1096 2212 dum
1116 2183 1221 2213 dictas

205 2236 390 2267 sententias
413 2235 486 2265 sine
509 2235 622 2274 aliqua
644 2235 832 2273 cognitione
856 2244 893 2265 ac
916 2235 1145 2266 satisfactione
1168 2244 1221 2266 re-

204 2289 296 2320 laxas
319 2297 379 2319 sen
398 2287 536 2318 mandas
558 2296 616 2326 per
632 2287 716 2318 alios
738 2287 896 2323 relaxari,
919 2288 1050 2319 vilescit
1071 2288 1221 2328 ejusdem

205 2342 351 2382 episcopi
366 2341 546 2372 auctoritas
560 2345 591 2372 et
605 2341 771 2371 sententie
784 2346 1074 2380 contempnuntur.
1091 2341 1222 2381 Adjecit

204 2400 356 2436 preterea
371 2399 565 2434 procurator
577 2394 757 2434 jamdictus
780 2394 877 2433 quod,
902 2395 931 2425 si
952 2395 1065 2434 aliqua
1085 2394 1222 2434 querela

205 2449 419 2487 interipsum
440 2447 632 2487 episcopum
657 2451 688 2477 et
709 2447 792 2478 alios
813 2447 875 2478 suh
896 2452 952 2478 tuo
975 2448 1128 2478 examine
1149 2457 1221 2478 mo-

205 2506 333 2537 veatur,
351 2501 386 2531 in
403 2509 441 2531 ea
453 2500 541 2540 juris
558 2500 675 2530 ordine
698 2508 762 2530 non
781 2504 910 2531 servato
925 2500 1088 2539 procedis,
1111 2504 1144 2531 et
1163 2509 1221 2540 ap-

205 2554 380 2594 pellationi
394 2553 474 2584 dicti
489 2552 646 2592 episcopi,
660 2557 967 2593 quantumcumque
982 2553 1143 2592 legitime,
1156 2553 1221 2583 mi-

206 2608 297 2639 nime
309 2607 474 2642 deferens,
483 2615 542 2645 per
551 2610 581 2637 te
592 2605 644 2636 vel
655 2605 830 2637 officialem
842 2610 947 2643 tuum,
956 2606 1029 2637 sine
1040 2606 1222 2637 manifesta

207 2665 239 2692 et
262 2659 456 2691 rationabili
477 2667 589 2695 causa,
613 2659 790 2697 suspendis
812 2663 843 2689 et
864 2659 1131 2690 excommunicas
1149 2659 1221 2699 ejus

208 2713 358 2744 subditos
372 2713 407 2742 in
421 2712 555 2743 casibus
569 2721 634 2742 non
649 2712 828 2748 concessis,
840 2717 871 2743 et
883 2713 1052 2743 interdum
1064 2713 1098 2743 in
1111 2714 1221 2752 ipsum

208 2766 399 2805 episcopum
415 2764 575 2795 fulminas
592 2774 658 2795 non
674 2765 862 2795 convictum
882 2766 917 2795 in
937 2765 1049 2805 aliquo
1069 2766 1122 2797 vel
1143 2767 1222 2797 'con-

206 2819 346 2850 fessum.
375 2818 484 2855 Quare
511 2821 714 2848 memoratus
741 2819 901 2856 magister
927 2819 1023 2849 nobis
1047 2819 1223 2850 humiliter

207 2871 407 2911 supplicavit
423 2869 510 2910 quod
526 2874 557 2900 te
571 2870 632 2908 [ut]
649 2870 689 2900 ab
703 2870 852 2910 ejusdem
865 2871 1011 2910 episcopi
1031 2880 1130 2911 super
1146 2880 1222 2911 pre-

206 2924 321 2955 missis
337 2922 582 2963 inquietatione
598 2923 758 2959 desistas,
776 2923 974 2964 compellere
993 2924 1220 2963 dignaremur.

207 2977 294 3015 Quia
303 2985 381 3008 vero
393 2980 517 3016 quanto
527 2980 558 3006 te
574 2975 681 3015 magis
697 2976 878 3008 discretum
890 2977 1045 3008 novimus
1061 2981 1093 3008 et
1104 2977 1222 3016 gaude-

333 3035 519 3068 onnoomn
537 3041 590 3072 1x‚
608 3044 626 3066 t.
647 3042 667 3066 1.

1302 386 1387 412 mus,
1404 383 1493 407 tanto
1510 379 1658 409 dolemus
1677 379 1818 417 amplius
1837 384 1865 408 ts·
1883 379 1939 408 illa
1957 379 2095 415 efficere,
2112 389 2242 419 perque
2259 385 2311 411 tue

1301 430 2313 471 honestativaleat‹lt-rogari.n1:1n‹l.·n1msqnatenus.pruden-

1303 487 1350 513 ter
1367 484 1541 513 attendens
1566 484 1651 522 qnod
1671 484 1796 514 tibimet
1827 484 1907 513 saris
1929 485 2102 523 injuriam,
2122 485 2150 514 si
2174 487 2311 515 fratrum

1302 540 1432 565 tuorum
1446 536 1718 574 juraperturbas,
1732 541 1759 565 et
1777 537 1995 571 tumlienitati
2008 538 2226 568 subtrahitur.
2239 548 2311 567 rum

1301 597 1319 617 a
1336 591 1365 617 te
1382 588 1464 626 ipsis
1484 588 1589 617 bonor
1604 588 1735 618 debitus
1752 588 1945 624 ‹lernfgatniu
1967 589 1993 617 si
2011 594 2057 618 est
2076 590 2132 619 ita.
2151 591 2314 628 premissa

1301 640 1426 679 absque
1449 641 1642 670 dillicultate
1660 640 1807 679 qualibet
1824 641 1957 669 studeas
1975 651 2139 671 rvi-orare.
2160 643 2217 671 tibi
2236 653 2314 671 anc-

1301 694 1432 728 toritate
1450 694 1627 732 apostoliea
1649 694 1887 723 nichilominus
1912 694 2102 724 inhibentes
2128 704 2166 724 ne
2191 695 2315 725 similia.

1301 747 1339 776 de
1353 751 1462 777 cetero
1474 750 1669 784 attemptare
1684 756 1867 785 presumas.
1882 746 2040 785 Alioquin
2054 748 2184 777 dilectis
2199 748 2277 776 titii>-
2295 772 2312 776 ..

1302 799 1413 830 abbati
1436 800 1549 829 Sancti
1571 799 1732 833 Victoris,
1759 803 1789 829 et
1817 800 1985 834 magistris
2015 800 2190 829 Herbe-rto.
2222 801 2315 830 Pari-

1301 852 1417 886 siensi,
1436 856 1466 882 et
1483 853 1522 882 R.
1541 852 1579 881 de
1594 852 1769 883 Donfront,
1787 852 2044 886 Cenonnuwnsi,
2064 852 2214 882 Par-isius
2231 862 2315 882 com-

1302 905 1456 939 moranti,
1475 905 1656 939 canonicis,
1683 905 1805 935 nostris
1824 905 1940 934 damus
1959 904 2079 934 litteris
2100 905 2132 934 in
2151 906 2316 935 mandatis

1301 962 1347 993 ut,
1366 957 1511 996 predicta
1529 962 1722 988 revocantes
1739 958 1885 988 omnino.
1904 958 1930 987 si
1949 962 2060 987 contra
2078 958 2315 987 inhibitionem

1302 1015 1449 1040 nostram
1470 1010 1608 1049 aliquid,
1631 1011 1717 1049 quod
1735 1020 1798 1040 non
1816 1011 1993 1045 credimus,
2017 1011 2150 1040 (luxeris
2176 1015 2316 1049 attemp-

1303 1063 1454 1098 tandum,
1479 1063 1574 1093 nobis
1601 1063 1726 1102 absque
1750 1072 1838 1093 more
1861 1063 2035 1101 dispendio
2057 1063 2211 1093 studeant
2236 1064 2317 1093 inti-

1302 1126 1403 1151 mare,
1422 1120 1456 1145 ut
1473 1116 1513 1146 ad
1529 1116 1767 1146 correctionem
1782 1116 1938 1151 debitam,
1955 1116 2038 1145 sieut
2055 1116 2207 1154 expedire
2225 1116 2316 1145 vide-

1302 1170 1418 1204 rimus,
1433 1170 1660 1207 proeedamus.
1677 1169 1782 1207 Super
1794 1169 1854 1199 boc
1869 1173 1978 1198 tamen
1993 1169 2076 1207 ipsis
2089 1168 2317 1199 cohertionem

1303 1222 1429 1251 nullam
1445 1222 1599 1251 duximus
1616 1221 1871 1252 concedendam.
1890 1222 1963 1251 Dat.
1981 1221 2144 1259 Anagnie‚
2162 1222 2241 1251 XVI
2258 1221 2317 1251 ka-

1303 1274 1418 1305 lendas
1441 1274 1642 1309 novembris,
1662 1283 1749 1304 anno
1766 1274 1916 1313 septimo.
1938 1287 1950 1300 n

1341 1397 1444 1421 ¹543.
1462 1408 1494 1414 —
1510 1393 1541 1420 Iu
1559 1393 1683 1420 eundem
1702 1394 1816 1420 modum
1834 1394 1974 1428 scriptum
1996 1398 2039 1420 est
2060 1395 2143 1419 vitlem
2164 1394 2318 1427 archicpis-

1304 1450 1366 1476 copo
1383 1451 1432 1477 pro
1451 1463 1467 1469 ..
1486 1442 1624 1477 episcopo
1641 1442 1786 1476 Sagiensi,
1805 1446 1831 1468 et
1848 1442 2100 1476 ez'sdemjmlicibus
2113 1450 2162 1477 pro
2176 1442 2317 1476 utrisque.

1381 1618 1498 1646 ¹544
1799 1608 1802 1611 ,
1840 1617 1965 1650 Anagni,
1986 1617 2015 1644 19
2033 1617 2150 1643 octobre
2169 1616 2246 1644 1233.

1341 1679 1447 1706 Abbati
1469 1679 1568 1706 Sancti
1592 1679 1718 1706 Victoris
1740 1679 1930 1711 Parisiensis,
1949 1682 1977 1705 et
1999 1679 2146 1714 magistris
2168 1679 2318 1712 Hei-berto,

1305 1727 1462 1754 Parisiensi
1480 1727 1630 1759 canonico,
1647 1730 1676 1753 et
1693 1726 1729 1754 R.
1746 1726 1781 1753 de
1799 1726 1954 1758 Donfront,
1971 1726 2099 1753 Pal-isius
2116 1727 2317 1759 commoranti,

1308 1775 1537 1810 {Cenomanensil
1557 1775 1707 1804 canonico,
1721 1775 1835 1801 mandat
1849 1779 1994 1810 quatenus
2006 1775 2180 1802 sententiam
2193 1783 2320 1810 suspen-

1304 1825 1397 1851 sionis
1412 1825 1446 1850 ab
1467 1824 1688 1859 archiepiscopo
1709 1823 1940 1858 Rothomagensi
1961 1823 1988 1849 iu
2009 1824 2178 1859 episcopum
2197 1823 2319 1858 Sagien-

1305 1882 1367 1901 sem
1384 1873 1467 1900 latam
1481 1895 1487 1905 ‚
1505 1874 1644 1900 relaxent.
1665 1887 1700 1893 —
1715 1873 1799 1906 (Rau.
1818 1874 1864 1905 17,
1882 1873 1901 1900 s.
1919 1873 1953 1900 89
1971 1880 2013 1906 v⁰;
2031 1882 2097 1899 ann.
2118 1872 2232 1905 V11,c.
2251 1872 2317 1906 3135

1303 1935 1340 1943 ——
1354 1922 1474 1949 Motu-:Au
1494 1922 1571 1954 1188,
1589 1922 1607 1949 f.
1625 1921 1699 1956 204.)

1346 2037 1359 2051 «
1381 2048 1400 2053 ..
1419 2025 1522 2054 abbati
1537 2024 1644 2053 Sancti
1665 2024 1801 2058 Victoris,
1819 2028 1845 2052 et
1859 2024 2213 2061 771a9istr·isHerbert[o],
2232 2024 2319 2052 Pari-

1302 2079 1411 2112 siensi,
1430 2082 1456 2107 et
1474 2078 1504 2106 R.
1524 2077 1558 2106 de
1573 2077 1734 2114 Donfront,
1752 2076 1893 2105 Par-isius
1908 2077 2129 2106 commoranti.
2148 2077 2318 2105 canonicis.

1303 2130 1514 2161 Constitutus
1532 2129 1567 2158 in
1585 2128 1755 2167 presentia
1772 2132 1886 2158 nostra
1901 2128 2104 2158 venerabilis
2120 2128 2223 2158 frater
2242 2137 2319 2158 nos-

1304 2188 1354 2214 ter
1381 2206 1400 2212 ..
1424 2183 1599 2221 episcopus
1625 2182 1798 2220 Sagiensis
1822 2181 1917 2211 nobis
1941 2182 2091 2220 exposuit
2117 2181 2219 2221 quod,
2245 2190 2320 2211 cum

1303 2236 1383 2266 olim
1396 2236 1431 2265 in
1448 2235 1647 2273 magistrum
1662 2233 1880 2265 Guillelmum
1897 2234 1997 2264 Miete
2017 2234 2175 2264 clericum
2192 2238 2221 2264 et
2246 2234 2320 2264 Ste-

1302 2289 1452 2328 phanum
1470 2288 1669 2319 Michaelem
1684 2288 1823 2322 laicum,
1842 2287 1992 2317 subditos
2014 2296 2109 2323 suos,
2131 2295 2320 2317 excommu-

1303 2342 1483 2372 nicationis
1510 2341 1713 2372 sententiam
1736 2339 1982 2370 rationabiliter
2009 2339 2268 2379 promulgasset,
2299 2362 2318 2368 ..

1303 2394 1456 2426 officialis
1482 2394 1686 2425 venerahilis
1712 2393 1828 2424 fratris
1854 2393 1959 2424 nostri
1990 2416 2009 2422 ..
2038 2392 2319 2431 Rothomagensis

1304 2448 1563 2488 archiepiscopi,
1583 2447 1666 2486 ipsis
1689 2446 1933 2486 deponentibus
1954 2455 2065 2477 coram
2086 2455 2123 2476 eo
2139 2446 2179 2476 de
2195 2446 2322 2485 injusta

1303 2501 1645 2533 excommunicatione
1662 2500 1848 2540 querelam,
1867 2499 1954 2530 dicto
1971 2499 2142 2539 episcopo,
2161 2499 2202 2529 ad
2221 2507 2320 2538 quem

1302 2555 1463 2586 relaxatio
1487 2554 1654 2586 sententie
1677 2553 1834 2593 primitus
1858 2554 1968 2584 fuerat
1993 2551 2210 2587 remittenda,
2235 2551 2320 2582 irre-

1304 2609 1429 2648 quisito
1437 2608 1572 2647 penitus
1586 2612 1617 2638 et
1628 2610 1825 2646 contempto,
1839 2606 1978 2637 eandem
1992 2605 2204 2640 sententiam,
2221 2612 2321 2643 quam

1303 2662 1457 2693 officialis
1472 2662 1641 2701 predictus
1653 2661 1810 2700 primitus
1824 2659 2037 2699 approbarat‚
2052 2659 2088 2688 in
2100 2666 2199 2697 grave
2213 2657 2321 2696 ipsius

1305 2715 1452 2754 episcopi
1473 2714 1695 2754 prejudicium
1717 2722 1775 2752 per
1799 2736 1818 2742 ..
1843 2712 1987 2751 priorem
2010 2711 2049 2742 de
2072 2710 2236 2744 Belismo.
2260 2710 2321 2740 Sa-

1306 2768 1434 2807 giensis
1450 2768 1611 2803 diocesis,
1629 2767 1691 2797 sub
1707 2776 1744 2797 eo
1765 2771 1877 2796 tenore
1895 2774 1935 2795 ne
1952 2765 2099 2804 aliquam
2116 2762 2320 2794 satisfactio-

1306 2829 1383 2852 nem
1407 2821 1456 2852 eis
1478 2821 1520 2851 ob
1544 2819 1606 2850 hoc
1626 2819 1831 2859 injungeret,
1858 2817 2000 2848 relaxari
2025 2815 2205 2846 mandavit.
2230 2815 2320 2852 Quos

1306 2873 1386 2912 quia
1400 2873 1489 2903 idem
1505 2873 1695 2912 episcopus,
1715 2871 1769 2902 cui
1787 2871 1826 2901 de
1842 2871 1990 2909 ipsorum
2010 2868 2219 2899 absolutione
2235 2867 2320 2906 legi-

1306 2925 1388 2955 tima
1408 2934 1474 2956 non
1490 2925 1676 2959 constabat,
1698 2928 1855 2963 tanquam
1878 2921 2180 2953 excommunicatos
2193 2943 2200 2956 ,
2222 2923 2321 2959 prout

1307 2977 1477 3017 spectabat
1498 2977 1539 3008 ad
1560 2977 1632 3017 ejus
1652 2976 1816 3011 officium,
1839 2978 2030 3014 preceperat
2051 2973 2188 3009 evitari,
2210 2972 2319 3002 dictus

2163 3039 2193 3064 M
