2498 3242
204 263 278 294 1229
1057 255 1274 294 HUITIEME
1295 256 1457 294 ANNEE.
2237 270 2312 301 1230

202 329 347 368 negotiis
369 328 589 368 Glasgnensis
612 329 752 361 ecclesie
777 339 920 369 expensa
942 331 1062 365 fuerat,
1087 328 1215 359 solutu-

201 390 274 417 ros,
306 381 340 411 in
366 382 438 421 ipso
462 386 571 413 tamen
599 391 671 413 eam
697 383 886 422 persolvere
919 392 984 413 non
1015 376 1216 413 curaverunt

201 433 338 464 eisdem.
358 434 441 465 Cum
462 435 566 473 igitur
585 444 623 465 ex
647 440 798 474 suscepte
819 436 991 466 servitutis
1012 435 1120 466 officio
1138 435 1215 465 uni-

201 496 374 518 versarum
384 487 601 519 ecclesiarum
610 493 783 520 teneamur
791 489 1090 528 indempnitatibus
1101 498 1215 527 preca-

202 550 290 576 vere,
304 541 501 572 mandamus
514 545 690 581 quatenus,
702 542 827 572 vocatis
839 542 895 581 qui
906 542 1031 572 suerint
1043 541 1213 577 evocandi,

203 593 232 624 si
250 603 318 624 rem
336 594 536 625 invencritis
553 594 664 625 taliter
679 603 714 625 se
730 594 864 628 habere,
884 595 969 624 sicut
986 604 1022 624 ex
1040 599 1131 633 parte
1146 594 1216 624 dic-

203 650 311 677 torum
331 647 447 677 decani
467 651 498 677 et
519 647 656 686 capituli
675 647 739 677 suit
757 648 962 686 propositum
979 657 1088 678 coram
1106 647 1212 682 nobiS,

202 699 421 730 decernentes
438 699 613 731 ecclesiam
627 700 850 739 supradictam
865 701 905 730 ad
921 700 1113 740 hujusmodi
1129 700 1214 730 solu-

202 752 328 783 tionem
353 752 457 783 debiti
484 762 548 783 non
570 753 687 789 teneri,
714 762 778 783 non
804 753 1005 792 permittatis
1031 762 1130 791 super
1152 753 1214 783 hoc

203 814 259 836 eos
281 805 321 835 ab
344 805 514 845 aliquibus
534 805 682 837 indebite
700 806 886 842 molestari,
906 806 1135 836 molestatores
1151 805 1215 836 hu-

199 858 347 897 jusmodi
362 862 436 891 etc..
450 867 556 897 usque
570 868 576 887 ε
589 859 845 897 compescendo;
862 859 1102 889 nichilominus
1116 858 1214 889 cleri-

202 920 277 941 cum
299 915 518 941 memoratum
541 911 648 941 officio
671 911 898 950 beneficioque
921 921 1133 950 suspensum,
1155 921 1214 950 pro

201 964 332 994 meritis
354 967 581 1002 recepturum,
601 964 640 993 ad
664 968 810 994 nostram
829 965 1048 1003 presentiam,
1068 965 1108 994 ad
1126 965 1214 1003 quod

199 1016 308 1051 illum,
326 1017 354 1046 si
372 1026 507 1047 necesse
524 1017 636 1052 suerit,
652 1026 709 1056 per
724 1026 900 1047 censuram
917 1017 1066 1051 eandem,
1083 1018 1213 1048 sublato

200 1069 435 1108 appellationis
457 1069 643 1105 obstaculo,
668 1069 820 1108 compelli
844 1069 997 1100 volumus
1020 1075 1050 1100 et
1075 1071 1212 1100 manda-

199 1131 292 1158 mus,
326 1132 401 1153 cnm
433 1123 553 1153 vestris
580 1122 702 1153 litteris
734 1123 782 1153 rei
809 1123 930 1153 seriem
962 1124 1212 1154 continentibus

199 1176 445 1206 transmissuri.
463 1176 622 1215 Alioquin
641 1176 843 1214 episcopum,
863 1176 1025 1206 decanum
1042 1181 1073 1207 et
1089 1177 1212 1216 capitu-

197 1229 267 1259 lum
294 1230 476 1268 sepefatos,
505 1233 540 1259 ut
564 1229 688 1259 eisdem
715 1230 956 1259 mercatoribus
982 1230 1020 1259 tle
1043 1235 1212 1268 pretaxata

198 1282 341 1320 pecunia
357 1291 431 1311 cum
445 1281 547 1321 justis
566 1285 597 1311 et
615 1281 795 1311 moderatis
812 1282 966 1320 expensis
983 1286 1013 1312 et
1029 1283 1140 1313 debita
1159 1292 1213 1313 sa-

198 1334 390 1365 tisfactione
415 1334 652 1373 dampnorum,
683 1334 796 1364 usuris
824 1335 961 1364 omnino
988 1336 1210 1371 cessantibus,

198 1388 424 1422 satisfaciant,
445 1391 481 1417 ut
498 1391 669 1422 tenentur,
688 1387 871 1418 monitione
887 1389 1061 1426 premissa,
1083 1389 1213 1420 sublato

199 1440 432 1480 appellationis
447 1440 630 1475 obstaculo,
645 1440 842 1470 auctoritate
859 1445 972 1470 nostra
985 1442 1121 1479 cogatis.
1139 1443 1213 1472 Non

198 1496 351 1527 obstante
376 1495 615 1526 constitutione
641 1495 680 1525 de
707 1495 837 1525 duabus
859 1496 958 1526 dietis
982 1500 1043 1526 etc.
1068 1498 1162 1533 Quod
1185 1498 1213 1528 si

199 1557 265 1580 non
291 1558 407 1579 omnes
431 1553 492 1579 etc.
517 1550 590 1579 Dat.
619 1549 768 1583 Perusii,
794 1549 843 1579 XI
867 1549 1028 1580 kalendas
1050 1550 1211 1589 januarii,

199 1611 287 1633 anno
302 1607 428 1633 octavo.
448 1614 462 1629 »

270 1775 388 1805 232ss

235 1837 466 1872 Arcbiepiscopo
483 1836 686 1863 Cantnariensi
701 1840 729 1863 et
745 1837 883 1872 episcopo
900 1837 1041 1870 Rotl'ensi,
1058 1853 1090 1858 —-
1106 1838 1212 1873 quibus

198 1885 385 1913 mandaverat
404 1889 450 1919 nt,
468 1885 606 1912 Rufinum
623 1885 760 1912 clericum
772 1907 778 1918 ,
797 1890 930 1921 nepotem
949 1886 1040 1912 bonae
1057 1887 1212 1918 memoriae

198 1934 325 1968 Glualac]
334 1956 340 1965 ‚
352 1935 426 1961 tituli
438 1934 536 1961 Sancti
548 1934 662 1961 Martini
673 1935 834 1970 presbyteri
844 1935 1008 1967 cardinalis,
1021 1935 1211 1962 ducentarum

197 1990 358 2010 marcarum
383 1982 544 2009 redditibus
565 1983 704 2010 facientes
726 1991 792 2010 esse
814 1987 993 2018 contentum,
1016 1984 1143 2018 reliquos
1165 1993 1214 2019 per

197 2031 262 2058 illos
286 2031 320 2057 ad
344 2039 418 2065 quos
440 2032 567 2066 ipsorum
593 2031 708 2058 donatio
732 2033 907 2067 pertinebat,
932 2033 1058 2060 facerent
1080 2034 1214 2068 personis

688 1774 826 1809 Pei-ense,
842 1775 876 1802 -23
890 1774 1043 1802 decembre
1063 1775 1139 1803 1234.

198 2080 312 2108 idoneis
328 2080 472 2115 assignari
487 2084 504 2111 ¹,
518 2095 550 2099 ——
563 2082 629 2115 quia
646 2085 739 2107 tamen
757 2081 832 2108 idem
850 2081 898 2116 R„
915 2082 948 2107 ad
961 2082 1066 2108 Sedem
1084 2083 1214 2117 Aposto-

197 2129 282 2156 licam
307 2128 468 2160 accedens,
496 2129 709 2164 supplicaverat
734 2134 764 2156 nt
789 2130 938 2164 providere
964 2130 1018 2156 sibi
1044 2139 1133 2164 super
1159 2132 1212 2158 boc

197 2186 268 2213 papa
285 2177 464 2212 dignaretur,
487 2177 602 2204 mandat
623 2183 768 2212 quatenus
789 2178 921 2204 mandato
943 2179 1154 2212 supersedeant
1170 2180 1213 2206 ei-

197 2225 278 2259 dem,
295 2225 389 2252 donec
403 2234 419 2252 a
436 2234 507 2260 papa
523 2225 689 2252 mandatnm
708 2226 871 2261 receperint
891 2227 1040 2258 iteratum,
1060 2236 1211 2254 numerum

196 2274 406 2301 beneficiorum
432 2274 526 2308 ipsius
552 2274 602 2306 R„
627 2275 817 2309 quantitatem
849 2280 1041 2310 proventuum
1067 2278 1212 2311 cujusque

198 2323 342 2351 beneficii.
359 2326 388 2349 et
404 2331 477 2357 quae
495 2331 592 2349 curam
611 2322 733 2349 habeant
750 2327 778 2349 et
793 2332 867 2358 quae
886 2332 940 2350 non
952 2346 958 2355 ,
976 2325 1029 2359 ipsi
1046 2333 1135 2360 papae
1153 2326 1214 2359 ple-

198 2373 278 2398 narie
295 2371 475 2406 rescripturi.
490 2385 527 2391 —
542 2371 626 2405 (Rea.
648 2372 688 2403 17,
708 2372 726 2398 s.
744 2371 794 2399 *244
813 2380 854 2403 r⁰;
873 2381 940 2400 ann.
954 2372 1034 2404 VIII,
1052 2381 1077 2400 e.
1096 2374 1167 2405 376.)

239 2485 253 2500 α
281 2496 300 2502 ..
326 2473 554 2511 archiepiscopo
578 2473 800 2503 Canluaricnsi
821 2480 846 2503 et
869 2497 890 2502 ..
914 2476 1048 2513 episcopo
1073 2476 1211 2512 Iloffensi.

198 2526 290 2557 Licet
320 2525 414 2556 vobis
443 2525 568 2555 dudum
607 2543 655 2555 —.
693 2527 767 2557 Dat.
802 2527 954 2562 Perusii,
988 2528 1018 2557 X
1054 2527 1213 2558 kalendas

193 2579 354 2619 januarii,
372 2588 459 2609 anno
475 2583 601 2609 octavo.
622 2592 634 2606 »

271 2752 392 2781 232?

235 2813 340 2840 Abbati
363 2812 462 2840 Sancti
481 2812 558 2840 Petri
574 2813 607 2840 ad
626 2812 738 2840 Montes
753 2812 994 2840 Cathnlaunensis
1011 2813 1125 2840 mandat
1141 2822 1214 2849 qua-

683 2751 821 2784 Perouse,
842 2752 868 2778 11
890 2751 1044 2779 decembre
1064 2751 1140 2779 1234.

233 2935 254 2960 1.
269 2934 343 2960 C'est
354 2935 379 2958 la
393 2934 470 2966 picco
481 2934 540 2960 ¹929
549 2935 582 2959 dc
591 2942 622 2959 ce
635 2937 760 2965 Reqistre
768 2937 842 2966 (ann.
853 2935 928 2965 vni,
940 2942 963 2959 c.
975 2935 1018 2964 8‘2;
1031 2935 1057 2959 17
1069 2935 1122 2959 mai
1135 2935 1213 2965 1234).

1298 331 1399 361 tenus,
1416 345 1448 351 —
1466 338 1532 358 cum
1550 331 1640 359 abbas
1659 335 1687 358 et
1703 335 1865 360 conventus
1887 334 2055 360 monasterii
2075 333 2174 361 Sancti
2196 335 2311 363 Martini

1297 376 1454 405 Trecensis
1476 388 1525 413 pro
1546 381 1752 408 extenuatione
1771 382 1932 409 debitorum
1948 383 2056 417 quibus
2073 383 2146 410 idem
2164 389 2311 412 monaste-

1299 426 1372 454 rium
1387 428 1570 462 gravabatur,
1589 430 1737 464 grangiam
1756 438 1838 457 snam
1855 431 1890 457 de
1909 431 2046 459 Fontanis
2061 432 2210 460 Wittetmo
2226 434 2308 466 laico,

1299 475 1492 510 primogenito
1509 476 1634 505 Ernaudi
1651 478 1686 505 de
1700 478 1844 513 Caturcio,
1862 480 2042 507 Senonensis
2059 481 2213 516 dioecesis,
2225 482 2260 508 ab
2276 491 2311 509 eo

1298 528 1376 551 certa
1401 526 1525 560 pectmia
1548 531 1676 562 recepta,
1699 529 1793 563 quoad
1818 529 1939 561 viveret,
1967 531 2142 557 necessitate
2168 532 2310 566 compulsi

1298 575 1528 607 concessissent,
1552 583 1689 610 cumque,
1711 576 1778 603 dum
1801 577 1960 612 praefatum
1985 579 2203 611 monasterium,
2224 588 2310 607 occa-

1298 622 1380 648 sione
1396 623 1598 650 concessionis
1614 624 1702 656 illius,
1715 625 1874 651 enormiter
1890 626 2061 658 laederetur,
2079 628 2242 654 nominatus
2255 628 2307 655 W.

1298 669 1334 696 de
1355 669 1448 704 ipsius
1463 671 1600 704 grangiae
1619 672 1807 705 proventibus
1824 676 1931 699 sortem
1948 682 2030 700 suam
2047 678 2076 700 et
2091 675 2215 709 amplius
2230 679 2310 702 esset

1297 717 1432 752 adeptus,
1449 733 1484 738 -
1501 719 1658 753 praefatum
1671 719 1722 747 W.
1738 721 1891 755 compellat
1908 725 1946 752 ut,
1965 721 1999 747 de
2017 723 2141 756 receptis
2157 728 2185 749 et
2201 732 2310 758 expen-

1298 766 1340 792 sis
1359 767 1576 801 computatione
1597 768 1762 802 praehabita
1782 773 1811 795 et
1826 774 1943 804 recepto
1959 770 1984 796 si
2003 770 2071 804 quid
2088 771 2158 796 sorti
2174 771 2308 806 desuerit,

1298 815 1445 850 grangiam
1480 815 1675 850 supradictam
1712 817 1858 843 nominato
1893 818 2067 845 nionastcrio
2103 819 2244 846 restituat.
2276 835 2308 838 —

1298 863 1381 896 (Rho.
1403 864 1443 894 17,
1463 863 1481 890 s.
1499 863 1549 890 ς244
1569 871 1610 893 r0:
1628 873 1694 891 ann.
1714 864 1792 897 VIII,
1811 874 1834 892 c.
1853 865 1925 898 377.)

1339 978 1351 991 «
1366 989 1387 993 ..
1402 966 1504 995 abban·
1517 967 1624 996 Sancti
1637 968 1719 996 Petri
1731 968 1770 996 acl
1786 969 1896 997 ,llnntrs
1912 969 2179 999 Callmlazmenxis.
2195 970 2309 1007 Signi-

1296 1018 1474 1048 iicantibus
1504 1018 1634 1049 dilectis
1666 1019 1744 1049 tiliis
1776 1038 1825 1049 —.
1859 1022 1930 1051 Dat.
1965 1022 2113 1054 l‘erusii,
2149 1024 2198 1053 III
2232 1023 2307 1053 idus

1295 1071 1492 1106 decembris,
1510 1081 1596 1101 anno
1612 1075 1737 1103 octavo.
1757 1085 1770 1099 »

1367 1264 1484 1292 2328

1334 1324 1508 1357 Heimerics),
1525 1325 1728 1352 archidiacono
1745 1326 1913 1360 I‘arisiensi,
1925 1334 1951 1354 et
1966 1329 2112 1362 stephano
2127 1329 2162 1355 de
2181 1329 2307 1356 I'ruvino

1782 1265 1918 1300 I'erousc‚
1935 1266 1964 1292 21
1985 1267 2138 1293 decembre
2160 1268 2234 1295 ¹23⁴.

1295 1376 1324 1398 et
1348 1372 1499 1399 XVillelmo
1524 1374 1559 1400 de
1586 1373 1737 1406 Yarsiaco,
1765 1376 1913 1402 cmmnicis
1942 1375 2165 1409 l'arisiensibns,
2192 1378 2307 1405 mandat

1295 1425 1440 1456 quatenus
1458 1431 1627 1456 processum
1643 1423 1744 1449 decani
1760 1428 1788 1450 et
1805 1425 1935 1458 magistri
1951 1426 2113 1452 scholarum
2130 1426 2306 1454 Nox-tomen-

1295 1471 1382 1501 sium,
1393 1471 1526 1504 judicum
1541 1472 1567 1497 in
1585 1480 1672 1498 causa
1688 1481 1760 1506 quae
1776 1473 1850 1499 inter
1865 1474 2033 1508 episcopum
2050 1474 2263 1502 '1‘‹›1·n:1consc·m
2277 1480 2306 1503 et

1297 1520 1454 1545 monachos
1478 1519 1577 1546 Sancti
1603 1520 1677 1547 I‘etri
1704 1521 1870 1548 Gaudensis
1894 1523 2073 1557 vertebatur,
2100 1528 2252 1557 revocent,
2278 1528 2307 1551 ct

1295 1567 1414 1593 eosdem
1429 1567 1548 1602 judices
1569 1573 1674 1603 cogant
1692 1573 1722 1595 ut
1739 1570 1831 1596 eidem
1853 1571 1991 1606 episcopo
2007 1581 2080 1606 quae
2098 1577 2214 1608 propter
2229 1574 2306 1600 bunc

1296 1624 1466 1650 processum
1494 1617 1685 1651 perpendisse
1710 1618 1871 1651 dicebatur,
1898 1621 2060 1647 restituant.
2088 1636 2122 1640 —
2147 1621 2230 1653 (nm.
2260 1623 2304 1654 17,

1294 1665 1313 1691 s.
1331 1665 1382 1692 244
1400 1671 1438 1696 νος
1455 1673 1522 1691 ann.
1543 1665 1627 1697 VIII,
1645 1674 1669 1692 c.
1688 1666 1754 1698 378;
1771 1682 1804 1686 —
1821 1667 1940 1695 Monam
1960 1668 2040 1701 1189,
2058 1670 2077 1697 f.
2097 1669 2165 1700 2733
2181 1684 2218 1690 —
2234 1670 2307 1698 1³01-

1293 1722 1381 1740 ·ruixsr
1396 1713 1488 1746 9805.)

1337 1827 1350 1842 «
1371 1816 1552 1851 Heimcrico,
1573 1817 1804 1850 archidiacono,
1829 1819 1977 1855 mayislro
1998 1820 2150 1857 Stephano
2173 1821 2206 1849 de
2226 1822 2307 1850 Pru-

1294 1870 1368 1898 vino
1396 1874 1422 1898 et
1456 1870 1601 1899 ll'illelmo
1625 1871 1659 1899 (le
1694 1872 1850 1905 1'arsiaco,
1882 1874 2041 1902 canonicis
2069 1874 2305 1904 Parisz'ensibus.

1294 1921 1487 1951 Venerabili
1504 1922 1607 1953 fratre
1624 1927 1736 1953 nostro
1755 1947 1774 1952 ..
1791 1925 1993 1954 Tornaceusi
2010 1926 2163 1964 episcopo
2178 1927 2307 1965 accepi-

1294 1983 1368 2003 mus
1380 1980 1603 2013 conquerente
1615 1976 1713 2014 quod.
1729 1985 1802 2005 cum
1816 1976 1898 2014 ipse,
1912 1978 2107 2008 auctoritate
2120 1979 2306 2009 litterarum

1294 2031 1499 2061 nostrarum,
1518 2037 1600 2066 quas
1618 2037 1717 2066 super
1734 2029 1910 2058 visitandis
1928 2032 2140 2060 monasteriis
2161 2033 2307 2062 civitatis

1294 2084 1325 2109 et
1341 2080 1484 2110 diocesis
1502 2081 1723 2111 Tornacensis
1746 2082 1853 2111 eidem
1874 2091 1910 2111 ex
1932 2083 2039 2112 officio
2056 2089 2168 2114 nostro
2183 2085 2307 2115 direxi-

1294 2142 1379 2163 mus,
1398 2133 1438 2162 ad
1453 2133 1691 2163 monasterium
1706 2135 1819 2164 Sancti
1835 2135 1923 2165 Petri
1939 2136 2139 2168 Gamlensis.
2159 2138 2307 2176 ejusdem

1294 2185 1452 2220 diocesis,
1470 2187 1684 2224 impensurus
1705 2187 1828 2217 ibidem
1851 2188 2053 2219 visitationis
2069 2191 2231 2226 otlieium,
2251 2200 2306 2221 ac-

1295 2239 1451 2269 cessisset
1468 2249 1473 2268 :
1490 2244 1605 2277 petens
1622 2244 1655 2269 ut
1675 2240 1799 2279 singuli
1817 2242 2053 2272 monachorum
2072 2244 2188 2281 ipsius.
2206 2245 2233 2274 si
2249 2245 2307 2275 de-

1295 2292 1439 2329 positum
1463 2292 1598 2331 aliquod
1619 2292 1669 2323 vel
1690 2294 1955 2323 conunentlatum
1981 2295 2156 2331 lialwrent,
2183 2307 2222 2328 ne
2245 2298 2307 2328 sub

1296 2344 1353 2374 tali
1370 2349 1521 2383 pretextu
1538 2345 1721 2376 retinerent
1737 2347 1924 2385 proprium,
1943 2348 2160 2385 declararent,
2179 2351 2305 2381 invenit

1296 2397 1456 2436 quosdam
1476 2406 1513 2427 ex
1531 2398 1613 2436 ipsis
1627 2399 1809 2437 proprium,
1831 2400 1871 2429 ad
1889 2400 2032 2431 valorem
2047 2402 2307 2440 (pungentarum

1294 2450 1456 2480 librarum
1475 2450 1719 2481 Parisiensium
1737 2456 1765 2482 et
1785 2453 1938 2491 amplius,
1955 2454 2212 2492 dampnabiliter
2229 2457 2308 2487 reti-

1296 2511 1392 2539 nere;
1411 2503 1498 2542 quod
1514 2503 1680 2541 assignari
1696 2505 1775 2534 fecit
1789 2505 1821 2534 in
1837 2506 2305 2546 manibusabbatisipsorum,

1294 2556 1331 2585 in
1353 2555 1554 2586 solutionem
1577 2556 1764 2586 debitorum
1789 2557 1868 2587 dieti
1895 2559 2088 2589 monasterii
2111 2566 2307 2591 converten-

1295 2608 1385 2637 dum.
1402 2608 1553 2647 Cumque
1575 2609 1799 2647 postmodum,
1822 2610 1855 2639 in
1873 2610 2021 2649 ejusdem
2037 2611 2166 2641 abbatis
2182 2617 2212 2642 et
2229 2622 2308 2643 con-

1295 2665 1414 2690 ventus
1447 2661 1629 2699 presentia,
1662 2661 1726 2699 legi
1760 2662 1895 2692 fecisset
1926 2662 2054 2693 litteras
2089 2670 2305 2697 memoratas.

1295 2713 1408 2747 iidem,
1423 2713 1530 2752 primo
1541 2713 1580 2743 (le
1595 2714 1729 2743 statutis
1741 2714 1889 2753 ejusdem
1902 2720 1931 2745 et
1946 2715 2154 2747 ordinatione
2171 2726 2308 2747 servan-

1295 2766 1347 2796 dis
1363 2767 1715 2806 prestitojuramento,
1732 2776 1766 2797 se
1779 2767 1885 2806 ipsius
1896 2768 2108 2807 dispositioni
2122 2769 2308 2800 voluntarie

1295 2817 1544 2853 submiserunt;
1572 2827 1636 2857 quo
1662 2818 1812 2854 demum,
1839 2819 2015 2849 celebratis
2038 2820 2217 2851 missarum
2241 2821 2308 2852 sol-

1295 2871 1463 2910 lempniis,
1488 2871 1631 2902 faciente
1657 2871 1776 2902 salutis
1799 2877 1911 2903 nostre
1935 2873 2094 2903 viaticum
2114 2883 2189 2904 cum
2211 2884 2308 2905 sanc-

1296 2928 1404 2954 torum
1437 2924 1591 2963 reliquiis
1621 2924 1744 2955 deferri
1769 2925 1808 2955 ad
1836 2925 2017 2964 capitulum
2046 2932 2247 2964 reverenter,
2273 2933 2309 2958 ut
