2498 3242
210 316 261 344 sat
937 310 1175 345 nnmsrn‘ns
1197 313 1252 343 DE
1275 305 1496 345 GREGOIRE
1520 316 1578 346 1x.
2251 320 2308 349 852

210 380 360 409 otti-:ialis
390 381 467 409 svn-i
500 380 664 409 mandavit
694 381 924 418 suspensionis
955 381 1156 410 seutentiam
1184 379 1218 408 in

211 433 349 461 cundem
371 442 428 462 nec
447 433 609 462 monitum
628 442 685 462 ner
703 433 856 463 citatum:
876 438 903 462 et
923 434 1080 472 quoniam
1096 442 1219 463 memo-

211 491 300 514 ratus
318 485 597 523 areliiepisropus.
616 485 656 514 ab
672 486 743 523 ipso
757 485 930 515 humiliter
946 486 1138 524 requisitus.
1158 486 1219 515 ini-

210 548 311 576 quum
326 538 475 567 etlirialis
488 539 538 567 sui
554 539 681 569 nolebat
698 549 850 569 revocare
863 549 1063 577 processum.
1080 544 1220 578 exparte

210 591 315 628 ipsius
333 591 477 629 episropi
494 591 533 620 cnl
551 592 668 621 Sedent
686 592 744 621 suit
766 592 985 630 ,t1mst·›lic;1111
1005 593 1214 630 appellatum.

213 646 247 673 :xt
269 644 353 673 idem
371 644 538 674 otlirialis.
558 654 574 673 a
598 654 662 683 quo
684 645 782 674 etiam
805 645 890 674 idem
912 645 1084 683 episeopus
1109 645 1219 683 appel-

211 696 313 725 larat.
339 695 486 731 les-*itima
510 697 580 734 ejus
597 697 816 735 appellatione
834 702 1036 735 contempta.
1055 698 1088 726 in
1109 698 1218 735 ipsum

211 749 440 786 suspensionis
451 750 649 779 seutentiam
661 749 876 787 promulgavit
889 760 1001 788 gquam
1013 750 1125 779 eodem
1136 751 1218 788 epis-

211 810 300 839 ·Jopo.
320 802 375 839 qui
394 801 430 830 ι1·’
445 801 663 839 11111101111110110
677 804 820 831 contisns
836 803 954 832 suerat.
971 812 1034 831 non
1053 807 1216 837 servante,

212 854 285 883 fvt-it
319 853 546 892 sollempniter
576 854 750 892 publicari.
778 856 886 891 Quare
919 855 1014 884 nobis
1046 855 1219 885 humiliter

212 906 407 944 supplicaxit
437 912 467 935 ut
494 907 521 935 ei
549 916 646 945 snper
669 907 728 937 1101·
760 908 931 945 providere
959 908 1219 938 misericorditer

211 960 434 997 dignarentur.
453 960 612 996 Quocirca
635 961 830 990 mandamus
847 966 1026 999 qnatenus,
1045 961 1073 989 si
1090 965 1137 991 est
1154 962 1215 996 ita,

210 1012 330 1040 dictam
348 1013 577 1050 suspensionis
598 1014 808 1043 s··1n‹f·ntiam.
827 1013 925 1043 latam
938 1018 1006 1051 post
1025 1014 1219 1052 appellatio-

212 1074 283 1093 num
307 1065 513 1103 hujusmodi,
538 1065 662 1095 nullam
687 1076 758 1095 esse
784 1067 916 1104 penitus
945 1067 1155 1102 nuntiantes,
1181 1077 1217 1097 ac

210 1123 399 1147 1·1·vorantes
418 1123 491 1147 etr..
510 1128 614 1156 usque
633 1129 639 1146 :
658 1123 899 1157 attemptatum,
917 1119 1071 1155 audiatis,
1091 1120 1117 1149 si
1138 1120 1217 1159 quid

211 1171 307 1199 suerit
332 1170 517 1208 questionis
540 1175 618 1199 etta:
644 1171 803 1201 facientes
827 1176 887 1201 etr.
907 1171 1064 1210 Alioquin
1082 1177 1216 1202 senten-

210 1223 288 1252 tiam
318 1224 449 1261 ipsam..
468 1223 549 1253 sin-ut
581 1224 824 1254 rationabiliter
849 1229 896 1254 est
923 1225 1064 1263 prolata.
1085 1226 1215 1256 faciatis

208 1276 321 1305 ‹fa-lem
341 1276 535 1305 auctoritate
553 1281 626 1306 etr..
643 1286 746 1315 usque
763 1287 768 1305 :
787 1277 968 1307 observari.
987 1278 1216 1316 Appellantem

209 1335 269 1358 «stc.
293 1330 406 1359 'IN-stes
431 1335 539 1359 autem
561 1335 622 1359 ete.
649 1330 741 1366 Quod
767 1331 796 1359 si
823 1340 889 1360 non
916 1340 1030 1361 omnes
1053 1336 1113 1361 etc.
1140 1333 1214 1362 Dat.

209 1381 376 1418 Anagniv.
395 1381 495 1411 XIIII
514 1381 671 1412 kalendas
692 1382 897 1413 novembris.
922 1391 1008 1412 anno
1030 1383 1178 1421 septimo.
1201 1396 1213 1410 ι)

282 1553 396 1580 1545

244 1614 505 1648 Archiepiscopum
529 1614 791 1648 Rothomagensem
814 1619 910 1641 monet
925 1621 953 1641 et
970 1616 1098 1643 hortatur
1112 1621 1215 1651 quate-

736 1553 861 1587 Anagni.
883 1554 912 1581 19
928 1554 1045 1580 octobre
1067 1555 1141 1582 1233.

209 1670 263 1688 nus
283 1663 455 1688 sententiam
479 1663 682 1697 suspensionis
702 1663 736 1689 ab
757 1664 820 1697 ipso
837 1665 863 1689 in
885 1664 1053 1699 episcopum
1071 1665 1215 1692 Constan-

209 1711 348 1736 tiensem.
375 1711 400 1736 in
426 1719 513 1736 causa
538 1710 612 1736 inter
639 1711 732 1745 ipsum
758 1712 1007 1747 arehiepiscopum
1029 1718 1055 1739 et
1080 1714 1214 1741 eumdem

208 1759 376 1793 episcopum
399 1765 513 1787 exorta,
539 1760 638 1786 latam.
655 1759 688 1785 ad
710 1760 849 1786 cautelam
876 1761 992 1787 relaxet.
1018 1775 1054 1782 —
1069 1762 1153 1795 (Rea.
1173 1763 1213 1794 17,

193 1808 225 1838 ⁴f.
243 1808 276 1833 ⁴1⁴¹]
293 1815 335 1834 ro:
356 1816 410 1833 ann
442 1807 506 1834 VII.
525 1816 550 1834 ς.
568 1808 635 1839 314;
657 1823 686 1826 —
704 1807 821 1834 Monate
843 1809 917 1836 1188.
937 1809 955 1835 f.
973 1809 1045 1842 206.)

250 1927 251 1930 =
294 1933 312 1937 ..
342 1910 567 1947 areln'rpiscopo
591 1910 832 1946 Rozlzomaqrnsi.
862 1910 1072 1941 Venerabilis
1102 1912 1215 1942 fratris

209 1962 312 1991 nostri
327 1985 345 1989 ..
360 1961 627 1991 Constantiensis
637 1962 781 1999 episcopi
794 1963 978 2000 recepimus
993 1965 1212 2002 questionem,

207 2014 310 2053 qnod.
331 2022 404 2043 cnm
423 2019 455 2042 tu
480 2013 652 2043 eeclesiam
671 2014 782 2044 Sancti
800 2015 905 2044 Laudi
924 2016 1212 2054 Rotliomagtmsis,

207 2066 313 2096 eidem
338 2066 490 2104 episeopo
512 2071 541 2095 et
566 2066 704 2096 ecclesie
730 2075 803 2101 sue,
824 2071 857 2096 ut
879 2068 1012 2102 asserit,
1036 2069 1214 2108 episcopali

203 2119 276 2157 jure
303 2119 495 2157 subjectam,
526 2123 636 2157 utpote
664 2119 698 2148 in
724 2128 789 2158 qua
812 2119 881 2157 ipse
909 2124 939 2150 et
964 2121 1214 2158 predecessores

207 2173 257 2202 sui
278 2172 497 2211 episcopalem
510 2172 778 2211 jurisdictionem
795 2179 1037 2203 consueverunt
1053 2175 1214 2205 hactenus

207 2234 373 2255 exercere.
393 2225 624 2263 supposuisses
646 2234 751 2263 nuper
773 2234 846 2254 cum
870 2225 945 2255 aliis
968 2226 1215 2265 Rothomagen-

207 2277 299 2306 sibus
326 2277 486 2311 eeclesiis,
517 2277 712 2307 auctoritate
735 2278 882 2315 propria,
912 2278 1098 2314 interdicto,
1126 2280 1214 2309 idem

207 2330 395 2368 episcopus,
414 2330 463 2359 uti
479 2330 616 2368 cupiens
631 2331 705 2369 jtire
725 2339 800 2365 suo,
819 2330 959 2369 pulsatis
978 2333 1147 2371 campanis
1164 2333 1215 2362 di-

207 2382 282 2411 vina
306 2382 382 2411 fecit
404 2382 438 2410 in
460 2382 531 2420 ipsa
553 2381 691 2412 ecclesia
710 2382 882 2413 celebrari.
900 2384 991 2420 Quod
1009 2394 1083 2413 cum
1101 2394 1214 2415 emen-

207 2433 277 2462 dari
298 2433 452 2471 petiisses
477 2433 517 2462 ab
536 2433 623 2471 ipso,
642 2442 750 2463 coram
770 2438 801 2464 te
822 2443 858 2464 ex
878 2439 968 2473 parte
985 2435 1090 2473 ipsius
1107 2437 1214 2467 extitit

207 2485 385 2523 allegatum
403 2485 489 2524 quod
505 2494 603 2524 super
623 2495 671 2521 eo,
690 2495 732 2516 an
746 2486 780 2516 in
799 2486 885 2517 dicta
904 2487 1043 2518 ecclesia
1055 2489 1214 2528 jurisdic—

207 2539 329 2568 110110111
353 2538 556 2568 ordinariam
581 2539 767 2575 obtineres,
797 2544 828 2570 et
853 2540 1066 2571 interdictum
1090 2552 1107 2572 a
1129 2543 1213 2574 bone

206 2591 364 2621 memorie
377 2591 602 2630 Th[eobaldo],
616 2592 847 2631 predecessore
859 2597 926 2629 tuo,
939 2594 973 2624 in
989 2595 1102 2625 eadem
1114 2596 1214 2627 00010-

206 2644 254 2673 sia
271 2644 526 2682 promulgatum,
543 2645 668 2684 abipso
685 2646 810 2676 servari
827 2646 970 2681 deberet,
990 2647 1076 2678 inter
1092 2658 1166 2679 eum
1183 2654 1215 2680 et

206 2697 328 2726 dictum
353 2697 619 2735 predecessorem
645 2703 737 2728 tuum
760 2708 859 2729 causa
882 2704 951 2729 erat
981 2723 1000 2729 ..
1030 2702 1214 2733 Parisiensi

207 2750 358 2788 episeopo
375 2750 512 2789 ejusque
526 2751 756 2790 conjudicibus
773 2752 813 2781 ab
828 2752 1017 2790 Apostolica
1032 2755 1114 2785 Sede
1128 2764 1214 2785 com-

206 2802 325 2837 missa3
344 2812 409 2841 qua
431 2803 609 2841 pendente,
633 2814 673 2834 ne
690 2805 758 2844 juri
779 2814 839 2835 suo
862 2806 1030 2836 videretur
1047 2808 1080 2836 in
1101 2809 1213 2847 aliquo

206 2854 374 2892 derogare,
390 2856 603 2886 interdictum
621 2861 713 2887 tuum
729 2866 861 2888 servare
874 2858 1012 2889 minime
1027 2860 1211 2897 tenebatur,

206 2907 288 2945 quin
314 2908 423 2945 potius
451 2908 665 2939 interdictum
692 2909 883 2949 hujusmodi
911 2911 1038 2941 nullum
1065 2918 1148 2945 erat.
1175 2923 1213 2944 eo

206 2959 293 2998 quod
306 2959 414 2990 medio
428 2964 572 2999 tempore
589 2961 692 2991 nichil
706 2962 814 2992 fuerat
831 2963 1073 3000 innovandum3
1090 2970 1119 2995 et
1134 2966 1213 3005 quia

1301 380 1448 410 rationes
1471 380 1662 420 hujusmodi
1678 383 1851 414 admittere
1874 383 2029 420 noluisti,
2049 384 2136 415 idem
2160 384 2308 415 sentiens

1301 433 1448 463 indebite
1465 439 1538 464 etc..
1557 443 1662 473 usque
1681 445 1686 464 :
1705 435 1892 474 appellavit.
1908 437 1949 466 At
1968 441 2017 472 tu,
2037 436 2186 474 legitima
2202 437 2308 475 ipsius

1301 487 1445 524 episcopi
1469 486 1688 525 appellatione
1711 492 1913 526 contempta,
1939 489 1975 518 in
2000 489 2140 519 eundem
2168 498 2308 527 suspen-

1301 540 1406 570 sionis
1432 540 1632 570 sententiam
1659 550 1831 579 perperam
1856 541 2082 580 promulgasti.
2110 543 2219 579 Quare
2243 542 2308 572 fuit

1302 593 1397 622 nobis
1415 602 1451 622 ex
1472 598 1562 631 parte
1579 593 1659 623 dicti
1676 593 1820 632 episcopi
1837 593 2059 632 supplicatum
2074 599 2109 624 ut
2128 595 2193 624 sibi
2209 603 2308 633 super

1301 646 1360 676 hoc
1391 646 1560 684 providere
1587 646 1848 676 misericorditer
1874 647 2096 684 dignaremur.
2126 647 2209 678 Cum
2230 656 2308 678 vero

1301 698 1408 728 dictus
1423 699 1595 737 episeopus
1614 699 1711 729 etatiS
1729 703 1898 737 provecte,
1919 699 2047 737 integre
2063 700 2149 729 fame
2167 701 2224 738 [et]
2242 701 2308 731 vite

1301 752 1342 781 sit
1366 756 1397 781 et.
1420 751 1565 781 extiterit
1588 752 1784 786 reverende,
1808 761 1885 788 nos,
1912 751 2059 782 volentes
2078 752 2184 791 ipsius
2204 753 2310 791 quieti

1301 803 1485 838 consulere,
1497 804 1568 839 tibi,
1581 808 1740 843 quantum
1753 813 1827 835 cum
1839 805 1907 834 Deo
1918 813 2105 843 possumus,
2119 805 2307 840 deserendo,

1300 857 1545 887 fraternitatem
1564 860 1653 886 tuam
1669 857 1867 887 monendam
1883 857 2037 887 duximus
2054 861 2085 887 et
2100 857 2307 893 hortandam,

1300 919 1357 947 per
1373 909 1553 947 apostolica
1571 909 1632 938 tibi
1653 909 1773 947 scripta
1796 909 1992 939 mandantes
2008 913 2190 948 quatenus,
2211 909 2251 939 ab
2272 917 2309 939 eo

1300 961 1418 991 idonea
1439 961 1592 991 cautione
1615 965 1744 1000 recepta
1768 962 1869 1000 quod,
1896 961 1924 991 si
1944 970 2019 991 eum
2046 970 2155 992 coram
2179 961 2308 992 dilectis

1299 1014 1378 1044 filiis
1404 1037 1420 1043 ..
1448 1014 1564 1045 abbate
1588 1014 1701 1044 Sancti
1723 1015 1878 1050 Victoris,
1897 1018 1927 1044 et
1943 1014 2112 1052 magistris
2132 1014 2306 1051 Herberm,

1300 1066 1501 1101 Parisiensi,
1521 1071 1552 1096 et
1567 1067 1606 1096 R.
1625 1067 1663 1096 de
1680 1067 1859 1103 Donsront,
1877 1067 2137 1103 Genomanensi,
2157 1067 2308 1097 parisius

1299 1124 1533 1155 commorante,
1551 1120 1732 1156 canonicis,
1751 1120 1872 1159 quibus
1889 1129 2022 1150 causam
2035 1121 2140 1159 ipsam
2157 1121 2308 1151 commit-

1298 1173 1399 1202 timus
1422 1173 1683 1208 terminandam,
1703 1173 1792 1212 juste
1814 1173 1953 1211 ligatum
1976 1173 2081 1204 fuisse
2102 1173 2304 1209 constiterit,

1297 1234 1356 1264 pro
1386 1226 1434 1255 eis
1462 1235 1520 1264 pro
1551 1226 1672 1264 quibus
1695 1234 1876 1264 suspensus
1899 1226 2018 1261 extitit,
2044 1225 2307 1256 satisfactionem

1299 1278 1451 1309 exhibeat
1466 1282 1717 1316 competentem,
1737 1279 1776 1308 ad
1793 1278 1966 1313 cautelam,
1985 1278 2185 1308 sententiam
2199 1278 2306 1316 ipsam

1298 1332 1370 1362 sine
1387 1331 1560 1369 dispendio
1581 1340 1670 1362 more
1694 1331 1832 1362 relaxes.
1854 1332 1922 1362 Nos
1940 1331 2027 1361 enim
2045 1331 2093 1361 eis
2109 1331 2232 1361 nostris
2249 1330 2306 1360 da-

1297 1393 1371 1414 mus
1393 1384 1514 1414 litteris
1537 1384 1572 1413 in
1594 1384 1759 1414 mandatis
1781 1388 1834 1419 ut,
1857 1384 1980 1413 vocatis
2005 1384 2062 1422 qui
2086 1384 2212 1414 fuerint
2230 1392 2306 1414 evo-

1297 1437 1394 1467 candi
1410 1441 1441 1466 et
1458 1437 1581 1467 auditis
1597 1437 1675 1467 hinc
1691 1437 1768 1467 inde
1784 1437 1973 1475 propositis,
1991 1437 2019 1466 si
2033 1437 2154 1467 dictam
2170 1445 2306 1475 suspen-

1297 1490 1403 1519 sionis
1425 1489 1625 1520 sententiam
1649 1493 1722 1527 post
1745 1489 1999 1528 appellationem
2017 1489 2057 1519 ad
2079 1497 2138 1519 nos
2157 1489 2306 1527 legitime

1297 1542 1528 1580 interpositam
1544 1542 1735 1572 invenerint
1757 1551 1829 1572 esse
1850 1542 1965 1577 latam,
1983 1542 2089 1580 ipsam
2108 1542 2306 1572 denuntient

1297 1595 1430 1633 penitus
1447 1604 1512 1624 non
1530 1598 1659 1630 tenere,
1678 1604 1713 1624 ac
1735 1595 1768 1624 in
1791 1598 1912 1624 statum
1929 1594 2077 1624 debitum
2093 1597 2258 1630 revocent,
2277 1594 2305 1624 si

1298 1647 1378 1686 quid
1403 1647 1438 1676 in
1458 1647 1678 1686 prejudicium
1704 1647 1810 1685 ipsius
1834 1651 1907 1685 post
1928 1646 2182 1685 appellationem
2198 1647 2305 1685 ipsam

1298 1701 1450 1732 noverint
1465 1710 1637 1739 perperam
1650 1704 1890 1738 attemptatum.
1903 1700 2062 1738 Alioquin
2078 1700 2202 1730 dictum
2218 1700 2306 1738 epis-

1298 1763 1414 1792 copum
1439 1754 1480 1783 ad
1500 1754 1774 1784 satisfaciendum
1798 1762 1896 1791 super
1917 1753 1985 1783 hiis
2006 1761 2065 1791 pro
2085 1753 2206 1791 quibus
2231 1761 2305 1784 sus-

1297 1815 1420 1844 pensus
1439 1806 1558 1841 extitit,
1577 1806 1771 1835 auctoritate
1789 1809 1910 1841 nostra,
1928 1804 2057 1835 sublato
2074 1804 2305 1843 appellationis

1297 1859 1545 1897 impedimento,
1564 1858 1773 1897 compellant,
1791 1859 1864 1888 Dat.
1883 1858 2047 1896 Anagnie,
2063 1858 2165 1888 XIIII
2188 1857 2305 1889 kalen-

1297 1912 1355 1942 das
1372 1911 1573 1946 novembris,
1593 1920 1678 1941 anno
1696 1911 1844 1949 septimo.
1870 1923 1882 1937 n

1333 2034 1435 2058 1546.
1453 2044 1486 2049 —
1507 2029 1654 2064 Scriptum
1676 2033 1721 2056 est
1741 2037 1829 2064 super
1852 2029 1906 2055 1100
1926 2029 1954 2055 111
1971 2028 2095 2055 eundem
2110 2028 2170 2055 fere
2187 2027 2303 2055 modum

1295 2075 1394 2105 eisdem
1405 2077 1556 2113 Judicibus.

1371 2259 1484 2288 ¹54³?
1825 2257 1950 2292 Anagni,
1970 2258 2001 2283 17
2018 2257 2135 2284 octobre
2152 2256 2230 2283 1233.

1332 2321 1434 2353 Enete,
1452 2321 1546 2348 abbati
1563 2320 1661 2347 Sancti
1676 2319 1820 2347 Johannis
1832 2319 1867 2346 de
1880 2319 1981 2351 Pinna,
1993 2318 2133 2346 Oscensis
2147 2318 2301 2351 dioecesis,

1299 2377 1382 2396 usum
1399 2369 1499 2396 mitrae
1515 2367 1657 2395 concedit.
1670 2383 1702 2387 —
1716 2367 1799 2401 (Rue.
1816 2368 1858 2400 17,
1875 2367 1895 2394 f.
1907 2367 1940 2394 90
1957 2373 2000 2400 τας
2015 2375 2081 2394 ann.
2099 2365 2170 2399 VII,
2187 2374 2212 2393 0.
2229 2366 2302 2400 315.)

1339 2490 1352 2504 «
1383 2478 1492 2512 Επειο,
1520 2477 1622 2506 abbati
1649 2477 1756 2506 Sancti
1772 2477 1924 2506 Johanm's
1945 2476 1978 2504 de
2002 2466 2151 2512 Pin[n]a,⁷
2170 2474 2303 2504 Oscensis

1296 2531 1431 2560 diocesis.
1449 2531 1494 2561 Ut
1508 2529 1647 2569 pulchra
1663 2534 1694 2560 et
1709 2546 1758 2558 --.
1776 2530 1849 2559 Dat.
1864 2528 2031 2567 Anagnia,
2048 2528 2127 2558 XVI
2144 2527 2303 2558 kalendas

1296 2583 1497 2619 novembris,
1517 2592 1604 2614 anno
1620 2582 1771 2622 septimo.
1791 2594 1803 2609 n

1370 2770 1389 2797 1
1396 2769 1484 2798 548

1332 2830 1448 2857 Decano
1473 2835 1502 2857 et
1526 2830 1652 2865 capitulo
1677 2829 1901 2856 sicliniensibus
1929 2828 2044 2855 mandat
2067 2831 2211 2863 quatenus
2234 2826 2299 2860 W.,

1295 2879 1459 2913 praeposito
1475 2879 1640 2906 Sicliniensi
1652 2900 1658 2911 ,
1676 2878 1805 2905 Parisius
1820 2877 1982 2912 theologiae
2000 2876 2097 2903 studio
2112 2883 2214 2902 vacare
2234 2882 2302 2910 pro-

1296 2927 1424 2962 ponenti,
1435 2941 1472 2948 —
1485 2935 1550 2954 cum
1568 2928 1596 2954 in
1613 2935 1713 2954 eorum
1729 2926 1853 2954 ecclesia
1867 2929 2007 2953 statutum
2019 2928 2098 2952 esset
2111 2923 2187 2960 quod
2204 2923 2300 2951 nullus

1294 2975 1330 3002 ab
1346 2983 1389 3008 ea,
1407 2975 1461 3002 nisi
1477 2976 1611 3011 primitus
1627 2984 1726 3002 eorum
1742 2975 1785 3002 vel
1801 2975 1919 3010 majoris
1934 2977 1963 3001 et
1977 2973 2101 3000 sanioris
2117 2971 2206 3008 partis
2220 2971 2298 3007 capi-

1824 2767 1950 2802 Anagni‚
1967 2767 1999 2794 21
2017 2766 2135 2793 octobre
2152 2766 2230 2794 1233.
