2498 3242
149 299 224 329 1149

147 417 247 448 etiam
264 417 557 455 compromissum,
577 417 787 455 Egitaniensi
803 417 970 455 episcopo,
990 417 1084 455 cujus
1102 425 1161 446 no-

147 479 224 501 men
237 470 345 500 fuerat
359 470 392 499 in
406 470 477 508 ipso
491 470 730 508 compromisso
743 479 947 508 expressum,
961 471 1018 507 [et]
1032 469 1160 499 duobus

148 532 187 554 ex
198 522 296 553 dictis
308 523 444 553 arbitris
458 523 544 553 viam
557 523 712 553 universe
723 523 845 554 carnis.
858 527 888 552 et
900 523 996 552 tertio
1010 522 1160 552 ordinem

148 577 290 606 fratrum
314 576 565 606 Predicatorum
591 576 765 614 ingressis,
790 576 924 614 penitus
950 576 1131 614 expirarint
1152 585 1158 604 :

147 638 247 659 causa
273 629 355 666 ipsa.
382 629 583 667 impediente
607 629 816 667 postmodum
839 629 925 658 dicto
951 628 1160 667 Egitaniensi

149 681 264 715 electo,
276 681 334 720 qui
344 681 497 719 episeopo
508 681 636 720 prefato
648 681 810 712 successit
821 686 850 712 et
861 681 1039 711 advocatus
1053 682 1160 725 fuerat

147 734 182 764 in
205 732 336 769 eadem,
361 734 523 764 remansit
546 733 708 764 hactenus
731 734 891 764 indecisa.
915 734 1024 771 Quare
1051 734 1159 764 dictus

145 791 340 826 procurator
352 786 527 817 humiliter
538 787 725 826 postulabat
740 796 773 817 se
788 797 845 826 pro
858 787 993 818 Visensi
1006 787 1158 823 ecclesia,

147 849 211 880 que
229 844 318 870 tanto
335 844 480 878 tempore
493 841 622 870 steterit
639 840 790 878 spoliata,
806 841 846 870 ad
858 840 996 871 eandem
1012 849 1157 876 causam,

146 893 182 923 in
199 902 263 932 qua
278 893 474 923 contestatio
490 893 561 923 litis
578 893 664 922 sacta
678 893 796 927 fuerat,
810 893 1052 928 instruendam,
1072 897 1103 923 et
1119 893 1159 923 ad

145 945 390 985 procedendum
417 945 451 974 in
479 955 534 977 ea.
560 950 721 984 quantum
744 946 830 984 juris
853 946 937 975 ratio
964 945 1157 984 postularet,

146 999 295 1034 admitti;
322 1002 352 1028 et
369 998 446 1037 quia
464 999 612 1037 prefatus
631 998 755 1028 electus
772 998 891 1028 dictam
908 999 1085 1029 Visensem
1106 1008 1158 1029 ec-

145 1051 282 1082 clesiam
303 1051 516 1090 possessione
532 1051 583 1082 vel
601 1051 697 1090 quasi
713 1051 863 1081 omnium
880 1051 931 1081 vel
950 1051 1158 1090 singulorum

141 1105 271 1145 jurium
295 1104 533 1143 episcopalium
553 1104 663 1135 Castri
679 1104 836 1134 Menendi
852 1109 883 1135 et
900 1105 970 1144 ejus
987 1105 1158 1143 pcrtinen-

144 1158 202 1189 tiis
225 1158 401 1197 spoliarat,
427 1162 459 1188 ct
474 1162 607 1196 propter
624 1157 816 1197 hujusmodi
833 1158 1065 1196 spoliationem
1086 1159 1159 1197 ipsa

144 1211 287 1242 ecclesia
302 1211 407 1241 multa
421 1211 563 1249 dampna
579 1210 767 1240 incurrerat
781 1216 812 1240 et
831 1220 1007 1249 expensas,
1026 1220 1158 1249 posses-

144 1264 274 1294 sionem
290 1263 341 1294 vel
356 1263 452 1302 quasi
464 1263 628 1293 dictarum
645 1263 862 1293 ecclesiarum
879 1264 943 1293 sibi
959 1264 1103 1299 restitui,
1122 1274 1159 1295 ac

143 1317 182 1348 de
199 1317 363 1355 dampnis,
381 1325 445 1355 que
459 1316 608 1355 quinque
626 1315 720 1346 milia
736 1325 924 1352 aureorum,
943 1321 974 1347 et
991 1318 1156 1356 expensis,

143 1379 226 1410 quas
243 1370 443 1409 quingentos
460 1378 578 1399 aureos
595 1369 791 1405 extimabat,
809 1369 888 1407 [sibi
904 1370 1085 1410 satisfieri],
1104 1380 1159 1401 ex-

142 1423 257 1462 pensis
272 1431 379 1461 usque
395 1422 435 1452 ad
451 1422 551 1452 finem
565 1421 690 1459 negotii
704 1422 868 1452 faciendis
882 1426 912 1452 et
925 1423 999 1462 jure
1017 1423 1159 1453 addendi

142 1475 196 1506 vel
216 1475 391 1505 minuendi
414 1475 515 1505 etiam
537 1474 603 1504 sibi
623 1473 740 1510 salvis,
766 1475 1004 1513 protestatione
1028 1486 1158 1515 quoque

143 1529 321 1569 subjuncta
337 1528 425 1567 quod
441 1537 541 1566 super
555 1527 715 1566 predictis
731 1527 883 1558 ecclesiis
899 1533 931 1559 et
950 1538 1063 1559 earum
1076 1531 1158 1569 11111-

143 1582 206 1612 bus
223 1586 254 1612 et
268 1581 482 1620 pertinentiis
500 1580 656 1620 petitorio
678 1585 805 1619 ageret,
824 1590 898 1611 cum
919 1582 984 1612 sibi
1006 1583 1159 1621 expedire

143 1635 304 1670 crederet,
321 1634 513 1674 postulavit.
530 1635 655 1664 Verum
672 1634 751 1673 quia
766 1635 935 1672 predictus
951 1635 1087 1672 electus,
1103 1637 1158 1676 jus

143 1688 322 1719 revocandi
347 1688 480 1717 domum
506 1696 543 1718 ex
569 1687 735 1725 legatione
766 1687 939 1718 karissimi
965 1689 998 1718 in
1025 1689 1159 1721 Christo

144 1742 207 1772 filii
224 1741 330 1772 nostri
349 1764 368 1770 ..
388 1741 579 1779 Portugalie
595 1741 684 1779 regis
697 1741 851 1777 illustris,
867 1751 932 1781 qua
944 1743 1157 1781 fungebatur,

144 1795 310 1833 allegans,
337 1803 372 1825 se
400 1794 441 1825 ad
467 1794 753 1833 respondendum,
780 1795 853 1825 sine
879 1796 1023 1834 capitulo
1046 1806 1106 1828 suo
1129 1803 1160 1828 et

144 1849 217 1889 ejus
233 1857 409 1884 consensu,
429 1848 536 1878 eidem
553 1847 678 1883 libello,
696 1857 795 1886 super
811 1858 876 1887 quo
892 1849 1076 1880 instructus
1094 1860 1159 1882 non

143 1906 280 1933 venerat
304 1911 363 1932 nec
386 1901 510 1931 instrui
531 1905 675 1939 poterat,
702 1905 738 1931 ut
758 1901 904 1937 dicebat,
927 1904 1072 1933 asseruit
1095 1914 1159 1935 non

143 1955 269 1989 teneri,
292 1958 384 1993 parte
409 1954 513 1984 altera
538 1953 642 1984 multa
662 1954 697 1983 in
720 1955 924 1984 contrarium
947 1956 1130 1994 replicante
1151 1967 1158 1987 z

143 2017 216 2041 nos,
235 2007 415 2037 intellectis
433 2016 496 2046 que
513 2006 591 2036 hinc
609 2006 687 2036 inde
703 2016 814 2037 coram
833 2008 994 2038 cardinali
1012 2009 1160 2047 predicto

143 2062 238 2091 fuere
267 2060 450 2099 proposita,
481 2059 629 2089 volentes
658 2060 792 2099 utrique
822 2061 967 2099 partium
992 2062 1159 2101 justitiam

144 2122 358 2149 conservare,
376 2113 411 2142 in
435 2122 499 2152 qua
523 2121 639 2143 sumus
656 2112 812 2143 omnibus
832 2113 1015 2149 debitores.
1035 2115 1160 2146 discre-

143 2167 228 2197 tioni
245 2171 353 2196 vestre
367 2175 424 2204 per
436 2165 617 2204 apostolica
633 2165 754 2203 scripta
772 2166 968 2196 mandamus
981 2172 1158 2206 quatenus,

144 2220 185 2251 ad
204 2220 313 2250 locum
332 2219 366 2249 in
383 2228 447 2258 quo
473 2242 490 2247 ..
516 2219 661 2248 decanus
678 2223 708 2248 et
725 2218 907 2257 capitulum
927 2220 1160 2257 Egitanienses

143 2273 297 2303 habitare
316 2276 573 2306 consueverunt,
591 2271 812 2310 personaliter
829 2272 1033 2309 accedentes,
1052 2278 1160 2304 aucto-

145 2325 244 2356 ritate
264 2329 378 2355 nostra
400 2325 482 2363 ipsis
499 2328 534 2354 ut
551 2332 656 2362 nsque
678 2324 718 2354 ad
736 2324 859 2354 festum
879 2325 1036 2355 Omnium
1058 2326 1161 2357 Sanc-

145 2383 255 2409 torum
285 2378 431 2409 secundo
460 2381 657 2412 venturum,
689 2386 787 2415 quem
816 2378 997 2408 terminum
1028 2379 1161 2418 utrique

145 2431 232 2471 parti
248 2431 509 2470 peremptorium
523 2430 746 2468 assignamus,
764 2434 795 2460 et
812 2431 851 2460 ad
868 2440 966 2470 quem
982 2432 1162 2462 terminum

147 2484 305 2515 similiter
321 2483 541 2523 peremptorie
558 2492 615 2522 per
631 2483 774 2513 eundem
790 2483 975 2514 auditorem
993 2485 1065 2515 viva
1084 2494 1162 2516 voce

147 2538 273 2568 dietum
291 2537 432 2568 electum
455 2537 550 2567 citari
574 2537 732 2571 fecimus,
757 2536 843 2575 apud
859 2537 1081 2575 Apostolicam
1104 2539 1163 2569 Se·-

147 2591 222 2622 dem
239 2591 470 2625 constitutum,
492 2599 550 2628 per
573 2593 820 2628 procuratorem
838 2589 995 2619 idoneum
1017 2595 1048 2620 et
1071 2591 1163 2621 suffi-

147 2643 275 2674 cienter
297 2643 500 2673 instructum
521 2647 634 2673 nostro
657 2651 692 2673 se
708 2643 900 2681 conspectui
917 2648 1161 2682 representem,

147 2697 271 2727 facturi
300 2700 331 2727 et
361 2696 527 2734 recepturi
555 2705 654 2734 super
679 2695 868 2734 premissis,
897 2700 929 2726 et
955 2696 1108 2735 dampnis
1133 2702 1164 2728 01

150 2749 305 2788 expensis
328 2758 391 2788 que
415 2748 588 2778 occasione
611 2747 850 2786 premissorum
873 2757 908 2779 se
931 2753 1086 2780 asserunt
1111 2750 1164 2779 in-

149 2802 307 2837 currisse,
324 2801 403 2831 hinc
418 2801 494 2831 inde
506 2801 638 2840 justitie
652 2800 941 2839 complementum,
959 2802 1099 2832 firmiter
1112 2803 1164 2832 in-

146 2854 313 2895 jungatis,
334 2862 525 2892 processum
544 2857 691 2884 vestrum
707 2853 802 2883 nobis
819 2863 876 2892 per
892 2859 1019 2885 vestras
1035 2855 1164 2886 litteras

152 2907 296 2938 fideliter
316 2906 520 2945 rescripturi.
545 2906 638 2943 Quod
655 2906 682 2936 si
703 2915 767 2936 non
785 2915 915 2941 omnes.
938 2907 1002 2937 duo
1018 2912 1165 2938 vestrum

152 2965 214 2992 etc.
241 2961 315 2991 Dat.
338 2959 487 2994 Perusii,
512 2961 561 2990 III
587 2968 690 2989 nonas
715 2959 876 2995 octobris,
901 2969 988 2990 anno
1003 2965 1128 2991 octavo.
1149 2973 1162 2988 r>

1004 288 1219 327 IIUITIEME
1241 288 1401 327 ANNEE.

147 364 275 399 missio,
302 363 524 393 morientibus
548 363 676 394 dnobus
699 373 736 394 ex
760 363 842 402 ipsis
855 363 1042 402 jndicibus,
1061 371 1160 401 quam
1199 374 1202 380 ·

2180 300 2255 330 1150

1317 363 1437 391 2¹35
1764 363 1901 395 Perouse,
1923 365 1948 390 11
1969 365 2086 391 octobre
2105 365 2181 393 ¹234.

1280 425 1427 461 Repetitio
1444 427 1601 454 litterarum
1619 435 1706 462 supra
1722 427 1776 454 sub
1795 428 1902 455 110‘21-20
1919 430 1962 461 (=
1974 437 2040 456 ann.
2056 428 2134 463 VIII,
2148 438 2172 456 c.
2191 430 2253 463 ⁶250)

1245 478 1417 505 notatarum,
1431 475 1464 501 ad
1477 475 1646 511 episcopum
1661 475 1856 502 Cumanorum
1869 476 2051 504 directarum.
2065 493 2095 497 —
2111 478 2196 511 (Rae.
2212 479 2252 510 17,

1243 523 1262 549 f.
1280 522 1331 550 ς316
1348 529 1389 552 ro:
1408 532 1474 550 ann.
1493 523 1578 556 VIII,
1595 532 1622 551 c.
1638 524 1707 555 ⁶26&
1725 539 1757 544 —
1776 524 1921 552 Po'rrms'r
1937 526 2029 558 9725.)

1285 636 1298 651 (ι
1326 647 1345 653 ..
1370 626 1504 663 episcopo
1529 625 1753 654 Cumanormn.
1777 626 1884 656 Justis
1911 627 2093 664 petentium
2117 632 2178 658 etc.
2203 646 2251 657 —.

1243 677 1316 707 Dat.
1335 677 1479 713 Perusii,
1497 678 1525 708 V
1540 678 1615 708 idus
1632 678 1794 712 octobris,
1813 679 2024 717 pontificatus
2044 681 2149 710 nostri
2166 690 2252 711 anno

1242 733 1367 760 octavo.
1387 742 1400 756 ι)

1313 888 1429 917 2¹38
1762 888 1901 924 potense,
1917 889 1951 916 ‘20
1967 890 2084 916 octobre
2104 890 2180 917 ¹234.

1278 949 1421 984 Episcopo
1440 950 1584 978 Brixiensi
1601 951 1715 978 mandat
1731 956 1892 986 quatenus,
1909 960 1994 984 cuin,
2012 952 2113 979 abbate
2134 952 2253 980 Clunia-

1241 998 1321 1025 censi
1348 999 1515 1034 intimante,
1540 1000 1747 1026 monasterium
1778 1000 1813 1026 de
1839 1000 1958 1027 Pontida
1983 1001 2144 1028 debitorum
2172 1003 2252 1028 oneri

1241 1047 1417 1082 subjaceret,
1434 1048 1622 1083 personaliter
1634 1048 1667 1075 ad
1686 1048 1778 1075 locum
1796 1049 1950 1083 accedens,
1964 1049 1990 1075 in
2010 1058 2091 1076 unam
2109 1058 2252 1077 summam

1241 1095 1366 1122 redactis
1385 1096 1491 1123 debitis
1513 1097 1675 1129 universis,
1693 1101 1721 1123 et
1739 1097 1824 1132 priori
1841 1102 1869 1124 et
1885 1098 2022 1124 fratribus
2038 1098 2170 1133 ejusdem
2188 1107 2252 1126 mo-

1242 1145 1358 1171 nasterii
1370 1145 1545 1179 competenti
1562 1145 1775 1172 sustentatione
1792 1146 1826 1172 de
1843 1146 1935 1181 ipsius
1952 1147 2140 1181 proventibus
2157 1156 2253 1174 reser-

1241 1196 1313 1223 vata,
1333 1201 1434 1220 omnes
1451 1193 1583 1228 ejusdem
1601 1194 1768 1221 monasterii
1787 1194 1916 1221 redditus
1931 1195 2016 1222 saciat
2032 1195 2059 1222 in
2077 1196 2252 1223 solutionem

1241 1241 1403 1269 debitorum
1419 1243 1560 1269 converti.
1577 1258 1610 1263 —
1627 1242 1711 1277 (Rea.
1732 1244 1772 1275 17,
1791 1243 1809 1270 s.
1826 1243 1877 1271 216
1894 1250 1936 1275 r0;
1954 1253 2020 1271 ann.
2041 1243 2119 1277 VIII,
2137 1253 2162 1272 c.
2180 1245 2253 1279 ι263.)

1284 1356 1296 1370 ι(
1323 1367 1343 1372 ..
1365 1346 1500 1382 episcopo
1521 1346 1688 1375 Briaeiensi.
1713 1346 1758 1375 Ex
1781 1350 1874 1384 parte
1894 1346 2007 1376 dilecti
2027 1364 2075 1376 —.
2095 1347 2169 1377 Dat.
2190 1348 2252 1378 Pe-

1240 1397 1337 1432 rusii‚
1368 1398 1451 1427 XIII
1481 1397 1640 1428 kalendas
1669 1399 1876 1434 novembris,
1906 1400 2119 1438 pontificatus
2146 1401 2252 1431 nostri

1241 1458 1328 1480 anno
1342 1454 1467 1481 octavo.
1488 1462 1500 1477 n

1312 1609 1428 1637 213⁸?

1277 1669 1388 1703 Regem
1401 1670 1572 1705 Norwagiae
1589 1675 1686 1698 monet
1701 1675 1856 1706 quatenus,
1875 1671 2046 1699 Hamerensi
2063 1674 2200 1709 episcopo
2216 1674 2251 1701 de

1242 1718 1355 1745 damnis
1371 1722 1399 1745 et
1414 1719 1530 1753 injuriis
1544 1719 1668 1747 debitam
1687 1721 1912 1747 satisfactionem
1930 1722 2100 1756 impendens
2116 1727 2144 1749 et
2159 1732 2174 1748 a
2190 1723 2253 1750 suis

1242 1766 1352 1794 faciens
1372 1767 1538 1794 hominibus
1560 1769 1702 1801 exhiberi,
1725 1770 1751 1796 ei
1773 1770 1882 1796 ablatas
1904 1773 1996 1796 terras
2016 1771 2149 1797 restituat
2169 1776 2197 1798 et
2217 1772 2252 1798 ab

1242 1818 1307 1851 ejus
1331 1817 1532 1843 molestatione
1553 1817 1587 1844 de
1607 1821 1704 1844 cetero
1725 1818 1855 1845 desistat.
1877 1834 1909 1838 ——
1928 1819 2011 1852 (Rm.
2036 1820 2082 1852 17,
2101 1821 2120 1847 s.
2140 1821 2251 1854 ‘216r⁰;

1241 1873 1309 1891 ann.
1328 1864 1410 1897 vni,
1428 1873 1453 1892 c.
1471 1865 1536 1897 264;
1555 1881 1587 1885 —
1605 1865 1725 1894 Monam
1743 1867 1820 1899 1189,
1838 1867 1856 1894 f.
1878 1868 1942 1900 1583
1957 1883 1989 1887 —
2002 1858 2148 1895 1301151151
2160 1869 2253 1903 9712.)

1779 1610 1917 1642 Percuse,
1935 1612 1950 1638 5
1965 1612 2082 1639 octobre
2102 1613 2177 1640 1234.

1284 1978 1297 1993 u
1330 1989 1349 1995 ..
1374 1967 1494 1996 illustri
1514 1968 1580 2005 reyi
1602 1968 1772 2005 Nor-wayie.
1799 1969 1845 1999 Ut
1868 1968 2016 1999 hostium
2043 1974 2175 2001 tuorum
2201 1988 2250 2000 —.

1241 2019 1315 2049 Dat.
1340 2019 1488 2055 Perusii,
1516 2020 1567 2050 III
1592 2028 1697 2050 nonas
1726 2021 1882 2057 octobris,
1911 2022 2123 2060 pontificatus
2146 2023 2253 2053 nostri

1242 2081 1329 2103 anno
1345 2076 1471 2103 octavo.
1489 2085 1502 2099 »

1313 2231 1430 2260 2138
1782 2232 1918 2265 Perouse‚
1937 2235 1951 2260 5
1967 2234 2084 2261 octobre
2104 2234 2179 2263 1234.

1280 2292 1520 2320 Praecedentium
1539 2294 1697 2320 litterarum
1714 2295 1952 2329 exsecutoribus,
1972 2296 2008 2329 [id
2024 2300 2078 2328 est,
2095 2298 2255 2333 archiepis-

1243 2349 1315 2376 copo
1327 2345 1356 2368 et
1369 2341 1569 2369 archidiacono
1581 2342 1787 2369 Lundensibus
1802 2347 1830 2370 et
1846 2344 1940 2370 abbati
1957 2344 1992 2370 de
2010 2344 2162 2378 Herivado,
2177 2346 2255 2374 Lun-

1242 2389 1343 2417 densis
1359 2390 1524 2425 dioecesisl,
1542 2391 1657 2418 mandat
1673 2395 1817 2426 quatenus
1840 2401 1938 2427 regem
1960 2392 2130 2428 Norwagiae
2151 2398 2256 2430 cogant

1244 2443 1275 2466 ut
1294 2448 1310 2466 a
1325 2441 1528 2474 persecutione
1545 2440 1734 2467 Hamerensis
1751 2441 1881 2476 episcopi
1902 2446 1931 2468 et
1953 2442 2142 2470 Hamerensis
2161 2444 2255 2472 eccle·

1243 2488 1303 2514 siae
1319 2489 1510 2523 oppressione
1528 2488 1667 2523 desistat,
1684 2489 1717 2516 ad
1735 2490 1800 2523 hoc,
1817 2490 1841 2517 si
1858 2499 1930 2525 opus
1947 2491 2044 2526 suerit,
2062 2492 2170 2519 brachii
2191 2501 2255 2520 sae·

1244 2536 1350 2563 cularis
1373 2536 1479 2564 auxilio
1502 2537 1645 2564 invocato.
1667 2551 1703 2557 -
1724 2537 1809 2571 (Rau.
1834 2539 1880 2571 17,
1897 2539 1917 2567 f.
1941 2539 1992 2566 ‘216
2017 2547 2064 2571 vo;
2087 2549 2152 2567 ann.
2172 2540 2252 2573 vm,

1244 2592 1270 2611 0.
1286 2584 1355 2617 265;
1373 2600 1405 2604 -
1424 2584 1569 2613 Ρο·1“111115τ
1583 2585 1674 2618 9713.)

1287 2697 1299 2712 (ι
1320 2686 1438 2715 Eisdem
1459 2687 1677 2716 executoribus.
1704 2687 1749 2718 Ut
1767 2687 1914 2718 hostium
1930 2689 2096 2719 carissimi
2113 2707 2161 2719 —.
2180 2691 2253 2721 Dat.

1244 2741 1281 2768 ut
1296 2747 1406 2778 supra.
1426 2751 1439 2766 »

1318 2904 1440 2934 2139

1285 2965 1473 3002 [Sculoneml,
1487 2967 1590 2994 ducem
1603 2967 1784 3003 Non-wagiae,
1799 2973 1879 3004 rogat
1896 2973 1936 3002 ut,
1949 2978 1980 2996 se
1995 2969 2166 2998 flamm-ensi
2178 2972 2256 3007 epis-

1763 2905 1902 2941 Perouse,
1924 2907 1953 2934 10
1971 2908 2088 2935 octobre
2108 2909 2183 2936 1‘234.
