2498 3242
258 269 318 298 333
1073 261 1336 304 QUA'rmimr:
1359 261 1523 299 Annum.
2283 276 2339 303 324

260 359 378 390 copum
390 352 596 391 Capuanum,
614 350 655 380 ad
674 358 733 380 nos
749 349 789 379 ab
808 350 970 388 imperiali
986 350 1181 380 celsitudine
1198 350 1268 380 des-

259 404 413 437 tinatum,
426 403 621 443 recipientes
637 402 808 432 affectione
821 402 963 440 gratanti
975 404 1006 432 et
1017 402 1268 433 honorificentia

260 457 370 487 debita
386 457 636 501 prosequentes,
654 463 717 493 que
737 455 831 485 uobis
848 463 887 484 ex
906 459 997 493 parte
1013 456 1067 485 tna
1084 455 1268 494 proposuit,
1298 440 1299 492 Ῐ

260 508 486 540 intelleximus
503 509 689 546 diligenter.
712 508 866 538 Ceterum
891 517 990 546 super
1015 508 1080 538 biis
1104 516 1177 538 cum
1204 508 1266 537 sra-
1298 514 1299 543 1
1335 531 1434 557 divina
1453 532 1634 565 permittunt.
1655 547 1689 550 —
1708 532 1777 566 (lieo
1812 535 1840 558 ¹5
1876 534 1887 559 l·
1920 536 1952 559 39
1971 540 2010 560 ro·
2036 543 2091 561 ann
2133 535 2166 561 lv
2200 544 2213 559 ‹-
2244 539 2289 561 *a
2318 551 2342 555 -

258 561 365 592 trihus
393 561 514 591 nostris
542 569 686 599 congrua
714 561 951 590 deliberatione
983 560 1166 599 prehabita,
1193 561 1269 590 licet
1337 579 1451 606 MO'OEAU
1474 581 1547 612 ¹¹35,
1565 580 1583 606 s,
1602 581 1678 615 219.)
1783 554 1788 558 ¹
1846 553 1852 565 '
1889 554 1894 559 ’
2005 556 2011 566 ’
2098 556 2103 561 “
2171 555 2177 566 '
2206 556 2223 564 ‘'
2249 550 2254 562 ¹
2285 558 2290 567 ’

259 614 342 645 forte
361 614 515 644 videatur
541 615 718 651 utcumque
737 613 873 643 (lifticile
899 613 1012 646 alicui,
1040 613 1184 643 maxime
1212 613 1268 651 qui
1298 623 1299 634 ¹

239 704 241 706 v
259 675 369 697 rerum
386 667 652 696 circumstantias
665 675 730 696 non
746 665 895 699 attendit,
909 666 995 704 qnod
1013 674 1099 695 nnnc
1115 665 1268 695 ducimus
1297 691 1299 698 Α

259 719 541 758 respondendum,
560 719 822 756 intelligentibus
842 721 951 748 tamen
971 718 1075 748 nostri
1092 718 1195 747 animi
1213 727 1270 756 pn-
1297 719 1299 740 5

260 773 387 802 ritatem
402 774 433 803 et
450 772 641 811 qualitatem
658 772 816 811 temporis
831 772 1078 802 attendentibus
1097 772 1268 810 responsio
1297 761 1299 782 ³

261 833 324 855 non
341 825 459 864 p3terit
478 834 541 855 non
558 825 698 863 placere,
716 825 768 854 cni
785 824 1037 854 evidentissima
1053 824 1134 854 ratio
1152 824 1269 854 suffra-

259 879 366 915 gatur.
391 878 478 908 Sane
501 886 573 907 cum
597 879 755 907 statutum
780 877 878 906 suerit
898 877 930 906 in
952 876 1092 906 coneilio
1110 876 1268 913 generali,

260 931 295 960 ut
321 932 405 960 terre
434 930 550 960 infecte
579 930 721 960 heretica
748 930 918 968 pravitate,
942 929 1004 959 nisi
1032 938 1090 968 per
1116 930 1269 959 dominos

260 986 492 1022 purgarentur,
512 984 623 1013 essent.
645 983 882 1020 crucesignatis
904 982 1064 1021 exposite,
1089 982 1182 1012 salvo
1195 982 1269 1020 jure

260 1031 494 1075 principalium
513 1036 736 1070 dominorum,
754 1035 851 1065 modo
865 1043 965 1073 snper
982 1035 1040 1064 boc
1061 1035 1122 1073 ipsi
1141 1035 1268 1065 nullum

260 1090 447 1128 prestarent
465 1088 672 1119 obstaculum
694 1096 751 1117 nec
769 1088 901 1126 aliquod
923 1088 1195 1125 impswlimentun‘i
1214 1097 1267 1126 op-

262 1143 434 1180 ponerent,
464 1141 538 1171 livet
563 1140 711 1170 Ecclesia
735 1140 886 1169 Romana
911 1141 1013 1169 terras
1036 1141 1067 1169 in
1095 1140 1272 1170 Provincia

262 1194 459 1224 constitutas
475 1196 505 1224 et
522 1194 617 1226 alias,
632 1194 705 1231 post
717 1192 864 1222 infinitas
880 1193 1050 1229 angustias
1063 1194 1093 1222 et
1108 1202 1272 1231 expensas
1301 1215 1302 1220 ,

262 1247 455 1277 innumeras
472 1247 503 1276 in
519 1246 785 1277 Christianorum
802 1245 964 1283 sanguine
982 1245 1162 1284 profligatis
1178 1246 1269 1275 bere-

259 1300 334 1330 ticis
351 1300 542 1338 acquisitas,
562 1299 685 1337 ceperit
705 1298 856 1331 retinere,
878 1307 917 1327 ne
936 1298 1066 1336 reprobi
1088 1307 1200 1336 repere
1219 1298 1272 1327 vel

263 1353 387 1383 irruere
404 1352 537 1382 valeant
552 1352 585 1381 iu
604 1351 764 1381 eandem:
793 1351 885 1380 novit
905 1352 1011 1380 tamen
1032 1351 1098 1386 ille,
1122 1351 1191 1388 qui,
1214 1351 1272 1380 fin-

261 1413 342 1444 gens
360 1405 456 1434 eorda
475 1404 648 1434 hominum
665 1403 874 1441 singillatim,
891 1403 1105 1441 cogitationes
1118 1402 1273 1441 intelligit

261 1458 481 1496 singulorum,
499 1457 588 1495 quod
604 1464 773 1494 nunquam
790 1464 829 1485 ex
846 1455 907 1485 hoc
924 1455 1127 1485 intendimus
1139 1456 1273 1493 juribus

262 1510 394 1549 imperii
419 1511 588 1548 derogare,
613 1518 676 1548 que
702 1508 813 1547 potius
834 1516 1032 1538 conservare
1054 1509 1272 1547 proponimus

260 1564 398 1594 illibati.
422 1564 546 1594 Verum
565 1571 639 1593 eum
659 1562 832 1592 conversio
849 1563 933 1591 terre
957 1561 1048 1591 illius
1069 1562 1175 1591 adbuc
1191 1562 1271 1591 adeo

260 1617 304 1648 sit
321 1626 434 1647 recens
452 1618 482 1646 et
498 1617 622 1650 tenera,
641 1615 727 1654 quod
746 1624 785 1645 ex
804 1615 868 1645 levi
886 1615 1066 1644 mutatione
1085 1615 1272 1644 aversionis

259 1671 371 1709 posset
398 1670 566 1699 incurrere
592 1668 688 1698 facile
714 1668 910 1701 recidivum,
938 1669 969 1697 et
995 1667 1042 1697 sic
1070 1669 1157 1697 esset
1181 1676 1272 1697 error

260 1727 352 1766 pejor
369 1727 489 1765 priore,
509 1726 608 1756 saluti
624 1727 655 1755 et
670 1726 785 1755 honori
802 1727 857 1755 tuo
876 1726 1004 1754 nonest
1020 1724 1158 1754 dubium
1175 1733 1271 1763 expe-

259 1780 691 1819 dire,utpetitionemtuam
711 1779 743 1808 in
759 1780 891 1816 tnnpus
909 1778 1041 1808 ditt'eras
1059 1779 1270 1816 oportunum,

260 1842 325 1872 quo
342 1835 373 1863 et
389 1842 447 1863 nos
466 1841 566 1871 super
584 1841 622 1862 ea
637 1841 712 1862 cum
729 1832 877 1862 Ecclesie
895 1831 1018 1861 bonore
1035 1840 1070 1860 ae
1091 1832 1146 1861 tuo
1165 1832 1270 1861 inten-

260 1886 337 1917 dere
355 1886 538 1921 valeamus,
558 1886 647 1924 quia,
668 1894 742 1915 cum
766 1894 852 1915 nova
870 1893 957 1914 nunc
976 1885 1009 1914 in
1026 1886 1112 1914 terra
1129 1884 1186 1913 illa
1202 1885 1269 1914 tur-

261 1939 350 1970 batio
367 1939 411 1969 sit
423 1939 536 1969 exorta
551 1946 609 1968 nec
620 1938 756 1976 antiqua
771 1929 906 1967 omnino
923 1938 1041 1975 sopita,
1059 1937 1087 1967 si
1101 1937 1180 1975 qnid
1195 1937 1271 1966 inde

259 1992 400 2027 sinistri,
418 1992 505 2031 quod
523 1991 620 2026 absit,
635 1991 806 2026 accideret,
828 1990 923 2020 multi
943 1990 1038 2020 nobis
1054 1991 1085 2020 et
1103 1990 1162 2020 tibi
1180 1990 1270 2028 prin-

258 2045 410 2084 cipaliter
433 2045 642 2084 imputarent.
668 2044 811 2082 Ideoque
833 2043 1044 2073 serenitatem
1068 2044 1157 2072 tuam
1181 2051 1270 2080 roga-

259 2107 335 2129 mus
352 2100 383 2129 et
399 2106 574 2128 monemus
591 2097 625 2127 in
646 2097 789 2126 Domino
811 2098 976 2135 ‹piatenus
992 2104 1066 2134 egre
1086 2104 1150 2125 non
1171 2096 1267 2130 seras,

260 2152 347 2191 quoi
365 2152 404 2181 ad
423 2160 559 2191 presens
577 2159 677 2189 super
692 2150 850 2189 petitione
870 2151 925 2180 tua
943 2158 1006 2179 non
1019 2149 1182 2179 duximus
1197 2157 1269 2187 pro-

261 2205 459 2238 cedendum,
473 2213 531 2234 nec
545 2204 733 2242 suspicione
747 2203 859 2241 aliqua
876 2202 1148 2240 movearis,qnod
1164 2202 1195 2232 in
1209 2202 1269 2231 hoc
1299 2209 1301 2218 ⁴

258 2257 348 2288 aliud
365 2266 465 2296 quam
479 2257 566 2296 quod
580 2257 796 2295 premisimus
811 2256 1032 2285 intendamus.
1052 2255 1102 2285 Ad
1118 2255 1177 2284 hec
1192 2254 1271 2293 quia
1298 2254 1300 2259 ⁴

259 2310 400 2341 Civitate
426 2310 561 2340 Castelli
587 2311 618 2339 te
636 2318 789 2338 asserens
810 2308 1000 2347 spoliatum,
1026 2307 1084 2338 tibi
1111 2316 1211 2346 super
1232 2315 1270 2337 ea

253 2363 419 2402 justitiam
446 2363 594 2403 postulas
621 2362 781 2395 exbiberi,
810 2362 895 2392 absit.
919 2362 1007 2400 quod
1034 2369 1106 2391 eam
1133 2361 1193 2390 tibi
1217 2361 1269 2390 vel

258 2416 334 2447 aliis
347 2416 561 2455 denegemus,
577 2416 609 2446 in
627 2425 692 2454 qna
709 2424 826 2445 snmus
840 2414 996 2445 omuibus
1009 2414 1186 2444 debitores.
1205 2413 1269 2443 Sel

257 2469 341 2500 illud
366 2470 395 2500 te
417 2469 516 2499 latere
540 2478 606 2499 uon
631 2469 738 2503 debet,
765 2468 853 2507 qnod
877 2468 1049 2497 castellum
1077 2467 1268 2501 Felicitatis,

257 2530 322 2560 quo
336 2522 345 2552 l
361 2531 446 2552 nnnc
459 2522 579 2552 dicitur
591 2521 719 2552 Civitas
733 2521 771 2551 de
786 2520 942 2553 Castello,
956 2521 1079 2558 spectat
1097 2519 1136 2548 ad
1150 2519 1269 2549 Sedem

259 2574 482 2613 Apostolicam
499 2575 690 2614 plenojure,
703 2575 789 2604 sieut
800 2575 935 2612 apparet
946 2582 985 2603 ex
998 2572 1112 2603 multis
1126 2572 1269 2611 puhlicis

259 2627 490 2662 munimentis,
508 2629 539 2658 et
555 2628 826 2666 predecessorum
851 2628 982 2657 tuorum
1003 2625 1178 2664 privilegia
1199 2633 1270 2664 pro-

257 2681 431 2714 testantur,
452 2689 510 2711 nec
529 2689 592 2711 non
612 2681 849 2719 imperatorum
875 2679 1115 2718 recognoseunt
1138 2678 1267 2708 affatus.

258 2733 354 2765 Unde
374 2733 491 2764 audias
513 2742 612 2772 super
629 2733 690 2763 hoc
710 2742 773 2772 qne
790 2733 899 2763 dictus
921 2732 1192 2770 archiepiscopus
1209 2731 1269 2761 tibi

259 2785 391 2821 dixerit,
412 2787 448 2816 nt
465 2794 484 2816 a
502 2786 597 2817 nobis
619 2786 756 2820 audivit.
779 2787 811 2816 et
828 2786 857 2816 si
881 2786 997 2816 honori
1017 2787 1070 2815 tuo
1087 2792 1268 2821 congruere

260 2838 448 2877 viderisjiis
460 2839 616 2877 prosequi
629 2839 716 2877 quod
732 2838 888 2872 intendis,
902 2847 962 2868 nos
974 2839 1106 2877 paratos
1118 2837 1269 2867 invenies

257 2891 438 2930 adjustitie
451 2892 740 2931 complementum.
763 2892 834 2921 Dat.
854 2891 1020 2925 Laterani,
1039 2891 1103 2920 1111
1122 2889 1198 2920 idus
1216 2889 1269 2920 de-

259 2945 414 2979 cembris,
430 2945 643 2984 pontificatus
661 2944 765 2975 nostri
782 2952 869 2974 anno
885 2946 1013 2983 quarto.
1039 2955 1054 2970 »

1404 352 1477 384 2309

1847 355 1968 389 Αιιιιςςιιὶ,
1987 357 2002 380 8
2021 356 2174 382 novembre
2195 358 2268 382 12:10.

1371 435 1534 468 Capitulum
1553 438 1581 461 et
1598 435 1708 462 elerum
1728 437 1823 462 sancti
1843 438 1996 464 ‚widomari
2016 441 2110 464 monet
2129 442 2267 472 ‹platenus
2284 439 2340 465 sra-

1335 482 1426 509 tribns
1444 483 1691 510 l‘ruedieutoribns
1709 485 1860 510 eccl-:simu
1876 489 2042 513 construere
2059 495 2090 513 ne
2109 487 2136 513 in
2152 496 2185 513 ea
2199 488 2343 514 celebrare

1378 681 1392 696 «
1419 670 1562 709 Capilulo
1573 676 1598 699 et
1615 671 1692 700 dez-n
1704 673 1811 700 Sancti
1823 673 2001 705 ,tmlmm11=i‚
2017 674 2195 704 ‚llas-(nvnsis
2207 676 2342 706 diuersis.

1337 722 1420 752 Rem
1454 723 1681 753 detestabilem
1709 726 1739 754 et
1766 734 1847 762 pene
1871 726 2002 763 penitus
2030 727 2256 758 incredibilem
2283 738 2346 759 non

1337 775 1408 806 sine
1432 778 1565 814 stupore
1583 777 1775 807 audirimus
1797 780 1826 807 et
1849 778 1993 813 lun-rore,
2013 780 2090 817 quia
2112 781 2246 818 quidam
2273 790 2342 811 ves-

1336 831 1423 858 trum
1441 829 1510 867 qui,
1532 838 1596 868 quo
1614 830 1737 868 majora
1756 830 1920 868 stipendia
1937 835 2139 871 receperunt.
2161 835 2193 862 ut
2214 818 2344 864 (lbi-isto

1336 881 1479 911 militent
1495 882 1528 912 in
1547 882 1657 912 officio
1675 883 1831 916 clericali,
1850 885 1938 913 tanto
1955 885 1983 913 ei
2005 885 2222 923 sp‹=rab:mtnr
2239 886 2343 917 famu-

1338 933 1399 964 Iari
1417 935 1570 964 devotius
1586 937 1617 965 et
1631 936 1741 965 carius
1757 936 1893 972 diligere
1910 936 2118 972 famulantes,
2131 938 2198 975 jam
2214 938 2345 969 Christo

1338 987 1505 1017 manifesti
1533 987 1684 1023 rebelles,
1713 997 1752 1018 ne
1778 989 1961 1018 dixerimus
1988 990 2183 1028 pro-litores,
2210 991 2347 1021 dilectos

1300 1068 1301 1078 γ
1340 1039 1427 1070 lilios
1445 1064 1464 1070 ..
1488 1041 1631 1079 priorem
1654 1043 1684 1071 et
1711 1042 1828 1071 fratres
1853 1042 1980 1072 ordinis
2004 1043 2263 1077 Pri-licatornm,
2291 1044 2347 1082 qni

1340 1093 1442 1131 gratis
1461 1093 1492 1123 in
1514 1094 1885 1133 altissimapaupertate
1907 1096 2032 1125 divinis
2050 1096 2220 1134 obsequiis
2244 1106 2278 1126 se
2302 1097 2347 1126 di-

1340 1147 1462 1179 cantes,
1491 1147 1530 1176 ad
1557 1147 1812 1177 lucrifaciemlas
1840 1148 1968 1178 animas
1995 1149 2137 1178 Domino
2164 1149 2238 1179 totis
2263 1150 2348 1179 votis

1339 1199 1498 1237 aspirant,
1511 1200 1591 1229 adeo
1604 1200 1780 1230 abliorrere
1797 1201 1962 1236 dicuntur,
1978 1202 2078 1231 nteos
2091 1201 2122 1231 in
2137 1203 2222 1231 terra
2240 1206 2348 1232 vestra

1341 1259 1399 1280 nec
1420 1251 1527 1281 locum
1546 1253 1713 1290 patiantur
1735 1253 1866 1285 babere,
1884 1253 1963 1282 dnm
1989 1254 2021 1282 in
2039 1262 2076 1283 eo
2097 1262 2194 1291 quem
2218 1263 2257 1283 ex
2277 1263 2347 1292 pei·-

1340 1304 1498 1334 missione
1525 1305 1692 1335 diocesani
1722 1305 1783 1335 loci
1810 1306 1919 1344 adepti
1944 1307 2032 1340 sunt,
2060 1306 2233 1335 ecelesiam
2264 1307 2346 1344 ipsis

1341 1359 1530 1387 construere
1548 1367 1611 1388 non
1628 1359 1832 1397 permittunt,
1851 1368 1907 1388 nec
1925 1359 2039 1389 sinunt
2054 1359 2219 1389 celebrare
2231 1360 2347 1390 divina

1341 1412 1372 1439 et
1393 1411 1457 1440 alia
1480 1411 1598 1445 facere,
1619 1412 1714 1449 juxta
1741 1412 1887 1449 ipsorum
1912 1412 2039 1441 ordinis
2064 1412 2224 1442 institu'a.
2250 1413 2348 1443 Tales

1341 1463 1442 1498 enim,
1457 1465 1588 1502 pactum
1604 1464 1754 1493 ineuntes
1767 1473 1841 1493 rum
1856 1466 1959 1493 morte
1972 1466 2088 1494 etcum
2107 1464 2235 1499 inseris,
2251 1474 2348 1504 spon-

1341 1516 1453 1546 siones
1481 1517 1654 1546 fastidiunt
1681 1526 1742 1555 que
1772 1518 1847 1546 sunt
1876 1518 1951 1550 vite,
1979 1520 2008 1546 et
2038 1518 2109 1547 ideo
2135 1526 2209 1546 cuin
2237 1517 2349 1556 impiis

1341 1569 1594 1599 abhominantes
1617 1570 1746 1608 eosqui
1765 1572 1849 1599 recta
1866 1572 1942 1599 sunt
1964 1571 2027 1605 via,
2048 1571 2243 1608 sapientiam
2263 1570 2348 1601 resu-

1340 1622 1444 1659 giunt,
1465 1623 1675 1661 disciplinam
1693 1622 1884 1652 claudentes
1901 1622 1964 1651 sibi
1980 1624 2010 1652 et
2026 1622 2101 1652 aliis
2119 1632 2255 1659 regnum
2272 1623 2346 1653 Dei.

1339 1675 1389 1704 Ne
1419 1675 1519 1713 igitur
1550 1675 1740 1713 hujusmodi
1770 1683 1982 1713 perversores
2009 1675 2041 1704 in
2070 1684 2129 1704 sna
2159 1675 2351 1713 prevaleant

1341 1728 1496 1763 vanitate,
1509 1729 1566 1758 sed
1582 1737 1600 1758 a
1617 1728 1776 1766 pravitate
1794 1728 1905 1766 potins
1923 1730 2133 1761 evanescant,
2151 1728 2349 1758 universita-

1339 1782 1404 1811 tem
1428 1784 1572 1811 vestram
1596 1790 1770 1811 monemus
1795 1783 1916 1811 attente
1942 1790 2000 1819 per
2024 1781 2203 1820 apostolica
2229 1782 2351 1820 scripta

1339 1835 1552 1873 precipiendo
1574 1835 1770 1864 mandantes
1792 1836 1966 1873 quatenus,
1992 1843 2056 1863 non
2076 1834 2224 1864 obstante
2245 1834 2348 1873 privi-

1339 1887 1436 1925 legio,
1450 1887 1687 1918 consuetudine
1703 1887 1753 1917 vel
1769 1888 2098 1925 statuto,juramento
2121 1887 2174 1916 vel
2191 1887 2254 1917 alia
2270 1896 2348 1925 qua-

1339 1949 1481 1978 cumque
1496 1941 1649 1971 firmitate
1666 1941 1807 1976 vallatis⁷
1824 1950 1897 1970 cum
1917 1940 2105 1978 hujusmodi
2120 1940 2265 1969 humana
2283 1949 2346 1970 non

1339 1993 1479 2023 debeant
1490 1993 1696 2032 prejudicare
1709 1994 1845 2028 divinis,
1860 1993 2017 2031 predictis
2031 1993 2133 2031 priori
2145 1995 2175 2022 et
2190 1993 2348 2022 fratribus

1339 2046 1511 2076 ecelesiam
1539 2048 1729 2077 construere
1758 2057 1793 2075 ac
1820 2047 1850 2076 in
1876 2056 1913 2075 ea
1939 2046 2105 2076 celebrare
2134 2046 2249 2075 divina
2275 2045 2347 2076 sine

1338 2099 1438 2129 alieni
1450 2099 1537 2137 juris
1554 2100 1735 2138 prejudicio
1753 2099 1960 2138 permittatis,
1978 2099 2125 2137 aliasque
2145 2098 2347 2136 impendatis

1339 2153 1463 2182 eisdem
1482 2153 1621 2190 gratiam
1642 2154 1673 2182 et
1696 2153 1855 2186 favorem,
1879 2153 1921 2181 ita
1945 2151 2032 2189 quod
2053 2160 2095 2180 ex
2114 2151 2172 2181 boc
2190 2151 2346 2189 propitia-

1338 2205 1461 2235 tionem
1478 2205 1627 2235 ‹tivinam
1644 2205 1780 2235 uberius
1797 2204 2002 2237 mereamini,
2019 2206 2050 2234 et
2067 2204 2346 2234 nosdevotionem

1339 2260 1485 2289 vestram
1499 2258 1668 2296 possimus
1682 2259 1798 2287 merIto
1815 2258 2057 2288 commendare.
2075 2257 2233 2295 Alioquin
2249 2265 2345 2287 nove-

1339 2311 1412 2341 ritis
1425 2319 1484 2341 nos
1497 2310 1679 2341 venerabili
1698 2310 1788 2340 fratri
1804 2311 1915 2340 nostro
1933 2334 1952 2340 ..
1971 2310 2173 2341 Tornaeensi
2192 2310 2346 2348 episcopo

1338 2364 1369 2394 et
1380 2363 1500 2393 dilecto
1515 2363 1583 2392 filio
1599 2363 1738 2401 symoni
1754 2363 1792 2392 de
1807 2362 1956 2397 Clas-tris,
1975 2362 2133 2392 canonico
2151 2361 2346 2396 l'eronensi,

1338 2417 1577 2447 Noviomensis
1599 2415 1752 2449 diocesis,
1773 2416 1895 2445 nostris
1912 2415 2043 2445 dedisse
2066 2415 2184 2445 litteris
2207 2415 2238 2444 in
2259 2423 2348 2445 man-

1338 2470 1424 2500 datis
1443 2471 1477 2500 ut
1499 2478 1537 2500 ea
1560 2469 1623 2499 sibi
1647 2469 1839 2499 auctoritate
1864 2470 1975 2499 nostra
1997 2469 2187 2499 concedant.
2212 2469 2346 2499 Contra-

1337 2523 1480 2553 dictores
1499 2523 1558 2552 etc.
1579 2523 1652 2552 Dat.
1673 2522 1836 2561 Anagnie,
1855 2523 1901 2552 Vl
1920 2522 1995 2553 idus
2015 2522 2218 2556 novembris,
2238 2522 2347 2561 ponti-

1339 2576 1456 2606 ficatus
1474 2575 1578 2606 nostri
1597 2583 1683 2606 anuo
1699 2577 1826 2614 quarto.
1852 2587 1866 2603 »

1403 2765 1478 2796 510

1871 2763 1995 2797 Anagni,
2012 2764 2046 2789 '215
2062 2763 2176 2789 octobre
2198 2762 2272 2788 ¹23⁰.

1374 2847 1582 2875 Arctndiacono
1605 2847 1778 2874 annaeensi
1801 2855 1918 2874 causam
1944 2847 2018 2873 inter
2035 2846 2172 2873 comitem
2195 2844 2345 2872 Flaudriue

1337 2899 1366 2924 et
1391 2897 1525 2924 abbatem
1550 2896 1584 2923 de
1607 2895 1705 2931 llergis
1728 2897 1857 2922 exortam
1883 2894 2098 2921 terminandam
2120 2893 2287 2920 committit.
2311 2907 2344 2912 -—

1339 2945 1417 2977 (Rea.
1440 2947 1479 2976 ¹5,
1495 2944 1515 2971 f.
1533 2945 1566 2971 39
1582 2949 1624 2977 v·;
1640 2952 1709 2971 uun.
1728 2944 1773 2977 lv,
1790 2951 1815 2972 c.
1834 2943 1882 2975 792
1899 2958 1933 2963 —
1949 2943 2063 2970 Meni-:Au
2084 2943 2158 2972 1186,
2176 2942 2194 2969 t'.
2212 2943 2270 2970 82.)
