2498 3242
139 282 197 314 973
998 272 1212 311 SEPTIEME
1233 273 1394 311 ANNEE.
2194 285 2253 315 974

139 350 247 380 fatum
268 348 510 379 monasterium
526 353 558 379 et
578 349 719 380 aliorum
741 348 966 379 habitantium
987 347 1021 377 in
1043 347 1157 377 codem
1196 345 1202 350 '

141 405 212 432 erat
242 401 283 432 ad
311 405 491 431 extremam
522 401 811 439 exina[ni]tionem
842 401 910 431 fere
940 400 1155 439 perductum,

141 454 278 489 fuisset,
303 453 434 493 justitia
461 454 638 492 suadente,
663 458 809 484 remotus
837 464 842 483 :
869 453 1024 483 monachi
1051 453 1158 491 ipsius

141 506 338 537 monasterii
359 529 379 535 ..
397 515 639 542 successorem,
658 516 757 545 prava
781 516 903 545 ponere
925 507 959 536 in
981 506 1104 536 directa
1127 509 1158 535 et

141 568 259 598 aspera
285 559 318 588 in
345 559 416 589 vias
444 558 577 597 planas,
609 563 639 589 et
667 559 755 589 idem
785 559 1044 595 monasterium,
1071 558 1158 597 quod

142 615 213 642 erat
236 611 462 650 temporaliter
485 616 516 642 et
538 611 760 650 spiritualiter
787 612 1025 646 deformatum,
1054 612 1158 641 refor-

141 674 233 695 mare
246 665 446 700 studentem,
463 664 544 695 adeo
555 665 739 695 affecerunt
751 665 963 695 contumeliis
978 669 1009 694 et
1023 664 1158 704 injuriis

141 723 390 758 oppresserunt,
407 718 494 758 quod
509 722 642 749 coactus
659 723 708 749 est
724 719 873 757 regimen
890 719 1037 757 ipsorum
1055 717 1159 747 relin-

142 780 256 811 quere,
282 775 313 802 et
337 771 377 801 ad
399 771 641 801 monasterium
666 771 704 802 de
730 780 794 810 quo
819 776 1010 809 assumptus
1031 771 1156 805 suerat,

143 833 309 859 remeare;
328 823 382 854 cui
402 824 510 854 dictus
533 825 564 855 J.
588 824 797 862 postmodum
820 824 1039 859 substitutus,
1065 823 1159 853 recti-

143 877 271 908 tudinis
287 877 355 908 zelo
372 886 565 913 succensus,
578 895 617 899 —
629 878 717 908 circa
731 877 878 916 ipsorum
894 877 1159 916 [monachorum]

142 935 266 961 statum
297 930 519 969 spiritualiter
548 935 579 961 et
609 930 835 969 temporaliter
862 930 1093 967 corrigendum
1125 938 1159 960 se

141 983 375 1022 multipliciter
409 983 559 1013 exhibuit
594 983 803 1019 studiosum;
839 983 897 1013 sed
930 987 1017 1013 terra
1051 982 1159 1013 cordis

143 1045 257 1066 eorum
285 1036 333 1066 sic
358 1045 395 1066 ex
422 1040 488 1066 toto
512 1036 546 1065 in
576 1035 806 1073 salsilaginem
832 1040 881 1066 est
907 1045 1083 1071 conversa,
1111 1035 1159 1066 sic

142 1089 271 1119 malitie
301 1089 376 1127 gelu
405 1089 601 1125 constricta,
631 1089 718 1128 quod
745 1089 836 1119 nullo
861 1089 966 1119 imbre
991 1090 1157 1125 doctrine,

143 1141 236 1172 nullo
266 1151 339 1172 rore
371 1142 477 1180 gratie
508 1147 557 1172 est
589 1142 629 1172 ad
663 1142 838 1173 serendum
870 1144 999 1173 fruetus
1031 1142 1158 1173 debitos

143 1195 305 1226 emollita.
330 1195 439 1232 Quare
462 1195 571 1225 dictus
589 1195 691 1225 abbas
715 1195 810 1225 nobis
835 1195 1010 1225 humiliter
1032 1195 1159 1234 suppli-

143 1248 231 1278 cavit
254 1253 308 1283 ut,
339 1257 413 1278 cum
438 1248 479 1277 ad
504 1248 743 1278 correctionem
771 1248 920 1286 ipsorum
947 1256 1158 1286 nequaquam

145 1301 253 1339 ipsius
275 1300 465 1331 sollicitudo
489 1300 632 1330 sufficiat
658 1304 688 1330 et
710 1301 858 1338 ipsorum
881 1300 1030 1339 nequitia
1054 1304 1158 1330 metas

145 1363 205 1384 sue
222 1353 456 1392 possibilitatis
472 1353 623 1388 excedat,
642 1353 682 1383 ad
699 1362 813 1383 eorum
830 1352 993 1382 malitiam
1009 1362 1158 1391 compes-

144 1405 283 1436 cendam
305 1409 335 1436 et
357 1405 398 1435 ad
418 1405 506 1435 idem
524 1405 782 1440 monasterium,
805 1405 892 1444 quod
909 1405 956 1435 sic
971 1405 1157 1435 debitorum

145 1459 290 1497 sarcinis
312 1462 362 1488 est
382 1458 595 1496 depressum,
619 1458 706 1497 quod
727 1458 780 1487 vix
799 1463 835 1488 ut
855 1463 1007 1497 resurgat
1028 1459 1159 1489 adicere

143 1511 276 1551 poterit,
293 1519 430 1541 manum
447 1510 626 1550 apostolice
642 1511 844 1549 provisionis
860 1520 1024 1550 apponere
1041 1511 1158 1549 digna-

142 1573 267 1595 remur.
290 1564 415 1594 Verum
437 1563 531 1602 quia,
557 1564 586 1593 si
606 1564 759 1602 cupimus
779 1568 815 1594 ut
836 1573 914 1602 ager
933 1565 1062 1594 fructus
1082 1573 1158 1603 pro-

141 1617 240 1648 ducat
257 1620 424 1656 acceptos,
451 1617 581 1656 expedit
601 1621 636 1647 ut
657 1617 698 1647 ab
718 1617 790 1656 ipso
807 1617 924 1647 tribuli
947 1618 1158 1648 eradicentur

141 1675 173 1701 et
193 1671 304 1709 spine,
329 1670 527 1701 mandamus
548 1675 733 1710 quatenus,
756 1671 977 1710 personaliter
997 1672 1157 1702 accedens

139 1723 180 1753 ad
195 1722 305 1753 locum
323 1728 354 1753 et
373 1722 501 1753 habens
518 1732 575 1762 pre
596 1723 702 1754 oculis
719 1723 825 1753 solum
847 1725 969 1759 Deum,
994 1724 1158 1764 inquisita

140 1781 172 1807 et
192 1776 327 1814 cognita
351 1785 451 1815 super
476 1777 650 1815 premissis
672 1777 805 1815 plenius
827 1777 985 1812 veritate,
1010 1777 1157 1815 corrigas

141 1834 174 1861 et
196 1831 358 1861 reformes
381 1830 505 1860 ibidem
529 1839 592 1869 que
615 1830 831 1861 correctionis
854 1835 885 1861 et
908 1831 1157 1862 reformationis

141 1883 250 1914 officio
277 1883 410 1913 noveris
440 1883 609 1920 indigere,
634 1883 815 1914 monachos
842 1884 1018 1914 seditiosos
1046 1889 1074 1914 et
1104 1884 1158 1914 in-

141 1935 336 1966 obedientes
353 1935 471 1966 exinde
494 1945 629 1974 prorsus
646 1937 768 1976 ejectos
784 1937 818 1966 in
842 1937 918 1967 aliis
944 1937 1157 1967 monasteriis

143 1989 266 2019 similis
290 1998 348 2019 seu
373 1989 506 2019 artioris
530 1989 760 2025 observantie,
789 1990 829 2020 ad
854 1990 1015 2028 agendam
1040 1999 1157 2029 perpe—

143 2047 235 2073 tuam
252 2042 481 2081 penitentiam,
500 2042 711 2078 recludendo,
730 2047 761 2072 et
778 2043 929 2073 faciendo
943 2043 1083 2082 reliquis
1102 2052 1158 2081 per

143 2095 347 2125 monasteria
363 2095 510 2133 ejusdem
528 2095 656 2125 ordinis
674 2100 727 2125 tue
744 2096 904 2131 diocesis,
926 2097 1028 2126 donec
1046 2105 1158 2126 eorum

143 2147 386 2177 monasterium
409 2157 427 2176 a
450 2147 637 2177 debitorum
657 2148 823 2185 angustiis
844 2148 951 2178 valeat
974 2148 1155 2186 respirare,

145 2201 180 2231 in
193 2201 259 2231 vite
274 2200 474 2231 necessariis
488 2201 666 2239 provideri.
685 2201 951 2232 Contradictores
965 2207 1026 2231 etc.
1040 2212 1045 2237 ;
1064 2202 1158 2232 invo-

145 2259 218 2285 cato
240 2253 495 2284 nichilominus.
519 2253 547 2283 si
569 2262 704 2283 necesse
725 2255 843 2289 suerit,
866 2255 907 2284 ad
927 2264 1040 2285 eorum
1056 2255 1159 2293 perti-

146 2307 276 2337 naciam
297 2306 533 2340 edomandam,
557 2306 692 2336 brachio
713 2307 867 2337 seculari.
890 2308 963 2337 Dat.
983 2308 1156 2344 Laterani,

145 2361 177 2391 11
195 2359 354 2390 kalendas
371 2359 543 2394 februarii,
563 2368 650 2389 anno
667 2360 818 2398 septimo*
839 2373 851 2385 ι»

219 2539 332 2567 Ιῖθῒ

182 2601 282 2628 Eidem
299 2601 413 2627 mandat
429 2604 584 2635 quatenus,
603 2608 743 2626 revocans
760 2608 785 2625 tn
805 2601 952 2626 utilitatem
971 2600 1160 2628 Gemblaeen-

703 2537 814 2569 liatran,
833 2538 862 2565 31
878 2539 992 2572 janvier
1012 2538 1085 2565 1234.

144 2650 187 2676 sis
205 2649 371 2676 monasterii
387 2650 460 2675 ‹luas
478 2648 655 2682 praebendas
667 2653 694 2674 et
705 2649 758 2674 alia
771 2649 844 2675 bona
857 2648 1015 2683 lilenricol,
1033 2651 1067 2676 ab
1079 2652 1160 2684 ejus-

144 2698 210 2725 dcm
223 2699 390 2725 monasterii
402 2697 542 2731 regimine
552 2701 657 2730 amoto,
667 2698 823 2729 assignata,
836 2698 920 2724 saciat
930 2698 1022 2724 eidem
1035 2698 1160 2726 chrico

146 2747 223 2773 sicut
243 2747 290 2773 uni
315 2755 349 2772 ex
373 2746 436 2772 aliis
460 2745 695 2772 inobedientibus
716 2746 849 2779 ejusdem
872 2748 1038 2773 monasterii
1062 2756 1161 2774 mona-

146 2795 212 2821 cbis
234 2795 360 2821 in'vitae
385 2794 558 2821 necessariis
582 2794 737 2828 provideri.
763 2809 794 2813 —
817 2794 900 2828 (Rto.
929 2796 969 2827 17,
993 2795 1011 2822 l‘.
1040 2795 1085 2822 ΗΞ
1112 2802 1159 2827 v⁰;

147 2851 213 2870 ann.
233 2842 299 2871 Vll.
317 2851 343 2870 c.
362 2843 434 2875 516.)

191 2957 204 2971 «
234 2945 350 2974 Eidem.
377 2944 587 2975 Constitutus
616 2944 650 2974 in
681 2949 792 2974 nostra
823 2945 989 2983 presentia
1020 2945 1160 2977 dilectus

1239 346 1329 377 filius
1352 370 1371 376 ..
1389 347 1491 378 abbas
1509 348 1761 378 Gemblaeensis
1777 349 1970 379 monasterii
1988 349 2083 380 nobis
2101 351 2253 389 exposuit

1240 400 1338 438 quod,
1365 409 1439 431 cum
1468 402 1522 436 H.‚
1552 402 1718 440 quondam
1742 402 1890 441 ejusdem
1916 403 2111 432 monasterii
2137 403 2249 440 abbas,

1240 461 1298 490 pro
1315 452 1564 491 dilapidatione,
1585 454 1849 492 transgressione
1866 455 1993 484 ordinis
2013 464 2049 485 ae
2065 455 2140 485 aliis
2160 465 2252 487 enor-

1240 505 1413 535 mitatibus
1439 506 1646 542 manifestis,
1672 506 1712 536 ab
1736 507 1842 545 ipsius
1868 508 2062 538 monasterii
2089 509 2252 546 regimine

1240 567 1298 595 per
1309 558 1445 588 fratrem
1460 559 1511 594 B.,
1525 559 1653 589 ordinis
1667 559 1926 594 Predicatorum,
1943 561 2080 599 ejusque
2095 561 2250 599 collegas,

1241 610 1430 641 visitatores
1447 611 1620 650 deputatos
1639 621 1657 641 a
1674 612 1781 647 nobis,
1802 613 1920 647 suerit,
1938 613 2069 652 justitia
2087 615 2250 653 exigente,

1241 668 1398 699 remotus,
1425 664 1712 695 consentientibus
1740 665 1888 704 ejusdem
1915 667 2110 696 monasterii
2137 676 2253 698 mona-

1241 715 1330 748 chis,
1349 716 1405 754 qui
1427 716 1527 747 simul
1548 726 1623 747 cum
1644 726 1681 747 eo
1701 723 1873 748 currentes
1891 719 1931 748 ad
1948 719 2090 752 scelera,
2109 729 2183 749 cum
2202 721 2253 759 ip-

1241 769 1312 798 sius
1332 769 1570 808 iniquitatibus
1596 780 1690 800 suam
1706 775 1885 809 posuerant
1905 772 2090 810 portionem
2109 783 2115 801 2
2137 774 2253 803 visita-

1242 826 1328 852 tores
1358 822 1423 860 ipsi
1453 822 1536 853 duas
1565 823 1751 862 prebendas
1779 824 1813 853 in
1837 824 1951 854 eodem
1978 826 2190 859 monasterio,
2222 831 2252 856 et

1241 875 1408 914 quandam
1424 875 1537 906 villam
1557 885 1631 906 cum
1650 877 1862 915 pertinentiis
1879 878 1949 908 suis
1968 888 2004 907 ac
2025 878 2107 909 alias
2126 888 2253 917 posses-

1242 929 1353 959 siones
1367 929 1407 959 ad
1418 929 1505 959 idem
1519 931 1759 960 monasterium
1776 931 1994 969 pertinentes,
2010 932 2052 967 ei,
2071 933 2103 961 in
2120 942 2254 969 gravem

1242 982 1348 1021 ipsius
1366 983 1561 1013 monasterii
1577 983 1750 1020 lesionem,
1770 984 1972 1022 provisionis
1994 986 2144 1021 nomine,
2167 986 2253 1016 assi-

1242 1039 1395 1073 gnarunt.
1416 1035 1574 1066 Volentes
1591 1036 1695 1074 igitur
1708 1037 1943 1075 indempnitati
1960 1038 2107 1077 ejusdem
2124 1048 2252 1070 monas-

1240 1088 1317 1118 terii
1342 1089 1533 1126 providere,
1557 1090 1754 1120 mandamus
1782 1094 1958 1129 quatenus,
1987 1092 2151 1130 predictas
2177 1102 2253 1131 pre-

1241 1141 1366 1172 bendas
1403 1146 1434 1172 et
1470 1142 1535 1172 alia
1573 1143 1612 1172 ad
1648 1142 1827 1173 utilitatem
1864 1152 2021 1174 revocans
2058 1146 2253 1176 monasterii

1242 1195 1439 1233 supradicti,
1458 1195 1505 1230 ei,
1524 1196 1601 1225 dum
1618 1200 1727 1226 tamen
1744 1196 1933 1227 obedientie
1945 1197 2025 1236 jugo
2043 1207 2120 1228 suos
2136 1198 2255 1229 hume-

1240 1256 1294 1277 ros
1311 1256 1376 1277 non
1394 1248 1566 1283 subducat,
1584 1249 1687 1279 facias
1705 1249 1792 1279 sieut
1807 1250 1865 1279 uni
1883 1259 1920 1280 ex
1937 1250 2012 1279 aliis
2030 1251 2201 1282 monachis
2217 1252 2253 1282 in

1240 1300 1306 1330 vite
1324 1301 1524 1332 necessariis
1541 1302 1719 1340 provideri.
1738 1303 1811 1332 Dat.
1829 1307 1864 1333 ut
1881 1312 1991 1342 supra.
2013 1316 2025 1330 »

1315 1487 1334 1514 1
1344 1487 1430 1515 *268
1822 1488 1935 1521 Lati-an,
1948 1489 1964 1516 9
1979 1489 2084 1516 fevrier
2102 1489 2178 1517 ¹234.

1277 1548 1383 1574 Abbati
1399 1552 1426 1575 et
1443 1549 1599 1576 conventui
1616 1549 1714 1576 Sancti
1731 1550 1849 1582 Albani,
1868 1550 2080 1578 Lincolniensis
2096 1551 2251 1583 dioecesis,

1240 1597 1274 1623 ad
1295 1606 1369 1632 quos
1381 1598 1432 1631 jtts
1450 1602 1617 1632 patronatus
1633 1599 1775 1626 ecclesiae
1791 1599 1826 1625 de
1846 1599 2062 1635 Egelwingltam
2085 1603 2128 1634 (=
2150 1601 2251 1636 Eglin-

1240 1647 1337 1680 gham)
1359 1647 1530 1681 pertinebat,
1548 1648 1698 1674 confirmat
1713 1649 1933 1675 concessionem
1950 1649 1985 1675 de
2001 1649 2100 1676 eadem
2117 1651 2251 1683 ecclesia,

1240 1702 1306 1721 cum
1324 1696 1478 1727 vacaverit,
1501 1695 1544 1722 eis
1564 1704 1578 1722 a
1600 1695 1791 1723 Dunelmensi
1813 1697 1965 1732 episcopo,
1986 1706 2036 1732 pro
2059 1698 2252 1733 hospitalitate

1241 1743 1268 1769 in
1292 1743 1419 1777 ipsorum
1445 1744 1620 1770 monasterio
1643 1744 1748 1771 melius
1768 1745 1958 1775 observanda,
1978 1746 2090 1778 factam,
2107 1752 2253 1774 reservata

1241 1790 1334 1825 ipsius
1352 1792 1468 1823 vicario,
1486 1796 1542 1818 tam
1561 1802 1611 1828 pro
1627 1801 1660 1819 se
1676 1802 1761 1828 quam
1780 1802 1831 1828 pro
1852 1793 1944 1829 ipsius
1960 1795 2101 1821 ecclesiae
2116 1796 2253 1822 oneribus

1241 1841 1458 1874 supportandis,
1484 1841 1519 1867 de
1543 1842 1732 1876 proventibus
1754 1843 1886 1877 ejusdem
1909 1852 2037 1878 congrua
2057 1845 2198 1879 portione.
2220 1860 2253 1864 —

1244 1888 1326 1922 (Rau.
1346 1890 1386 1921 17,
1406 1890 1424 1917 Γ.
1443 1890 1492 1917 14‘2
1509 1897 1552 1922 v⁰;
1568 1899 1634 1917 aun.
1653 1890 1719 1923 VII,
1736 1900 1762 1918 c.
1780 1892 1852 1925 517.)

1283 2003 1295 2017 r<
1317 2014 1333 2019 ..
1354 1992 1456 2020 abbati
1471 1997 1497 2021 et
1513 1993 1678 2021 conventui
1691 1993 1800 2022 Sancti
1813 1994 1936 2029 Albani,
1952 1995 2173 2024 Lincolniensis
2186 1996 2253 2025 dio-

1240 2045 1324 2073 cesis.
1341 2044 1449 2073 «Iustis
1464 2045 1649 2082 petentium
1666 2049 1727 2075 etc.
1743 2063 1791 2074 —.
1807 2046 1880 2075 Dat.
1895 2046 2061 2078 Laterani,
2077 2048 2105 2076 V
2118 2047 2192 2078 idus
2204 2048 2254 2078 se-

1240 2096 1377 2132 bruarii,
1398 2105 1484 2126 anno
1505 2097 1656 2135 septimo.
1678 2110 1690 2123 υ

1315 2282 1334 2309 1
1346 2282 1431 2310 ’ἵίῖθ

1277 2343 1373 2370 Sancti
1390 2343 1501 2376 Severi,
1520 2343 1621 2371 Pontis
1636 2345 1693 2371 Atti
1710 2349 1739 2371 et
1750 2345 1847 2372 Sancti
1859 2345 1982 2372 Jerontii
1995 2347 2158 2376 abbatibus,
2172 2347 2256 2374 Adu-

1242 2392 1336 2418 rensis
1354 2392 1510 2424 dioecesis,
1528 2393 1643 2419 mandat
1660 2397 1805 2428 quatenus
1819 2394 1937 2421 audiant
1953 2403 2069 2422 causam
2087 2395 2161 2422 iuter
2176 2397 2255 2431 epis-

1242 2447 1346 2474 copum
1365 2440 1581 2475 capitulumque
1599 2441 1789 2474 Baionenses,
1807 2451 1841 2469 ex
1860 2452 1913 2470 una
1931 2449 2019 2478 parte.
2037 2449 2065 2471 et
2083 2445 2253 2480 magistrum

1245 2487 1366 2515 Vitalcm
1378 2510 1384 2521 ,
1402 2494 1548 2516 cantorem
1572 2490 1669 2517 Sancti
1691 2491 1825 2518 Severini
1845 2491 2088 2527 Burdogalensis,
2106 2502 2139 2520 ex
2156 2494 2253 2522 altera.

1241 2546 1331 2572 super
1347 2539 1536 2573 proventibus
1558 2540 1738 2574 praebendae
1757 2550 1842 2575 quam
1859 2542 2025 2576 praedictus
2043 2542 2144 2570 Vitalis
2159 2543 2187 2570 in
2204 2552 2254 2570 ec-

1242 2586 1330 2613 clesia
1355 2586 1510 2614 Baionensi
1535 2589 1666 2620 babebat,
1691 2594 1832 2617 exortam.
1854 2604 1890 2610 —
1910 2590 1992 2624 (Rea.
2020 2592 2059 2620 t7,
2088 2593 2106 2618 s.
2135 2592 2180 2619 14·OE
2207 2600 2252 2624 νη

1241 2644 1308 2662 ann.
1329 2635 1392 2663 Vll.
1410 2645 1435 2663 c.
1455 2637 1526 2670 518.)

1820 2283 1932 2312 Lati-an.
1951 2285 1965 2309 τ’)
1983 2284 2086 2311 sevi-ier
2106 2284 2181 2312 1234.

1285 2749 1297 2763 α
1319 2759 1338 2765 ..
1358 2737 1465 2767 Sancti
1480 2740 1594 2768 Severi.
1618 2762 1637 2767 ..
1656 2740 1760 2769 Pontis
1774 2741 1837 2769 Atti
1852 2746 1877 2769 c!
1893 2764 1913 2770 ..
1931 2742 2037 2771 Sancti
2054 2744 2186 2772 „lm-omn*
2200 2744 2255 2773 ab·

1243 2790 1376 2826 batibus,
1395 2791 1563 2821 :islurensis
1581 2792 1717 2822 «limosis.
1742 2794 1786 2823 Ex
1808 2798 1898 2831 partev
1920 2795 2122 2825 venerabilis
2141 2796 2254 2827 fratris

1244 2842 1350 2872 nostri
1369 2866 1388 2872 ..
1406 2844 1551 2883 episcopi
1571 2849 1600 2874 et
1621 2845 1816 2875 dilectorum
1838 2846 1982 2877 filiorum
2003 2848 2139 2886 capituli
2156 2850 2256 2881 Baio-

1245 2896 1360 2926 nensis
1381 2897 1446 2927 suit
1473 2898 1676 2936 propositum
1703 2908 1812 2929 corant
1839 2900 1934 2929 nobis
1958 2902 2061 2940 quod.
2087 2912 2161 2932 cum
2185 2913 2256 2934 ma-

1245 2949 1348 2987 gister
1370 2950 1506 2986 vitalis,
1531 2956 1645 2981 cantor
1667 2952 1779 2982 Sancti
1805 2953 1955 2983 Severini
1982 2955 2254 2993 Burdegalensis,
