2498 3242
239 279 295 308 321

237 360 384 400 galensis
413 358 682 397 archiepiscopus
709 358 751 388 ad
786 358 919 396 propria
952 359 1095 393 rediens,
1128 360 1249 389 consti-
1275 361 1276 375 ³

237 413 300 444 tuit
314 420 373 451 pro
398 420 433 442 se
463 411 709 450 procuratorem
736 411 767 440 in
790 411 861 449 ipso
886 412 1026 448 negotio,
1055 412 1123 450 qui,
1145 412 1248 442 salvis

237 464 489 504 exceptionibus
514 463 578 493 sibi
608 464 883 502 competentibus.
907 464 939 494 in
971 465 1200 503 respondendo
1217 466 1249 495 et

237 517 444 548 defendendo
465 525 501 546 ac
519 516 607 550 aliis,
624 517 734 546 onmia
751 516 871 546 faceret
888 526 950 555 que
970 517 1003 547 in
1023 518 1155 556 propria
1178 519 1247 547 crat

236 579 377 609 persona
393 570 551 600 facturus.
578 569 742 599 instanter
760 578 836 607 ergo
850 572 979 608 petente
996 571 1245 609 archiepiscopo
1275 596 1276 599 ,

236 623 426 661 supradicto
444 623 478 652 ut
495 622 642 660 prefatus
665 624 858 660 procurator
885 622 915 652 in
933 632 1031 652 causa
1055 623 1245 661 hujusmodi

237 675 449 713 responderet
472 675 591 708 eidem,
617 675 683 709 ille,
705 675 757 704 dic
783 675 848 704 sihi
873 675 1039 713 assignato
1066 676 1106 705 ad
1132 683 1246 705 omnes

236 728 406 758 dilatorias
422 728 666 766 proponendas,
680 728 874 766 excipiendo
891 728 1062 766 proposuit
1075 736 1109 757 se
1128 728 1169 758 ad
1186 728 1246 757 hoc
1274 749 1275 759 1

235 781 447 819 aliquatenus
467 789 531 810 non
548 781 665 814 teneri,
681 790 757 810 cum
774 789 832 818 pro
847 780 912 810 alia
928 780 1045 817 majori
1059 789 1170 813 causa,
1187 789 1245 819 pro

235 833 367 871 publica
383 833 509 863 scilicet
526 833 676 867 utilitate,
696 835 842 866 vocatus,
866 842 923 871 pro
939 833 1074 863 ahsente
1098 833 1244 863 revocari

235 886 403 923 debuerat,
426 888 456 916 et
472 886 646 916 revocandi
665 886 800 916 domum
824 886 1037 924 privilegium
1053 886 1242 921 habuisset3

236 940 382 969 nondum
392 939 490 970 etiam
504 948 604 977 super
616 939 675 968 hoc
690 938 1016 968 deliberaveratcum
1027 939 1245 977 suffraganeis

235 992 306 1021 suis
324 993 355 1021 ot
371 992 447 1023 aliis
463 1000 604 1030 quorum
623 991 800 1021 consilium
817 993 882 1020 tam
898 992 1001 1021 ardua
1018 1000 1118 1021 causa
1137 991 1244 1030 requi-

234 1044 286 1079 rit,
304 1053 363 1074 nec
380 1046 512 1083 tempus
527 1044 686 1074 habuerat
704 1044 810 1082 inquo
827 1044 866 1073 1111
881 1045 1059 1082 utriunque
1077 1045 1243 1082 negotium
1272 1071 1273 1075 ,

235 1097 388 1131 valuerit,
408 1098 494 1127 sicut
509 1097 689 1136 expoliret,
709 1105 781 1126 esse
796 1098 942 1134 paratus.
960 1097 1023 1126 Sed
1042 1105 1118 1135 pars
1142 1097 1243 1127 altera

233 1152 345 1181 eontra
371 1150 539 1189 respondit
561 1150 660 1188 quod,
681 1159 754 1179 cum
779 1158 879 1187 super
903 1150 1074 1187 questione
1099 1150 1245 1188 predicta

232 1203 326 1241 prius
345 1203 441 1233 tuerit
458 1204 626 1237 evocatus,
646 1204 754 1232 nostre
772 1202 965 1231 intentionis
985 1212 1049 1231 non
1065 1203 1170 1232 suerat
1180 1203 1244 1241 pri·
1271 1221 1272 1228 1

232 1265 323 1286 mum
341 1256 532 1285 mandatum
546 1264 604 1293 per
617 1255 783 1293 posterius
796 1263 950 1284 revocare
965 1265 971 1286 ;
990 1255 1149 1293 temporis
1165 1264 1243 1293 quo-

233 1317 295 1346 que
311 1309 455 1347 spatium
470 1307 629 1337 habuerat
646 1307 890 1345 tamprolixum
906 1310 941 1337 ut
955 1307 1129 1345 potuisset,
1146 1308 1172 1337 si
1189 1317 1242 1337 vo-

232 1361 360 1395 luisset,
378 1369 478 1399 super
493 1360 784 1390 causatleliberarc
805 1360 960 1398 predicta,
979 1360 1064 1389 sicut
1079 1361 1107 1389 ct
1124 1360 1243 1390 fecerat

231 1422 306 1443 cum
322 1413 534 1451 quibusdam,
555 1414 585 1442 et
603 1413 739 1442 comode
756 1413 886 1450 utrique
908 1413 1037 1450 negotio
1057 1412 1241 1442 imminere.

232 1468 319 1497 Sane
330 1467 529 1505 protestatus
545 1467 594 1495 est
605 1467 795 1503 procurator
810 1465 978 1503 predictus
993 1465 1025 1494 in
1041 1465 1178 1503 ι1111111310,
1189 1465 1242 1495 dic
1270 1474 1272 1484 ’

231 1519 296 1549 sibi
312 1528 329 1549 a
349 1519 445 1549 nobis
468 1519 636 1556 assignato
656 1518 789 1552 iterum,
811 1518 850 1547 de
873 1518 1016 1556 quadam
1032 1518 1243 1556 providentia

230 1572 398 1610 equttaMs,
416 1571 456 1601 ad
473 1579 588 1600 omnes
600 1571 771 1600 dilatorias
784 1570 1242 1609 proponemlas‚t1·estantum

231 1625 453 1663 exceptiones,
466 1624 621 1653 videlicet
634 1623 1000 1658 excomnmnicationis,
1019 1624 1240 1662 spoliationis,

231 1679 262 1708 et
279 1678 366 1716 quod
382 1678 470 1707 idem
494 1677 714 1707 Bituricensis
730 1676 1000 1715 archiepiscopus
1017 1677 1089 1706 sine
1103 1686 1243 1706 assensu

231 1731 516 1769 suffraganeorum
530 1738 666 1760 suorum
682 1738 778 1768 agere
790 1738 854 1760 non
871 1730 997 1768 poterat
1014 1730 1046 1759 in
1059 1730 1118 1760 hac
1130 1738 1241 1766 causa,

231 1784 265 1814 in
293 1785 413 1814 eventu
439 1783 559 1823 Judicii
592 1783 803 1821 infrascripto
830 1782 974 1812 termino
996 1783 1241 1821 proponendas.
1271 1780 1272 1783 ’

232 1837 299 1867 Nos
316 1836 428 1875 igitur,
445 1836 568 1866 auditis
584 1836 661 1866 hinc
678 1836 754 1866 inde
765 1835 955 1874 propositis,
969 1836 1008 1865 de
1025 1835 1166 1865 consilio
1179 1836 1242 1865 fra-

231 1892 318 1920 trum
337 1890 536 1923 nostrorum,
556 1897 661 1927 usque
675 1888 831 1927 adprime
850 1889 1027 1918 venturum
1043 1888 1164 1918 festum
1177 1889 1241 1918 Na-

231 1943 372 1972 tivitatis
388 1942 562 1972 Dominice
589 1942 789 1979 dilationem
806 1941 913 1971 adhuc
938 1941 1001 1971 sibi
1018 1941 1176 1971 duximus
1194 1941 1243 1971 in-

231 1995 443 2033 dulgendam.
458 1995 543 2030 Quia
560 2003 638 2024 vero
655 1994 867 2024 dissimulare
885 2003 960 2024 cum
977 1994 1147 2024 honestate
1165 2003 1241 2024 nos-

230 2049 279 2078 tra
299 2056 363 2078 non
382 2047 531 2077 valemus
550 2047 688 2077 ulterius
704 2047 855 2085 querelas
872 2047 1047 2077 continuas
1064 2047 1242 2086 archiepis·
1269 2070 1270 2074 ,

215 2100 303 2139 ‘copi
330 2099 522 2139 supradicti.
552 2100 730 2130 malitiosis
755 2099 903 2138 diffugiis
926 2100 1061 2129 obviare
1080 2100 1241 2134 volentes,

230 2153 356 2192 prefato
370 2153 609 2191 Bul-‹legalensi
627 2153 748 2182 uostris
763 2152 1009 2182 damuslitteris
1027 2152 1060 2182 in
1077 2153 1243 2182 mandatis

229 2208 260 2236 et
276 2206 423 2236 districte
441 2206 643 2244 precipimus
668 2208 703 2235 ut
720 2205 867 2244 predicto
886 2205 1038 2240 termino,
1059 2213 1157 2243 quem
1177 2205 1240 2235 sibi
1269 2214 1270 2219 ¹

229 2259 490 2298 peremptorium
505 2259 711 2297 preligimus‚
729 2258 768 2287 ad
786 2258 944 2296 predicta,
963 2267 1021 2288 nec
1037 2267 1101 2288 non
1117 2259 1241 2288 contes-

230 2312 388 2342 tationem
402 2311 481 2345 litis,
498 2313 528 2340 et
540 2311 606 2341 alia
619 2311 731 2342 omnia
745 2311 907 2341 decisioni
920 2311 1040 2349 negotii
1054 2311 1242 2341 necessaria

229 2365 428 2404 peragenda,
444 2364 681 2394 deliberatione
695 2363 807 2394 habita
819 2372 894 2393 cum
911 2364 1033 2402 quibus
1048 2364 1112 2393 sibi
1133 2364 1243 2394 visum

229 2418 329 2448 fuerit
347 2417 515 2456 expe-lire,
539 2425 596 2455 per
610 2425 644 2447 se
662 2419 717 2447 aut
734 2417 889 2446 idoneum
908 2417 1134 2455 responsalem
1150 2416 1242 2447 sussi-

230 2471 354 2501 cienter
372 2471 571 2500 instructum
595 2471 784 2509 compareat
808 2478 919 2500 coram
941 2470 1048 2500 nobis.
1081 2470 1243 2505 Quocirca

229 2523 421 2554 discretioni
453 2524 562 2553 vestre
589 2531 647 2562 per
680 2523 861 2562 apostolica
887 2523 1011 2561 scripta
1044 2523 1243 2553 mandamus
1268 2551 1269 2559 ,

230 2577 393 2615 quatenus
408 2576 533 2606 <lictum
548 2576 834 2615 archiepiscopum
849 2576 889 2606 ad
904 2576 1046 2606 eundem
1060 2576 1242 2606 terminum

231 2629 424 2659 auctoritate
443 2630 556 2659 nostra
568 2629 664 2668 juxta
683 2629 824 2660 formam
841 2629 1039 2668 premissam
1055 2630 1240 2668 perempto·
1268 2651 1269 2655 ,

232 2682 278 2711 rie
296 2681 397 2711 citare
413 2681 546 2717 curetis,
564 2682 607 2716 et,
623 2681 731 2711 sinon
749 2681 870 2720 poterit
886 2681 1044 2718 inveniri,
1061 2681 1190 2711 faciatis
1207 2682 1243 2712 ut
1268 2702 1270 2711 .

230 2733 397 2763 citationis
413 2733 558 2763 edictum
578 2742 636 2772 per
656 2742 716 2763 vos
734 2733 788 2764 vel
806 2733 892 2764 alios
911 2734 1000 2772 apud
1021 2742 1117 2764 suam
1139 2733 1242 2764 eccle-

231 2783 314 2814 siam
331 2784 462 2823 publice
481 2785 694 2823 proponatur,
711 2785 807 2816 nobis
822 2786 910 2824 quod
927 2794 1028 2824 super
1043 2785 1109 2816 hiis
1119 2785 1242 2816 factum

230 2835 331 2866 fuerit
349 2836 580 2866 rescribentes.
604 2836 700 2872 Quod
722 2837 751 2867 si
768 2845 834 2868 non
856 2837 953 2868 ambo
973 2838 1048 2873 etc.,
1069 2837 1152 2868 alter
1169 2845 1242 2868 ves-

233 2889 320 2918 trum
336 2890 397 2919 etc.
416 2888 492 2919 Dat.
510 2901 525 2916 »

359 2990 546 3022 01113111011111
564 2998 612 3028 1x‚
630 2999 649 3023 1.
667 2998 690 3023 1.

1055 271 1320 313 QUATRIEME
1344 270 1508 308 ANNEE.

2259 284 2319 313 322

1378 361 1450 391 ⁴88
1802 362 1926 396 Aungni,
1944 364 1971 389 ¹1
1990 363 2152 396 septembre
2169 365 2245 390 ¹230.

1343 443 1481 478 Episcopo
1503 443 1662 470 Brixincusi
1678 446 1705 470 ct
1726 445 1846 471 Sanctae
1863 446 1960 472 Crucis
1980 448 2007 472 et
2030 446 2064 472 de
2084 446 2188 474 Zwetel
2205 447 2315 476 abbati-

1308 493 1369 524 bus,
1387 491 1583 518 (listercieusis
1595 492 1716 522 ordinis,
1733 493 1907 520 l'ataviensis
1923 494 2071 527 dioecesis,
2086 496 2204 522 mandat
2220 499 2315 530 quate-

1308 549 1371 572 nus,
1401 540 1616 573 Salzehurgzensi
1640 541 1854 576 archiepiscopo
1879 543 2056 576 supplicant«¹
2080 546 2108 569 ui
2141 544 2313 580 Vir[glilius,

1308 589 1541 623 Salzeburgeusis
1561 589 1805 623 archiepiscopus,
1828 593 1993 617 sauctorum
2018 594 2146 626 catalofzo
2163 594 2315 621 ascribere-

1275 665 1276 670 *
1307 639 1363 667 tur,
1380 637 1413 663 dc
1429 637 1576 663 miraculis
1593 637 1685 664 sancti
1707 638 1844 671 praedicti
1862 639 2017 672 inquirant,
2040 641 2093 674 ipsi
2112 650 2198 676 papae
2215 642 2313 670 rescri-

1306 686 1404 712 bentes
1431 693 1517 719 super
1541 685 1584 712 his
1613 686 1776 712 veritatem.
1801 702 1832 705 —
1862 688 1939 720 (linc.
1966 690 2005 714 iii.
2025 688 2042 714 s.
2061 691 2093 714 29
2111 698 2153 723 ¹²⁰3
2176 699 2245 717 ann.
2264 691 2309 722 IV,

1306 742 1331 761 c.
1349 736 1396 766 58;
1415 749 1448 754 --
1465 735 1580 761 Moumu
1596 736 1672 766 1186,
1691 734 1710 761 s.
1730 736 1797 766 11]ος
1816 750 1849 754 -
1862 736 1898 761 cs.
1915 737 2058 764 l‘o‘rrulisr
2074 740 2168 770 860¹.)

1345 838 1360 853 «
1371 849 1391 856 ..
1408 826 1547 866 episcopo
1559 826 1742 861 Briaeinensi,
1757 832 1782 855 c!
1799 850 1818 857 ..
1836 828 1947 856 Saum
1963 828 2068 857 Criu-is
2077 835 2104 857 el
2119 852 2136 859 ..
2149 829 2184 859 dc
2202 830 2314 859 Zw‹·cel

1305 879 1471 914 abbatibus,
1492 879 1697 909 cislerciensis
1711 880 1835 915 ordinis,
1850 880 2040 909 l'ataz-ivnsis
2055 882 2190 912 [lienosis.
2208 882 2311 921 l'tju-

1305 933 1424 962 ventus
1441 932 1586 962 Ecclesia
1605 950 1653 962 —.
1672 933 1746 962 Dat.
1766 933 1927 972 Anagnie,
1951 934 1996 964 [II
2015 934 2088 964 idus
2102 935 2311 974 septembriS,

1304 986 1516 1024 pontificatus
1538 986 1640 1016 nostri
1659 995 1744 1015 anno
1761 988 1889 1024 quarto.
1910 1000 1924 1013 >›

1371 1149 1444 1180 490
1792 1149 1915 1184 Anagni,
1933 1150 1963 1175 13
1979 1150 2142 1184 septembre
2164 1151 2237 1177 1230.

1338 1232 1572 1266 Magdeburgensi
1590 1231 1803 1266 archiepiscopo
1825 1232 1942 1259 mundat
1968 1235 2109 1266 quatenus
2136 1234 2308 1267 magistrum

1302 1281 1473 1313 Johaunem,
1490 1281 1653 1314 physicum,
1671 1281 1698 1307 in
1711 1281 1806 1315 aliqua
1821 1281 2007 1308 ecclesiarum
2021 1282 2251 1308 conventualium
2268 1283 2307 1309 ci-

1303 1330 1398 1356 vitatis
1414 1330 1674 1362 Magdcbureensis,
1691 1331 1803 1363 praeter
1816 1330 1964 1364 Majorem,
1981 1330 2069 1363 recipi
2086 1331 2171 1357 saciat
2185 1331 2212 1356 iu
2228 1339 2308 1357 cano-

1302 1378 1398 1404 nicum
1415 1380 1442 1403 et
1458 1378 1592 1410 fratrem,
1609 1380 1635 1404 et
1651 1386 1738 1412 quam
1761 1378 1817 1404 cito
1833 1387 1862 1404 se
1880 1378 2001 1405 facultas
2017 1379 2164 1411 obtulerit,
2182 1379 2208 1405 in
2228 1387 2307 1413 prac-

1302 1426 1416 1453 bendali
1433 1427 1485 1452 sihi
1503 1426 1639 1452 beneficio
1655 1426 1806 1460 provideri.
1821 1442 1855 1446 —
1870 1428 1948 1461 (Rae.
1970 1429 2011 1458 135,
2027 1427 2047 1453 f.
2064 1429 2097 1453 29
2116 1436 2161 1459 vo;
2178 1435 2246 1454 anu.
2264 1428 2308 1461 1v,

1302 1482 1326 1500 c.
1343 1475 1392 1507 593
1411 1488 1445 1492 —
1461 1475 1578 1500 MOREAU
1596 1476 1671 1506 1186,
1689 1474 1708 1500 s.
1726 1476 1782 1508 G'r.)

1343 1576 1357 1591 «
1387 1588 1407 1595 ..
1438 1565 1693 1604 Jlaqdcbw·91‘›zsc'
1715 1566 1953 1606 archiepiscopo.
1981 1566 2158 1604 Cupientes
2188 1567 2310 1598 ascribi

1302 1618 1421 1648 militie
1437 1636 1486 1648 —.
1506 1619 1581 1648 Dat.
1605 1619 1768 1658 Anagnie,
1788 1619 1899 1649 idibus
1916 1620 2125 1657 septembris,
2144 1620 2308 1658 pontifica-

1302 1672 1355 1702 tus
1372 1672 1477 1702 nostri
1495 1673 1726 1711 annoquarto.
1746 1684 1760 1698 »

1370 1845 1440 1876 491
1795 1843 1916 1878 Anagni,
1937 1845 1966 1870 13
1983 1844 2146 1878 septembre
2163 1845 2238 1871 1230.

1338 1928 1508 1963 Magistrum
1526 1930 1551 1953 et
1566 1927 1669 1953 fratres
1685 1927 1787 1954 domus
1805 1927 1925 1954 militiae
1937 1927 2047 1962 Templi
2058 1927 2310 1962 hierosolymitani

1303 1979 1383 2011 rogat
1404 1978 1555 2011 quatenus,
1583 1976 1749 2010 quaestione
1773 1976 1890 2002 suborta
1909 1984 1959 2010 pro
1982 1984 2014 2002 co
2035 1977 2108 2010 quod
2127 1977 2266 2011 magister
2283 1978 2311 2003 et.

1301 2026 1405 2052 fratres
1419 2026 1521 2052 (lomus
1539 2025 1689 2058 hospitalis
1710 2026 1830 2051 Sanctae
1851 2025 1954 2051 Mariae
1972 2025 2212 2051 'theutonicorum
2230 2033 2311 2051 man·

1302 2075 1378 2102 tellis
1395 2074 1466 2101 albis
1490 2074 1654 2105 utebantur,
1671 2073 1752 2108 quasi
1773 2075 1848 2099 esset
1863 2073 1904 2099 eis
1922 2073 1950 2099 in
1971 2073 2024 2100 hoc
2045 2073 2205 2100 similitudo
2226 2074 2310 2099 'l‘cm-

1269 2128 1270 2138 ¹
1302 2123 1462 2158 plariorum
1480 2123 1593 2149 habitus
1613 2122 1777 2154 interdicta,
1797 2122 1912 2148 eosdem
1934 2121 2037 2148 fratres
2058 2122 2171 2148 sincera
2187 2123 2309 2150 caritate

1302 2172 1569 2206 tractent.-(l{1÷c.
1593 2173 1632 2203 15,
1650 2170 1670 2197 s.
1686 2172 1720 2196 ‘39
1735 2170 1926 2203 x·0;aun.1v,
1940 2179 1966 2197 c.
1984 2172 2031 2204 (303
2049 2186 2081 2190 —
2095 2171 2209 2197 >leusio
2233 2172 2308 2203 1186,

1302 2220 1321 2248 s.
1340 2220 1397 2255 625.)

1341 2324 1357 2340 «
1377 2336 1396 2342 ..
1417 2311 1560 2351 maqislro
1574 2316 1600 2341 el
1614 2310 1766 2349 fmm'bus
1787 2309 1891 2339 domus
1907 2310 2013 2339 militie
2040 2310 2155 2350 Templi
2168 2310 2309 2340 ιΙενοδηῐὶ·

1302 2366 1419 2396 mitani.
1439 2365 1524 2396 Cum
1546 2364 1696 2395 ordinem
1724 2365 1873 2393 vestrum
1897 2381 1946 2393 —.
1972 2364 2151 2399 Questione
2177 2364 2311 2395 suborta

1301 2428 1360 2458 pro
1372 2428 1409 2449 eo
1422 2418 1511 2457 quod
1522 2418 1681 2456 magister
1691 2418 1721 2447 et
1737 2417 1854 2447 fratres
1867 2416 1986 2446 domus
2005 2416 2179 2455 hospitalis
2192 2417 2310 2447 Sancte

1269 2466 1271 2477 ‘
1302 2472 1405 2502 Marie
1420 2470 1679 2502 Teutonicorum
1697 2469 1865 2499 mantellis
1880 2469 1965 2499 albis
1986 2470 2135 2505 utuntur³
2151 2470 2246 2508 quasi
2262 2478 2311 2500 es-

1302 2526 1351 2556 set
1367 2525 1416 2555 eis
1434 2525 1467 2554 in
1485 2524 1547 2555 hoc
1563 2522 1749 2554 similitudo
1780 2523 1883 2553 vestri
1900 2522 2035 2552 habitus
2050 2522 2234 2557 interdicta,
2251 2531 2312 2553 nos

1301 2578 1474 2617 cupientes
1489 2577 1529 2607 de
1544 2584 1644 2614 regno
1660 2575 1808 2605 Ecclesie
1820 2575 1975 2613 colligere
1992 2575 2160 2609 scandala,
2175 2584 2310 2605 venera-

1301 2631 1361 2662 bili
1373 2630 1467 2661 fratri
1480 2631 1615 2660 nostro..
1633 2628 1817 2667 patriarche
1834 2627 2112 2661 Jerosolimitano,
2123 2628 2310 2666 Apostolice

1302 2684 1398 2715 Sedis
1414 2683 1531 2721 legato,
1555 2683 1641 2713 sicut
1657 2681 1774 2716 nostis,
1797 2680 1922 2719 pluries
1939 2689 2038 2719 super
2053 2680 2113 2710 hoc
2128 2680 2311 2711 ‹lii-eximus

1302 2737 1425 2775 scripta
1440 2737 1565 2771 nostra,
1581 2742 1723 2774 quorum
1738 2735 1869 2763 tenores
1882 2742 1941 2763 vos
1958 2742 2022 2763 nou
2035 2733 2200 2762 credimus
2218 2733 2310 2771 iguo·

1301 2797 1385 2820 rare.
1400 2789 1551 2827 Cumque
1567 2788 1676 2818 dictus
1690 2786 1889 2825 patriarcha,
1908 2793 2084 2825 processus
2098 2794 2155 2823 per
2169 2793 2243 2815 eum
2255 2785 2310 2816 ha·

1300 2842 1388 2872 bitos
1406 2841 1478 2872 suis
1498 2840 1594 2871 nobis
1611 2839 1730 2870 litteris
1749 2839 1918 2872 intimans,
1942 2837 2074 2868 tandem
2092 2838 2196 2867 tolum
2214 2845 2309 2876 nego-

1300 2895 1384 2926 tium
1414 2894 1456 2925 ad
1485 2894 1633 2925 nostram
1659 2891 1859 2932 presentiam
1894 2890 2080 2925 destinarit,
2112 2890 2190 2929 quia
2223 2890 2311 2921 idem

1268 2943 1269 2946 ’
1301 2947 1460 2986 magister
1480 2945 1626 2986 predicte
1641 2945 1760 2976 domus
1782 2944 1899 2975 Sancte
1924 2943 2027 2973 Marie
2053 2943 2311 2973 Teutonicorum

2153 2997 2182 3021 2!
