2498 3242
271 283 342 313 1135
993 281 1232 313 REGISTRES
1253 280 1309 310 DE
1331 274 1553 311 GREGOIRE
1576 281 1634 310 lx.
2288 279 2361 311 1136

267 349 505 375 dioecesanorum
539 357 657 375 suornm
688 351 826 376 attentius
854 349 1013 383 invigilent.
1043 363 1079 369 —
1109 348 1196 381 (Rue.
1229 347 1271 379 17,

268 398 286 423 s.
304 397 356 423 *210
372 404 410 425 ¹⁴⁰:
429 405 494 423 ann.
514 396 768 425 x·111.c.·235;—
787 397 904 425 Monimo
926 396 999 429 1189,
1016 397 1033 423 f.
1056 396 1124 428 159.)

311 512 322 523 «ι
350 499 590 536 Αι·1’111”<’111”>ϊο111“5
617 504 642 527 e!
669 500 813 536 episcopis
842 504 866 527 ct
901 499 1053 528 universis
1078 498 1274 527 ecclesiarum

267 552 394 589 prelatis
418 561 471 589 pit·
500 561 625 589 refluum
650 553 777 581 From-ii·
800 553 984 580 cottslt'tult's.
1007 550 1070 587 Qtli
1094 559 1128 580 se
1149 549 1275 588 prinei-

270 603 359 641 pium
374 621 422 631 —.
442 604 595 633 Mensura
608 604 642 633 in
657 605 767 634 carnis
784 604 1008 642 voluptatibus
1025 613 1041 634 a
1059 603 1223 642 [pluribus
1240 603 1274 632 in

271 664 370 693 reguo
389 656 525 686 Francia*
542 657 672 694 positis]
689 666 753 686 non
771 656 921 686 habetur.
940 657 1012 695 qui,
1033 674 1071 678 -—
1088 655 1275 686 incubando

271 708 418 738 tabernis
444 714 473 738 et
502 709 834 739 couuncssationibus
858 709 1063 743 desudando,
1090 718 1149 739 nec
1171 708 1276 738 vitant

271 760 442 790 ebrietatis
467 761 679 799 obprobrium
709 770 768 791 nec
798 762 995 800 desipientie
1027 761 1275 791 detrimentum.

272 813 367 844 [nde
384 813 508 851 pluries
527 814 642 843 accidit
659 814 744 852 quod
759 814 798 843 ab
815 814 896 852 ipsis
909 823 1028 844 nomen
1046 813 1179 843 Domini
1194 813 1277 843 blas-

272 867 426 905 phemum
448 876 523 905 sepe
543 867 691 897 redditur
707 872 737 897 et
757 867 906 905 Yirginis
923 867 1064 904 gloriose
1081 866 1277 896 vocabulum

272 919 451 957 prophanis
466 919 703 949 contumeliose
716 920 852 949 vocibus
865 919 1064 949 acclamatur
1076 937 1124 948 —.
1138 919 1278 949 Univer-

273 971 403 1001 sitatem
432 977 574 1001 vestram
602 981 756 1009 rogamus
782 976 811 1002 et
837 972 1048 1002 obsecramus
1075 972 1107 1001 in
1138 971 1279 1001 Domino

272 1024 376 1054 Jhesu
397 1024 545 1059 Christo,
569 1034 604 1054 ac
629 1034 687 1063 per
710 1025 887 1063 apostolica
911 1025 1004 1055 vobis
1028 1025 1149 1063 scripta
1172 1024 1280 1063 preci-

273 1076 392 1114 piendo
412 1076 607 1106 mandamus
624 1082 788 1115 quatenus
809 1095 847 1098 —
869 1077 910 1107 ad
927 1077 987 1107 1101·
1008 1078 1154 1115 profecto
1170 1076 1280 1106 studio

273 1134 302 1158 et
321 1138 397 1158 cura
415 1129 660 1167 promptissima
677 1129 846 1165 laboretis,
865 1135 897 1159 ut
915 1130 954 1159 de
970 1139 1071 1167 regno
1088 1130 1226 1160 Francie
1242 1147 1281 1151 —

273 1182 431 1221 quicquid
446 1187 492 1212 est
508 1183 548 1212 ad
560 1183 732 1212 interitum
745 1183 944 1218 animarum,
959 1187 989 1212 et
1004 1183 1157 1221 precipue
1169 1183 1280 1213 carnis

274 1234 454 1270 lubricum,
481 1236 567 1274 quod
591 1240 636 1265 051
664 1236 860 1265 castimonie
885 1235 1051 1275 conjugali
1076 1236 1279 1266 contrarium

275 1292 305 1318 et
325 1297 416 1317 sacre
439 1288 642 1318 continentie
666 1298 730 1318 0011
748 1289 906 1323 amicum,
925 1306 963 1310 —-
982 1288 1145 1324 deleatur,
1166 1298 1280 1320 omnes

275 1341 332 1379 qui
349 1346 595 1379 —presumunt
616 1346 726 1371 tenere
746 1341 944 1380 prostibula,
962 1342 996 1371 in
1014 1342 1136 1380 quihus
1153 1342 1281 1372 anima—

275 1403 348 1423 rum
369 1394 525 1432 perdatur
547 1394 735 1424 substantia
754 1395 917 1433 preciosa,
939 1399 974 1424 ut
993 1395 1051 1424 illa
1075 1395 1228 1425 deserant
1251 1400 1281 1426 et

275 1446 415 1476 ulterius
441 1456 504 1476 non
530 1452 714 1483 resumant,
739 1456 797 1477 nec
826 1456 891 1477 non
915 1447 990 1477 illos
1015 1448 1072 1486 qui
1092 1448 1200 1478 locare
1225 1448 1282 1478 do-

276 1508 345 1529 mos
363 1509 419 1537 pro
439 1499 629 1538 hujusmodi
651 1500 855 1538 turpitudine
873 1509 937 1530 non
956 1505 1122 1536 verentur,
1139 1519 1178 1522 —
1193 1510 1282 1531 com-

277 1552 456 1590 pescendo;
477 1553 635 1581 attentius
655 1553 819 1591 provisuri
836 1557 886 1588 ut,
904 1562 977 1582 011111
997 1553 1130 1592 quidam
1150 1553 1282 1584 clerica-

277 1604 318 1633 lis
342 1614 400 1634 nec
425 1614 487 1634 non
512 1605 660 1642 religiosi
679 1605 806 1635 ordinis
825 1606 1039 1643 professores,
1058 1606 1158 1636 immo
1174 1607 1283 1645 potius

278 1658 503 1696 depressores,
523 1658 695 1688 abutentes
717 1658 940 1688 ecclesiastice
956 1658 1131 1696 privileg-fio
1146 1659 1283 1689 liberta-

278 1711 331 1745 115,
348 1711 559 1739 interdictum
575 1710 669 1741 laicis
685 1711 894 1740 tabernarum
909 1711 1080 1741 introitum
1097 1721 1160 1741 000
1176 1712 1281 1742 solum

277 1763 432 1793 arbitrari
451 1764 707 1801 contempserint
727 1763 791 1793 sibi
808 1764 876 1793 fore
893 1764 1062 1799 illicitum,
1083 1765 1139 1793 scd
1155 1774 1190 1794 50
1208 1765 1282 1794 illa-

275 1825 349 1845 rum
366 1816 684 1853 1“01;11111111.111111·113
699 1817 825 1853 geritur
840 1814 941 1845 m'ulte
958 1817 1097 1845 obnoxia
1115 1816 1235 1846 vilitati
1252 1821 1280 1847 01

276 1869 348 1898 sine
374 1869 512 1906 11011010.
540 1869 751 1906 pretulerint.
781 1873 811 1898 et
839 1869 1017 1898 inultorum
1048 1870 1175 1899 animos
1207 1870 1281 1900 talis

275 1921 414 1959 exempli
435 1922 576 1959 pernitie
593 1922 832 1959 perturbarint,
852 1922 926 1951 illos
945 1932 961 1951 a
981 1927 1068 1952 tanta¹
1085 1923 1281 1953 temeritatis

276 1983 411 2004 excessu
438 1992 474 1995 —
498 1974 657 2003 rex-omis
681 1992 728 2002 —.
757 1975 829 2003 Dat.
858 1975 1005 2004 Perusii.
1034 1976 1096 2005 vn
1122 1975 1281 2006 kalendas

274 2026 432 2055 octobris.
451 2027 661 2064 pontina-atus
679 2027 783 2056 nostri
801 2036 886 2056 anno
903 2032 1027 2057 octavo.
1049 2041 1060 2054 n

304 2202 308 2206 ”
347 2197 473 2225 2106

311 2258 453 2293 Episcopo
470 2258 593 2284 Lucensi
612 2259 725 2284 mandat
742 2264 896 2292 quatenus,
912 2274 945 2279 —
961 2268 1026 2286 cuin
1043 2261 1280 2296 archiepiscopus

810 2197 945 2229 potense,
965 2198 979 2225 3
996 2199 1113 2225 octobre
1134 2200 1208 2227 1234.

275 2305 538 2341 Compostellanus.
561 2307 608 2340 qui
630 2307 770 2332 ccclesiae
790 2307 914 2333 civitatis
932 2308 1137 2341 Emeritensis,
1155 2318 1168 2335 a
1187 2310 1280 2345 longis

275 2359 350 2381 retro
368 2355 546 2389 temporibus
564 2355 591 2380 iu
614 2355 746 2380 inanibus
770 2354 948 2389 Pagauorum
972 2357 1083 2383 habitae
1102 2362 1130 2384 et
1150 2358 1184 2384 de
1206 2367 1280 2385 novo

274 2403 307 2429 ad
331 2404 439 2429 cultum
459 2403 523 2428 fidei
541 2402 720 2429 Christianae
744 2404 896 2437 reductae,
921 2405 946 2431 in
971 2406 1032 2431 loco
1057 2407 1206 2442 multiplici
1230 2408 1280 2433 ob-

275 2451 361 2477 noxio
387 2451 564 2485 paupertati.
590 2452 635 2476 uhi
661 2456 721 2477 erat
744 2452 845 2478 mortis
869 2458 1016 2487 promptae
1043 2455 1219 2488 periculum,
1245 2464 1279 2482 eo

274 2500 348 2534 quod
368 2501 394 2526 iu
413 2500 544 2526 saucibus
560 2500 743 2526 barbarorum
765 2505 823 2526 erat
846 2502 967 2535 positus‘,
991 2503 1159 2536 magistrum
1178 2505 1280 2530 111100-

274 2556 356 2579 sum,
374 2549 460 2582 cujus
477 2548 645 2574 industriam
665 2558 713 2582 per
729 2550 935 2583 experientiam
953 2551 1026 2577 idem
1043 2552 1280 2587 archiepiscopus

273 2596 465 2630 agnoscebat,
489 2596 588 2621 codem
615 2597 735 2622 attonso
756 2601 885 2631 petente,
904 2599 1096 2632 praefecerat,
1119 2599 1197 2625 illum
1215 2604 1280 2634 post

274 2644 395 2670 duorum
414 2644 556 2670 mensium
573 2645 696 2678 spatium
709 2667 714 2676 ,
736 2646 798 2671 sine
814 2654 901 2671 causa
918 2646 1095 2679 rationabili,
1119 2656 1261 2682 respuens
1273 2671 1278 2681 ‚

274 2701 362 2720 causa
389 2694 501 2720 derisus
532 2699 560 2719 et
589 2695 646 2719 lii-li
678 2703 709 2719 50
740 2695 872 2721 eumdem
904 2701 1049 2722 assereret
1077 2698 1219 2731 elegisse,
1246 2713 1279 2717 —

274 2742 464 2776 personaliter
492 2743 524 2767 :id
557 2744 650 2768 1000111
681 2743 842 2775 accedens,
873 2744 1010 2778 inquisita
1039 2745 1176 2779 veritate,
1206 2755 1280 2780 quae

275 2790 417 2816 invenerit
439 2791 492 2824 ipsi
519 2800 605 2824 papae
633 2791 704 2816 infra
728 2792 827 2817 decern
855 2801 971 2819 menses
997 2797 1061 2827 post
1086 2795 1278 2828 receptionem

274 2844 469 2873 praesentium
495 2839 556 2864 suis
579 2840 685 2865 clausis
706 2840 808 2866 litteris
828 2840 950 2866 fideliter
965 2850 1110 2875 exponere
1128 2850 1181 2867 non
1201 2846 1280 2876 post-

275 2892 376 2921 ponat,
401 2888 526 2921 praefato
548 2888 766 2922 archiepiscopo
791 2889 945 2914 terminum
969 2889 1122 2923 assignans
1147 2899 1279 2925 peremp-

273 2937 390 2967 terium⁷
419 2937 443 2961 in
470 2944 526 2969 quo
551 2937 737 2967 personaliter
762 2937 805 2962 vel
833 2946 883 2971 per
908 2942 1121 2971 procuratorem
1143 2939 1277 2966 idoneum

1355 346 1513 380 apostolico
1535 347 1706 381 conspectui
1729 353 1761 373 se
1783 349 1956 381 praesentet.
1979 361 2011 366 —
2033 346 2116 380 (Rau.
2141 347 2188 378 17,
2214 347 2231 372 f.
2247 345 2299 373 210
2315 351 2360 378 v⁰;

1355 403 1422 422 ann.
1440 394 1521 427 VIII,
1539 403 1565 423 c.
1581 394 1655 428 236.)

1399 508 1412 522 «
1431 518 1452 524 ..
1472 497 1606 534 episcopo
1628 497 1763 526 Lucensi.
1790 496 1887 526 Lecta
1904 504 2014 526 coram
2030 495 2125 526 001115
2140 513 2187 524 -.
2206 496 2280 526 Dat.
2300 497 2363 526 Pe-

1357 548 1452 583 rusii,
1470 549 1499 578 V
1515 557 1619 579 nonas
1638 548 1793 584 octobris,
1811 557 1897 578 anno
1915 552 2039 578 octavo.
2061 560 2074 575 11

1429 731 1550 760 210⁸?

1395 792 1539 828 Episcopo
1554 792 1682 820 Cumano
1699 793 1813 820 mandat
1827 797 1981 828 quatenus,
1999 794 2023 820 si
2039 793 2094 828 ipsi
2110 793 2272 820 constiterit
2287 792 2364 820 Lan-

1359 841 1488 874 telmum‚
1515 842 1607 867 civem
1631 841 1891 874 Mediolanensem,
1917 842 1952 868 de
1976 842 2086 868 haeresi
2112 841 2290 875 infamatum,
2315 850 2364 877 per

1359 897 1465 915 annum
1487 890 1514 915 in
1534 890 1832 916 excommunicatione
1851 889 1878 916 in
1900 891 1994 924 ipsum
2012 898 2028 916 a
2046 889 2252 916 Mediolanensi
2271 890 2366 917 archi-

1361 938 1498 972 episcopo
1521 941 1549 964 et
1571 937 1708 972 episcopo
1734 937 1878 964 Laudensi
1902 938 2083 973 promulgata
2107 939 2241 971 stetisse,
2266 942 2366 965 conti-a

1361 986 1455 1020 ipsum
1472 986 1634 1012 secundum
1651 989 1757 1012 statuta
1772 986 1916 1021 generalis
1932 986 2047 1013 concilii
2063 987 2233 1021 procedens,
2250 990 2279 1013 et
2293 987 2319 1013 si
2334 995 2367 1014 se

1361 1034 1499 1060 canonice
1517 1035 1700 1069 purgaverit,
1719 1035 1853 1061 eumdem
1869 1036 1969 1069 jurare
1984 1035 2136 1070 compellat
2150 1035 2224 1070 quod
2241 1035 2367 1062 haereti-

1361 1091 1412 1110 cos
1429 1091 1484 1109 non
1501 1083 1596 1109 foveat
1613 1091 1665 1110 nec
1681 1086 1827 1119 receptet;
1840 1083 1865 1110 si
1878 1091 1943 1115 non,
1957 1084 2052 1118 ipsum
2066 1083 2245 1111 Lantelmum
2258 1083 2367 1111 nudum

1362 1140 1413 1166 per
1432 1132 1556 1166 aliquam
1577 1131 1738 1164 civitatem,
1757 1132 1849 1167 posita
1869 1131 1992 1166 corrigia
2007 1132 2083 1158 circa
2098 1132 2213 1164 00111101,
2233 1131 2368 1160 incedere

1362 1180 1477 1216 publice
1493 1180 1612 1212 faciens,
1629 1181 1664 1206 ad
1680 1181 1870 1215 praesentiam
1888 1180 1983 1207 fratris
2000 1179 2121 1207 Rolandi
2132 1202 2138 1213 ,
2155 1181 2264 1208 ordinis
2280 1180 2369 1208 Prae-

1362 1229 1531 1261 dicator-um,
1549 1229 1642 1256 eidem
1660 1229 1738 1256 fratri
1753 1237 1842 1264 super
1858 1229 1944 1256 illatis
1964 1229 2079 1264 inJuriis
2099 1229 2269 1264 pariturum,
2285 1230 2367 1258 illum

1899 732 2034 765 Pcrouse,
2053 732 2067 760 3
2080 733 2197 759 octobre
2214 732 2290 760 1234.

1362 1278 1546 1304 transmittat.
1572 1293 1604 1296 —
1630 1277 1714 1311 (Risu.
1740 1278 1788 1311 17,
1813 1278 1832 1305 f.
1859 1277 1907 1305 211
1936 1285 1978 1310 r⁰;
2002 1286 2068 1305 ann.
2086 1277 2172 1311 VIII,
2196 1286 2221 1306 c.
2245 1278 2314 1309 5237:
2335 1293 2374 1302 —--

1363 1326 1510 1354 Pommsw
1526 1326 1617 1358 9709.)

1404 1440 1416 1453 α
1444 1451 1463 1456 ..
1488 1429 1621 1466 episcopo
1648 1428 1785 1458 Cumano
1802 1429 1822 1456 ¹.
1847 1427 1992 1457 Exaltari
2016 1427 2097 1458 fides
2120 1427 2300 1458 orthodoxa
2316 1444 2365 1456 —.

1362 1481 1436 1510 Dat.
1466 1480 1612 1515 Pei-usu,
1641 1481 1670 1510 V
1697 1489 1801 1510 nonas
1829 1480 1990 1515 octobris,
2018 1481 2229 1519 pontificatus
2262 1480 2369 1510 nostri

1363 1543 1450 1564 anno
1466 1539 1589 1564 octavo.
1612 1546 1624 1560 »

1435 1718 1552 1748 2108

1400 1779 1524 1805 Johanni
1553 1779 1667 1812 Donati,
1691 1781 1829 1806 canonico
1855 1779 1995 1813 Pratensi,
2021 1780 2136 1806 mandat
2159 1783 2312 1815 quatenus,
2335 1794 2372 1801 —

1364 1837 1428 1855 cuin
1462 1828 1649 1855 pistoriensis
1679 1828 1849 1864 episcopus,
1875 1829 1920 1855 cui
1947 1829 2009 1862 ipse
2035 1837 2107 1863 papa
2135 1828 2319 1855 mandaverat
2339 1831 2371 1856 ut

1365 1877 1504 1909 Guidoni,
1532 1877 1669 1903 canonico
1694 1877 1823 1907 Lucano,
1855 1877 1963 1904 faceret
1989 1886 2004 1903 a
2027 1881 2163 1912 quattuor
2187 1877 2370 1905 monasteriis

1364 1929 1420 1951 tam
1437 1925 1581 1960 exemptis
1600 1934 1684 1960 quam
1707 1934 1762 1952 non
1781 1925 1926 1960 exemptis
1949 1926 1974 1951 in
2003 1925 2188 1958 Pistoriensi,
2215 1925 2326 1952 Lucana
2341 1928 2371 1952 et

1366 1973 1528 2000 Florentina
1558 1974 1743 2001 dioecesibus
1772 1975 1956 2006 constitutis,
1985 1975 2010 2000 in
2037 1983 2131 2000 annua
2157 1975 2295 2006 pensione
2319 1974 2371 2001 tri-

1364 2023 1442 2056 ginta
1466 2022 1585 2049 duarum
1614 2022 1748 2049 librarum
1774 2023 1936 2049 lucensium
1965 2031 2056 2057 usque
2080 2022 2114 2048 ad
2140 2022 2371 2057 quinquennium

1363 2071 1447 2097 annis
1469 2071 1594 2105 singulis
1617 2071 1776 2106 provideri,
1803 2072 1934 2098 abbatem
1956 2075 1985 2098 et
2007 2074 2179 2098 conventum
2204 2070 2370 2098 monaster-ii

1364 2118 1486 2146 Sanctae
1508 2119 1657 2146 Trinitatis
1682 2119 1773 2146 Vallis
1794 2119 1973 2154 Umbrosae‚
2000 2119 2179 2146 Florentinae
2208 2119 2368 2152 dioecesis,

1362 2167 1395 2193 ad
1421 2168 1627 2202 providendum
1651 2169 1798 2195 annuatim
1823 2169 1917 2195 eidem
1943 2169 2047 2195 clerico
2071 2169 2096 2194 in
2121 2172 2186 2195 octo
2206 2169 2286 2195 libris
2309 2175 2370 2195 mo-

1363 2220 1445 2242 netae
1473 2217 1634 2250 praedictae
1659 2225 1750 2251 usque
1776 2217 1810 2243 ad
1836 2218 1989 2243 terminum
2017 2221 2212 2251 praetaxatum
2238 2216 2368 2252 praedio-

1362 2269 1454 2291 tarum
1472 2266 1629 2293 litterarum
1645 2267 1816 2292 auctoritate
1833 2266 2006 2300 compellere
2024 2267 2173 2298 niteretur,
2193 2269 2236 2299 et,
2258 2265 2368 2292 eisdem

1361 2313 1464 2339 abbate
1487 2318 1515 2340 et
1537 2317 1681 2340 conventu
1707 2314 1935 2348 proponentibus
1955 2314 2048 2349 quod,
2075 2322 2140 2341 cuin
2162 2314 2234 2349 ipsis
2255 2323 2271 2340 a
2293 2313 2369 2340 Sede

1362 2361 1530 2396 Apostolica
1552 2361 1657 2388 fuisset
1680 2361 1821 2388 indultum
1844 2365 1874 2388 ut
1894 2370 1949 2388 non
1971 2362 2098 2388 valerent
2117 2362 2251 2388 obtentae
2270 2365 2369 2388 contra

1362 2409 1440 2444 ipsos
1467 2409 1591 2442 litterae,
1614 2410 1669 2436 nisi
1693 2409 1831 2436 facientes
1853 2409 1888 2436 de
1910 2410 2038 2444 ipsorum
2061 2410 2160 2436 ordine
2182 2410 2367 2444 mentionem,

1363 2466 1413 2492 per
1431 2458 1583 2491 jamdictas
1607 2459 1725 2491 litteras,
1748 2459 1776 2485 in
1797 2458 1904 2493 quibus
1925 2458 1960 2484 de
1980 2459 2079 2485 ordine
2099 2459 2163 2493 ipso
2185 2459 2291 2486 mentio
2312 2467 2368 2486 non

1362 2506 1457 2539 fiebat,
1471 2507 1627 2541 procedere
1638 2507 1712 2533 idem
1728 2507 1885 2542 episcopus
1900 2511 1999 2533 eontra
2015 2508 2094 2542 ipsos
2111 2515 2164 2534 nec
2179 2507 2301 2534 debebat
2317 2515 2369 2534 nec

1363 2559 1482 2589 poterat,
1501 2556 1645 2590 praefatus
1661 2557 1819 2590 episcopus
1835 2556 1918 2582 talem
1935 2556 2135 2590 exceptionem
2152 2555 2301 2582 admittere
2315 2555 2368 2582 de-

1363 2607 1508 2637 negasset,
1532 2606 1647 2638 propter
1664 2603 1740 2638 quod
1764 2603 1817 2638 ipsi
1842 2603 1930 2630 abbas
1953 2607 1981 2630 et
2004 2608 2165 2630 conventus
2179 2603 2367 2638 apostolicam

1361 2652 1535 2678 audientiam
1554 2652 1782 2686 appellaverant,
1805 2667 1838 2671 —
1858 2652 1995 2686 quidquid
2017 2655 2082 2687 post
2096 2652 2225 2687 ipsorum
2241 2652 2368 2687 appelta-

1361 2701 1467 2726 tionem
1493 2700 1633 2726 invenerit
1662 2704 1850 2732 attentatum,
1876 2701 1903 2727 in
1934 2704 2040 2727 statum
2066 2700 2193 2727 debitum
2221 2701 2365 2733 revocet&

1836 1718 1972 1751 90101150,
1990 1718 2022 1745 24
2039 1718 2204 1753 septembre
2222 1718 2298 1745 ¹234.

1393 2813 1412 2836 1.
1435 2813 1598 2837 ΡοΊ-’111Λ51ε
1617 2816 1756 2838 Comensi.
1772 2814 1869 2842 Quetlc
1883 2821 1935 2844 que
1950 2815 2003 2838 soit
2017 2815 2042 2838 la
2056 2815 2142 2838 forme
2158 2813 2284 2845 adopteo,
2300 2814 2367 2838 c'est

1361 2864 1424 2880 sans
1440 2864 1530 2880 aucun
1545 2858 1629 2881 doute
1642 2858 1765 2888 l'echue
1781 2859 1814 2882 de
1828 2858 1912 2882 Come
1925 2858 2065 2888 (Ubertus)
2079 2859 2126 2889 qui
2140 2861 2180 2882 est
2193 2858 2228 2882 ici
2242 2857 2364 2889 designe.

1391 2900 1413 2924 ’2.
1432 2901 1474 2924 00
1495 2902 1525 2924 lit
1545 2902 1613 2925 dans
1634 2903 1658 2926 te
1678 2902 1805 2933 Registre
1824 2909 1829 2926 .’
1852 2903 2021 2926 inveneritis
2041 2905 2066 2926 et
2089 2904 2236 2932 revocetis,
2257 2905 2297 2932 et,
2317 2907 2366 2932 par

1361 2949 1470 2974 contre,
1488 2947 1623 2970 remittas,
2345 2947 2348 2953 ’

2466 2904 2473 2912 ⁸
2474 2820 2478 2826 ι

2478 3166 2494 3193 ’·
2476 2968 2498 3152 ιώ-
2486 2898 2498 2951 ae.·-
2490 2821 2498 2885 ...-.
2487 2759 2498 2787 ι..
