2498 3242
185 281 243 312 669
1059 272 1240 309 SIXIEME
1261 279 1422 310 ANNEE.
2239 279 2296 310 670

187 346 325 381 religiosi,
339 346 453 381 abjecto
469 353 590 380 prorsus
606 345 756 380 religionis
771 345 880 376 habitu,
898 345 1071 372 monasteria
1087 345 1199 371 exirent

185 398 216 422 et
235 395 344 430 iniquis
363 394 604 430 persuasionibus
622 394 789 430 deciperent
808 394 966 430 simplices,
982 398 1082 421 contra
1099 394 1152 421 hos
1172 396 1201 420 et

185 443 309 470 clericos
323 443 488 470 saeculares
509 444 536 470 in
559 443 720 470 minoribus
740 443 890 470 ordinibus
911 444 1087 470 constitutos
1106 450 1139 469 ac
1158 442 1200 468 hi-

183 500 295 527 gamos,
310 491 494 519 sacerdotum
507 491 633 518 officium
652 496 838 526 usurpantes,
854 493 1025 519 auctoritate
1041 491 1199 526 apostolica

185 541 353 576 procedant.
369 555 404 560 —
419 540 504 574 (Rea.
524 541 566 574 16,
583 541 602 568 t.
622 541 670 568 105
686 548 730 572 v⁰;
747 549 815 569 ann.
828 540 877 573 VI,
890 549 916 568 c.
929 540 994 573 373;
1007 555 1040 561 -—
1054 540 1200 567 Porrnttsr

185 588 280 622 9126.)

229 703 241 717 «
259 692 421 721 Fratribus
443 692 563 721 ordinis
584 692 815 721 Predicatorum
839 693 872 721 in
894 692 1014 721 Ruscia.
1040 691 1084 720 Ex
1107 694 1198 728 parte

185 748 294 774 vestra
312 762 360 773 —.
381 745 454 774 Dat.
477 744 644 781 Anagnie.
670 744 781 774 idibus
804 744 930 774 martii.
951 752 1038 773 anno
1061 747 1162 773 sexto.
1183 754 1195 769 >2

262 942 379 971 ¹182

223 1003 400 1039 Praeposito,
430 1003 540 1031 decano
568 1008 596 1031 et
626 1004 751 1039 capitulo
782 1003 1057 1030 I‘adeburnensibus
1083 1002 1199 1029 mandat

184 1057 330 1087 quatenus
355 1052 512 1080 Henricum
536 1053 684 1087 clericum,
707 1052 939 1080 padeburnensis
960 1052 1113 1086 dioecesis,
1137 1052 1197 1086 qui,

184 1102 233 1128 diu
251 1102 434 1129 scholasticis
450 1101 612 1137 disciplinis
634 1101 785 1135 insistens,
809 1102 897 1128 muita
917 1101 952 1128 de
967 1101 1094 1136 paternis
1114 1101 1198 1127 bonis

186 1149 360 1184 expendisse
376 1150 535 1181 dicebatur,
549 1153 577 1176 et
593 1150 620 1176 in
637 1150 759 1177 seientia
774 1149 954 1176 laudabiliter
970 1149 1138 1184 profecisse,
1156 1157 1200 1175 rc-

184 1198 294 1233 cipiant
305 1199 331 1225 in
345 1199 516 1225 canonicum
529 1202 556 1225 et
569 1199 683 1225 fratrem
698 1198 781 1232 eique
793 1197 982 1232 praebendam
995 1198 1152 1224 conferant.
1164 1212 1199 1218 -

187 1246 270 1279 (REGI
292 1247 366 1277 16,1”,
387 1246 434 1273 106
452 1253 574 1280 1ὀ;111111.
592 1246 644 1281 VI,
661 1254 688 1274 c.
705 1247 779 1279 374.)

758 942 884 976 Anagni,
904 942 934 968 15
953 949 1030 967 mars
1048 941 1124 968 1233.

228 1360 240 1374 «
265 1371 283 1376 ..
304 1349 470 1385 preposito,
492 1370 511 1376 ..
539 1348 650 1377 decano
679 1352 705 1376 et
735 1348 870 1385 capitulo
902 1347 1194 1376 Pactebwnmsitms.

184 1400 336 1430 Scientes
355 1408 414 1430 nos
431 1399 614 1430 secundum
630 1416 678 1428 —.
696 1400 770 1429 Dat.
790 1404 826 1429 ut
842 1408 952 1438 supra.
973 1411 986 1425 n

256 1591 376 1619 1183

214 1653 383 1688 Maguntino
399 1657 428 1681 et
439 1653 538 1680 Sancti
550 1653 649 1681 Severi
660 1654 695 1681 de
707 1654 857 1681 Herfordia
869 1654 1052 1689 praepositis,
1070 1658 1098 1681 et
1110 1655 1197 1681 scho-

180 1702 281 1728 lastico
304 1702 473 1736 Maguntino
494 1703 608 1729 mandat
629 1706 773 1737 quatenus
794 1707 929 1729 moneant
950 1703 1063 1730 fratrem
1091 1703 1197 1729 Danie—

181 1750 254 1783 lem,
279 1751 390 1777 ordinis
416 1750 660 1784 Pracdicatornm,
687 1751 883 1786 praepositum
913 1751 1138 1778 Herfordensem
1169 1754 1198 1778 et

182 1799 356 1831 Rodultum,
379 1800 532 1834 plebanum
556 1800 590 1826 de
610 1800 754 1835 Vipeehe,
772 1800 960 1835 Maguntinae
976 1800 1130 1830 dioecesis,
1147 1801 1197 1834 qui

180 1846 357 1876 Conradum.
375 1849 528 1883 plebanum
545 1849 686 1876 ecclesiae
703 1848 738 1874 de
754 1848 898 1883 Chimera,
911 1849 945 1875 ab
961 1849 1054 1875 officio
1070 1857 1197 1883 suspen-

182 1896 294 1930 derant,
310 1900 338 1922 et
355 1897 382 1923 in
397 1905 462 1923 eum
478 1897 789 1924 excommunicationis
804 1897 976 1923 sententiam
994 1897 1197 1932 promulgave-

183 1949 262 1975 rant,
286 1949 334 1978 ut,
357 1945 519 1979 praedictas
548 1945 709 1972 sententias
734 1945 912 1977 relaxantes,
937 1945 1030 1972 eidem
1056 1945 1197 1971 beneficia

184 2001 238 2019 sua
255 2001 320 2020 cum
344 1993 487 2020 fructibus
508 1994 654 2028 perceptis
676 2002 711 2020 ex
732 1994 775 2020 eis
798 1994 960 2020 restituant.
979 2008 1015 2014 —
1042 1993 1124 2025 (Rea.
1150 1994 1196 2028 16,

184 2042 204 2069 l.
228 2042 277 2069 106
299 2047 340 2076 νος
357 2050 424 2069 ann.
442 2041 500 2076 VI,
517 2050 543 2070 e.
560 2042 625 2072 375:
643 2058 676 2062 —
694 2042 841 2070 ΡοττΗΑετ
857 2042 947 2075 9120.)

758 1593 886 1627 Anagni,
907 1593 933 1618 11
953 1600 1029 1619 mars
1045 1591 1124 1619 1‘233.

229 2157 241 2170 ιι
263 2167 281 2172 ..
299 2145 481 2181 ,llaqttntino
499 2149 524 2173 et
541 2167 560 2172 ..
583 2145 690 2173 Sancti
705 2144 808 2173 Severi
826 2144 860 2173 (Ie
874 2144 1046 2180 Hersordia.
1068 2145 1198 2181 ,itaqua-

187 2198 251 2225 tine
267 2197 401 2232 diocesis,
420 2198 591 2234 prepositis,
611 2201 636 2226 et
655 2220 676 2225 ..
693 2198 848 2226 scolastico
862 2198 1055 2234 Magyantino.
1073 2197 1199 2227 Conra-

186 2249 264 2283 dns,
282 2249 444 2288 plebanus
467 2249 606 2279 ecclesie
625 2267 673 2278 —.
695 2250 768 2279 Dat.
786 2250 955 2288 Anagnie,
974 2250 1002 2279 V
1017 2249 1092 2279 idus
1111 2259 1199 2279 mar-

187 2303 234 2331 tii.
255 2311 342 2332 anno
360 2307 462 2333 sexto.
483 2314 495 2328 ι)

259 2494 377 2522 1184

223 2556 404 2583 patriarchae
413 2555 742 2590 Constantinopolitano,
756 2556 941 2590 Apostolicae
954 2555 1038 2582 Sedis
1050 2556 1153 2591 legato,
1163 2569 1199 2576 -

184 2613 250 2632 cum
269 2604 436 2638 Hionorius]
452 2613 523 2639 papa
543 2604 707 2640 imperatori
723 2604 1042 2640 Constantinopolitano
1061 2612 1199 2639 praescn-

184 2653 262 2680 tandi
288 2653 469 2688 praepositos
484 2653 518 2679 ad
541 2654 657 2688 triginta
676 2653 749 2680 duas
766 2653 904 2680 ecclesias
916 2654 1005 2688 partis
1023 2652 1197 2679 Francorum

185 2702 311 2728 civitatis
327 2701 663 2736 Constantinopolitanae
674 2703 872 2729 concessisset
883 2702 1058 2735 facultatem,
1074 2709 1199 2736 cumque

187 2751 261 2777 idem
279 2752 442 2785 imperator,
460 2754 506 2782 et,
524 2754 642 2777 vacante
658 2750 796 2785 imperio,
817 2751 882 2785 ejus
899 2750 1003 2785 bajuli,
1022 2750 1199 2784 patriarchae

183 2801 260 2833 jure,
275 2799 308 2825 ad
321 2807 406 2833 quem
420 2800 650 2834 praepositorum
664 2799 807 2826 institutio
819 2799 991 2834 pertinebat,
1003 2799 1120 2825 omnino
1131 2806 1200 2825 con-

187 2852 306 2883 tempto,
322 2856 372 2874 eos
382 2849 409 2875 in
422 2848 554 2875 ecclesiis
565 2848 750 2875 instituerent
761 2847 947 2882 supradictis,
958 2863 991 2867 —
1006 2847 1118 2874 mandat
1130 2856 1201 2882 qua-

188 2901 285 2927 tenus.
301 2897 405 2923 amotis
418 2897 588 2932 praepositis
601 2897 650 2931 qui
666 2905 716 2932 per
727 2898 928 2931 imperatorem
944 2899 973 2923 et
983 2895 1077 2922 dictos
1089 2895 1202 2930 bajulos

188 2945 313 2972 instituti
331 2945 365 2971 de
380 2949 476 2973 cetero
493 2946 599 2972 suerint
616 2946 643 2972 in
661 2945 794 2972 ecclesiis
809 2944 995 2980 supradictis,
1011 2952 1061 2972 eas
1077 2944 1122 2971 illa
1138 2944 1201 2971 vice

760 2494 886 2529 Anagni,
907 2494 935 2520 11
953 2502 1029 2520 mars
1048 2493 1123 2521 1‘233.

1283 346 1345 380 ipse
1359 345 1393 371 de
1409 346 1540 380 personis
1552 345 1663 372 idoneis
1677 345 1792 372 studeat
1803 344 1946 371 ordinare.
1960 359 1993 365 —-
2005 344 2088 374 (Rae.
2102 344 2144 376 16,
2157 345 2175 376 s,
2190 345 2239 372 106
2255 353 2294 380 νος

1282 402 1349 421 ann.
1367 393 1418 425 Vl,
1437 402 1462 421 c.
1480 394 1552 427 376.)

1324 506 1337 521 «
1358 495 1571 532 ..patriarche
1594 495 1946 532 Constantinopolitano,
1966 496 2130 532 :lpostolice
2147 495 2231 525 Sentis
2253 496 2296 524 le-

1281 553 1358 585 ynto.
1381 548 1464 578 Cum
1481 547 1582 577 Sedes
1599 547 1789 585 Apostoliea
1804 565 1852 576 —.
1874 548 1946 577 Dat,
1970 548 2138 583 Anagnia.
2165 548 2196 577 II
2219 548 2295 578 idus

1282 600 1405 634 martii,
1424 608 1511 630 anno
1527 604 1629 630 sexto.
1650 612 1662 626 n

1355 779 1474 808 1185

1318 841 1408 868 Priori
1420 841 1677 868 Grandimontensi
1691 841 1806 867 mandat
1818 843 1961 875 quatenus
1972 840 2161 874 quorumdam
2176 840 2295 868 fratrum

1281 890 1552 917 Grandimontensis
1568 890 1677 917 ordinis
1699 897 1859 924 excessus,
1877 898 1932 915 non
1956 889 2088 915 obstante
2109 889 2226 915 frivolae
2245 897 2297 924 ap-

1282 939 1442 973 pellationis
1458 939 1573 974 objectu
1586 960 1592 970 ‚
1610 938 1643 965 ad
1664 947 1749 973 quam
1766 946 1798 965 se
1819 938 2024 965 convertebant
2046 937 2080 963 ad
2102 937 2296 972 effugiendam

1280 987 1473 1023 disciplinam,
1490 987 1626 1022 corrigat.
1642 1002 1674 1006 —
1691 986 1776 1020 (Res.
1795 986 1836 1018 16,
1854 986 1872 1013 f.
1891 985 1940 1013 106
1957 993 2002 1019 v⁰;
2019 994 2086 1013 ann.
2107 985 2158 1020 VI,
2176 994 2202 1012 c.
2220 986 2295 1019 377.)

1877 778 2003 812 Anagni,
2021 777 2037 805 8
2053 786 2129 804 mars
2148 777 2223 805 1233.

1323 1102 1336 1117 «
1364 1113 1382 1118 ..
1407 1090 1509 1127 priori
1533 1089 1818 1123 Grandiniontensi,
1846 1089 2064 1117 Lenzouicensis
2086 1088 2220 1117 diocesis.
2249 1088 2295 1117 Ex

1283 1148 1373 1180 parte
1402 1147 1521 1172 tua-.
1546 1143 1619 1171 Dat.
1646 1141 1814 1179 Anagnie,
1841 1141 1923 1170 VIII
1948 1140 2023 1170 idus
2050 1140 2177 1170 martii.
2207 1148 2295 1169 anno

1282 1199 1384 1225 svxto.
1407 1207 1419 1221 n

1357 1373 1377 1400 1
1389 1372 1473 1401 186
1876 1371 2003 1404 Anaeni,
2021 1372 2034 1397 't'
2051 1378 2127 1397 mars
2144 1370 2222 1397 12:323.

1317 1436 1345 1463 J.
1362 1440 1390 1462 et
1402 1435 1449 1466 H.‚
1462 1435 1685 1468 archidiaconis,
1700 1438 1728 1460 et
1744 1434 1883 1469 magistro
1894 1434 2007 1467 0111111111
2026 1433 2060 1459 tle
2076 1432 2228 1466 Garianda,
2248 1441 2294 1459 ca-

1281 1485 1385 1511 nonico
1403 1484 1627 1516 Paristensibus,
1639 1483 1753 1510 mandat
1763 1482 2078 1517 quatenusJohannem
2089 1482 2197 1508 dictum
2209 1481 2291 1514 Saaz,

1281 1533 1492 1560 latiniacensis
1505 1533 1672 1559 monasterii
1689 1532 1878 1564 monachum,
1895 1532 1944 1565 qui
1962 1532 2028 1557 olim
2043 1531 2077 1557 ab
2094 1531 2187 1566 ipsius
2200 1530 2295 1557 admi-

1281 1582 1451 1609 nistratione
1470 1585 1584 1608 amotus
1608 1582 1714 1614 suerat,
1731 1584 1759 1607 et
1779 1580 1825 1607 cui
1847 1580 1985 1615 quaedam
2008 1579 2112 1606 domus
2127 1583 2154 1605 et
2175 1587 2295 1614 posses-

1280 1632 1379 1658 siones
1395 1631 1463 1657 dicti
1475 1630 1606 1657 coenobii
1618 1630 1742 1662 fuerant,
1755 1632 1787 1656 ut
1801 1629 1958 1659 asserebat,
1972 1628 2006 1654 ad
2023 1629 2108 1655 vitam
2125 1636 2208 1655 suam
2224 1637 2295 1655 con-

1280 1688 1390 1711 c‹·ssae,
1415 1682 1530 1713 cogant,
1559 1687 1623 1705 cum
1649 1678 1801 1705 inhoneste
1828 1678 1947 1711 viveret,
1973 1681 2004 1704 ut
2026 1677 2117 1704 dictas
2140 1677 2242 1704 domos
2267 1681 2296 1704 et

1280 1728 1484 1763 possessiones
1508 1728 1682 1754 monasterio
1704 1730 1877 1758 memorato,
1899 1729 1928 1752 et
1948 1726 2094 1761 proprium
2112 1727 2139 1752 in
2161 1726 2296 1753 manibus

1279 1778 1392 1804 abbatis
1417 1777 1627 1803 Latiniacensis
1652 1776 1794 1810 resignet,
1816 1777 1844 1802 in
1868 1775 2019 1802 utilitatem
2041 1775 2108 1801 dicti
2127 1774 2294 1801 monasterii

1279 1826 1523 1857 convertendum,
1551 1829 1578 1852 et
1601 1825 1790 1852 nihilominus
1819 1824 1854 1851 ad
1882 1824 2041 1851 claustrum
2071 1832 2156 1850 suum
2181 1823 2293 1855 redeat,

1279 1875 1334 1901 sub
1350 1875 1462 1901 abbatis
1478 1875 1571 1909 ipsius
1587 1874 1750 1900 obedientia
1767 1877 1942 1900 moraturus.
1955 1887 1988 1891 ——
2004 1872 2087 1905 (Rae.
2104 1872 2144 1903 16,
2162 1872 2181 1899 s.
2198 1872 2244 1898 107
2258 1879 2292 1902 r⁰;

1280 1932 1347 1951 ann.
1365 1922 1415 1952 VI.
1433 1931 1459 1950 c.
1475 1923 1549 1956 378.)

1325 2026 1379 2054 «J.
1399 2030 1425 2053 et
1444 2025 1491 2053 H..
1514 2023 1760 2057 archidiaconis,
1782 2027 1807 2052 et
1830 2023 1978 2059 niaqistm
2003 2022 2032 2051 0.
2061 2023 2095 2051 de
2120 2021 2291 2056 Garianda,

1281 2079 1429 2108 canonico
1452 2077 1689 2106 Parisiensibzts.
1719 2075 1875 2114 Exposita
1900 2075 1995 2104 nohis
2019 2074 2131 2103 dilecti
2147 2091 2196 2102 -.
2218 2075 2293 2103 Dat.

1283 2130 1445 2167 Anas-mie.
1464 2129 1561 2159 nonis
1579 2129 1702 2159 martii.
1719 2138 1806 2158 anno
1822 2133 1923 2158 sexto.
1944 2140 1957 2153 u

1877 2313 2004 2347 Anagni,
2021 2311 2036 2339 8
2052 2319 2128 2338 mars
2146 2311 2222 2338 1‘233.

1355 2316 1469 2345 ¹182

1319 2379 1461 2415 Episcopo
1476 2377 1663 2404 Noviomensi
1679 2384 1796 2403 causam
1813 2376 1968 2402 committit
1982 2374 2206 2406 Bartholomaei‚
2223 2374 2296 2401 civis

1281 2427 1496 2458 Noviomensis,
1509 2426 1558 2460 qui
1575 2434 1607 2452 ea
1623 2424 1794 2451 condicione
1810 2425 1838 2451 in
1855 2423 2030 2450 monasterio
2048 2422 2212 2456 Ursicampi
2230 2429 2296 2456 pro-

1280 2478 1378 2504 fessus
1401 2476 1509 2506 suerat,
1532 2474 1608 2509 quod
1632 2473 1726 2509 ipsius
1750 2482 1822 2500 uxor
1846 2473 1873 2499 in
1896 2473 2012 2499 saecuto
2035 2480 2090 2498 non
2114 2471 2295 2504 remanserit,

1279 2530 1347 2551 voto
1371 2524 1564 2551 continentiae
1590 2523 1708 2549 emissa.
1731 2536 1768 2542 —
1788 2521 1871 2556 (Rae.
1897 2521 1936 2551 16,
1963 2521 1982 2547 f.
2005 2520 2051 2547 1οῖ
2080 2526 2122 2553 r⁰;
2148 2527 2215 2546 ann.
2242 2518 2294 2550 VI,

1279 2583 1305 2601 c.
1323 2574 1390 2606 379;
1409 2588 1442 2593 —-
1458 2572 1578 2600 Momm
1598 2572 1675 2606 1187,
1693 2571 1712 2598 f.
1729 2571 1803 2603 461.)

1324 2688 1337 2703 ι(
1364 2699 1383 2704 ..
1407 2676 1541 2713 episcopo
1570 2674 1775 2703 Noriomrnsi.
1805 2670 2099 2708 B211·tli[oloinmls].
2130 2668 2295 2707 quondam

1281 2729 1364 2759 rivis
1381 2727 1634 2758 Noviomensis.
1654 2727 1686 2755 in
1710 2730 1821 2755 nostra
1842 2723 2012 2763 proposuit
2033 2722 2199 2761 presentia
2217 2730 2295 2751 con-

1282 2782 1420 2812 stitutus
1437 2781 1538 2820 quod,
1558 2789 1630 2809 runi
1648 2780 1735 2809 idom
1753 2778 1848 2812 011111,
1869 2776 1971 2806 nimia
1988 2775 2134 2813 corporis
2153 2773 2296 2803 infirmi-

1284 2839 1349 2864 tate
1366 2838 1537 2871 gravatus,
1558 2833 1748 2871 deportatus
1765 2831 1805 2861 ad
1828 2829 2066 2859 monasterium
2088 2827 2292 2865 I‘rsiranipi,

1283 2886 1518 2917 Cisterciensis
1537 2885 1679 2915 ordinis.
1698 2884 1848 2913 habitum
1866 2881 2038 2919 roligionis
2059 2879 2296 2918 assumpsisset.

1284 2939 1419 2970 ibidem.
1444 2939 1510 2977 [ab]
1536 2947 1636 2968 uxore
1661 2946 1719 2967 sun
1744 2945 1808 2966 non
1832 2935 1954 2965 emisso
1976 2938 2050 2963 voto
2073 2932 2293 2966 continentie,
