2498 3242
135 328 192 360 537
1006 320 1188 358 Sixmiffl
1210 320 1370 358 ANNEE.
2188 328 2245 360 538

131 398 179 430 ut,
195 394 288 425 vobis
304 394 518 424 manentibus
535 394 582 423 sic
605 393 734 431 ligatis,
754 393 855 423 iidem
877 393 967 423 nulla
984 393 1092 431 palam
1113 393 1147 422 in

133 446 248 477 eadem
264 446 404 477 ecclesia
417 446 531 476 divina
542 446 650 476 officia
662 445 880 476 celebrarent,
895 445 1045 484 aliasque
1061 445 1148 484 ipsos

135 499 292 538 gravibus
308 499 520 529 contumeliis
537 504 568 530 et
580 499 715 538 injuriis
729 499 943 529 lacescentes.
959 508 1013 528 eos
1026 498 1149 527 ibidem

136 561 201 582 non
217 552 411 591 permittitis
427 552 563 590 pacilice
580 552 793 583 commorari,
812 552 907 591 quasi
925 550 1151 590 conjuraveri-

136 605 179 635 tis
199 605 233 634 in
257 605 509 635 subversionem
529 604 754 635 ecclesiastice
778 605 954 635 libertatis.
979 605 1028 634 Ne
1050 604 1152 640 igitur

135 661 326 696 exaspcrate
357 658 473 688 matris
503 658 713 688 maledictio.
744 657 914 687 domorum
945 658 1152 695 ingratorum

135 709 281 741 filiorum
296 710 513 741 fundamenta
530 720 768 750 conquassans,
787 711 821 740 in
838 720 895 740 vos
912 710 1028 740 cadere
1045 710 1153 739 videa-

137 767 202 799 tur,
227 772 326 803 quam
347 773 384 793 ex
407 768 560 802 precepto
576 764 688 793 divine
710 763 794 801 legis
811 764 974 793 honorare
992 762 1153 793 tenemini

139 820 206 847 tot-o
222 826 335 855 posse,
360 817 614 847 universitatem
637 822 781 847 vestram
804 826 977 847 monemus
994 821 1022 847 et
1041 816 1153 846 horta-

138 879 213 900 mur
229 874 364 906 attente,
383 880 440 909 per
456 870 634 909 apostolica
650 871 743 901 vobis
760 870 881 909 scripta
898 870 1038 899 tirmiter
1052 869 1153 908 preci-

138 923 259 962 piendo
275 923 471 953 mandantes
483 928 659 963 quatenus.
677 933 694 953 a
709 924 890 962 prenotatis
904 922 1154 960 gravaminibus

139 980 171 1006 et.
190 975 353 1006 molestiis
372 976 595 1015 predictorum
618 977 889 1015 archipresbiteri
911 981 940 1005 et
959 975 1154 1005 clericorum

139 1029 275 1059 omnino
300 1034 481 1066 cessantes,
508 1030 597 1068 ipsos
618 1030 657 1060 de
678 1034 787 1060 cetero
807 1030 842 1060 in
865 1029 980 1059 eadem
1001 1028 1152 1061 ecelesia,

137 1082 229 1121 juxta
247 1082 440 1112 mandatum
456 1082 604 1122 ejusdem
621 1082 783 1121 episcopi,
800 1082 902 1112 immo
923 1086 1083 1111 nostrum.
1102 1090 1156 1111 cc-

138 1135 268 1166 lebrare
294 1135 405 1165 divina
430 1140 460 1165 et
488 1135 609 1174 populo
630 1135 693 1166 loci
717 1135 836 1174 prefati
863 1135 1019 1165 exhibere
1045 1144 1156 1164 sacra-

137 1192 248 1218 menta
265 1188 411 1227 predicta
431 1189 502 1219 sine
525 1188 786 1219 contradictione
809 1188 918 1227 aliqua
941 1188 1153 1226 permittatis,

137 1245 233 1280 prout
250 1241 374 1271 ibidem
389 1241 575 1280 antiquitus
588 1241 660 1271 fieri
673 1241 856 1271 consuevit.
870 1240 1028 1279 Alioquin
1043 1244 1155 1270 contra

137 1302 196 1323 vos
218 1293 439 1332 spiritualiter
459 1298 490 1324 et
512 1293 738 1332 temporaliter
759 1293 1014 1331 aggravabimus
1037 1302 1156 1323 manus

139 1350 282 1377 nostras.
304 1347 378 1376 Dat.
401 1346 569 1384 Anagnie,
592 1347 674 1376 VIII
697 1345 857 1376 kalendas
883 1345 1044 1380 octobris,
1070 1354 1156 1375 anno

141 1403 243 1430 sexto.
263 1410 277 1425 »

180 1647 405 1681 Amhidiacmo,
417 1651 445 1674 et
456 1647 492 1675 G.
507 1651 536 1674 et
549 1648 585 1674 A.
603 1647 760 1681 Guillelmi,
773 1648 921 1674 canonicis
933 1647 1158 1683 Baionmsibus,

145 1695 260 1723 mandat
275 1701 429 1731 quatenus,
447 1704 513 1723 cum
526 1696 562 1724 R.
579 1695 706 1730 Geraldi,
724 1696 876 1731 presbyter
891 1695 1015 1723 Sanctae
1031 1696 1109 1723 Fidis
1125 1696 1160 1723 de

144 1744 268 1778 Aiossa,
294 1754 309 1771 a
338 1745 513 1780 quibusdam
540 1745 679 1772 militibus
705 1744 855 1780 Aquensis
882 1745 1027 1772 dioecesis
1056 1750 1160 1780 captus

144 1798 173 1822 et
194 1795 336 1830 spoliatus
357 1794 444 1822 rebus
465 1795 529 1822 suis
550 1795 665 1829 suisset,
690 1795 860 1829 episcopum
883 1794 1070 1829 Aquensem,
1092 1795 1159 1828 qui,

144 1842 278 1869 eumdem
294 1850 384 1877 super
402 1842 458 1869 boc
474 1842 573 1869 audire
595 1850 651 1868 non
667 1850 784 1875 curans,
803 1850 858 1868 non
875 1842 971 1868 solum
987 1842 1159 1868 beneficium

144 1882 221 1925 quod
241 1890 316 1917 idem
335 1890 371 1918 R.
393 1890 421 1917 in
445 1891 540 1925 ipsius
564 1890 698 1917 manibus
720 1891 936 1925 resignaverat,
959 1890 1099 1924 repetenti
1121 1890 1160 1916 illi

144 1939 298 1966 restituere
314 1940 453 1970 noluerat,
467 1947 566 1966 verum
578 1940 663 1966 etiam
682 1939 716 1965 A.
736 1939 851 1973 clerico,
867 1943 991 1973 cognato
1009 1940 1097 1965 unius
1113 1939 1163 1965 mi-

143 1990 226 2017 litum
245 1989 474 2026 praedictorum,
493 1989 605 2024 experti
626 1990 785 2025 cujuslibet
804 1991 943 2017 scientiae
955 2011 962 2023 ‚
983 1991 1160 2023 contulerat,

143 2039 178 2066 ad
196 2039 222 2066 id
240 2042 376 2066 moneant
392 2039 530 2065 attentius
548 2042 576 2065 et
599 2038 736 2065 inducere
753 2044 926 2074 procurent,
945 2044 990 2071 ut,
1009 2040 1162 2067 mandante

143 2089 208 2123 ipso
232 2096 320 2122 papa,
339 2088 416 2114 dicto
433 2087 604 2123 presbytero
626 2087 654 2114 in
673 2087 767 2122 aliqua
787 2088 976 2115 ecclesiarum
999 2097 1070 2115 suae
1091 2090 1163 2116 civi-

145 2137 212 2164 tatis
234 2137 278 2162 vel
298 2136 442 2163 dioecesis
459 2137 485 2163 in
508 2136 684 2171 competenti
706 2136 905 2163 ecclesiastico
922 2137 1063 2164 beneficio
1079 2138 1163 2165 saciat

146 2184 301 2220 provideri.
318 2199 355 2205 —
370 2184 457 2221 (Rus.
478 2185 518 2215 16,
542 2185 560 2212 s.
585 2184 617 2211 37
645 2190 688 2217 r0;
710 2192 776 2211 ann.
798 2184 847 2219 VI,
864 2194 890 2213 o.
914 2186 964 2219 96;
986 2201 1022 2207 —
1044 2186 1163 2214 Monam

162 2234 240 2268 1187,
257 2234 276 2261 f.
294 2234 369 2267 321.)

674 1585 801 1619 Anagni,
818 1585 857 1611 1ΘΓ
872 1585 990 1612 octobre
1007 1584 1086 1612 1232.

189 2362 202 2376 «
224 2373 243 2378 ..
260 2350 489 2383 archidiacono,
507 2350 537 2379 Gr
557 2355 582 2379 e!
598 2352 630 2379 Α.
652 2351 818 2385 Guilletmi,
838 2352 998 2380 canonicis
1014 2352 1163 2380 Britonen-

146 2403 237 2432 sibus.
267 2403 421 2441 Exposita
447 2403 542 2433 nobis
568 2404 608 2433 R.
634 2420 683 2432 -.
711 2404 785 2433 Dat.
813 2404 982 2439 Anagnie,
1010 2404 1163 2435 kalendis

146 2455 301 2489 octobris,
316 2456 530 2494 pontificatus
547 2456 651 2485 nostri
668 2464 755 2485 anno
770 2461 872 2486 sexto.
893 2469 906 2483 »

220 2642 309 2671 884

184 2695 282 2731 Sancti
299 2687 428 2731 vic-toris
446 2703 620 2731 Parisiensis
636 2703 748 2735 abbati.
767 2707 795 2730 et
811 2704 905 2731 abbati
921 2708 950 2731 et
968 2705 1054 2740 priori
1073 2704 1165 2732 Sanc-

149 2758 193 2780 tae
217 2752 382 2779 Genovefae
407 2752 581 2780 parisiensis
602 2752 718 2779 mandat.
739 2757 894 2787 quatenus,
916 2762 982 2780 cum
1007 2754 1165 2788 capitulum

150 2802 338 2836 Belvacense,
355 2810 390 2828 ex
407 2809 442 2828 eo
457 2805 574 2837 sumpta
589 2803 756 2834 occasione,
774 2802 850 2837 quod
869 2807 1070 2837 procuratores
1086 2804 1166 2838 epis-

149 2852 214 2886 copi
239 2851 427 2878 Belvacensis
449 2859 499 2885 pro
519 2851 626 2877 fabrica
649 2850 836 2878 Belvacensis
858 2851 998 2878 ecclesiae
1018 2852 1090 2886 ipsis
1107 2855 1167 2878 tre-

151 2903 252 2927 centas
266 2903 295 2926 et
310 2899 522 2934 quinquaginta
538 2899 626 2926 libras
640 2898 848 2926 Parisiensium
862 2907 917 2926 non
930 2899 1085 2934 solverant,
1100 2907 1166 2926 ces-

150 2950 270 2983 sissent,
287 2949 315 2975 in
332 2948 465 2983 ejusdem
479 2947 609 2983 episcopi
622 2947 838 2983 contumeliam,
849 2948 983 2975 adivinis
998 2949 1026 2975 in
1043 2948 1166 2975 ecclesia

153 3001 324 3031 memorata,
351 2998 432 3033 ipsos
458 3008 470 3021 n
493 2997 528 3024 ad
554 2996 728 3024 resumenda
757 3005 866 3032 organa
891 3006 943 3025 sua
969 3008 982 3021 n
1008 3001 1165 3033 cogentes,

699 2642 826 2676 Anagni,
844 2642 860 2668 6
876 2642 994 2672 octobre
1013 2642 1090 2670 1232.
1114 2671 1116 2673 ,
1164 2664 1172 2672 ,

1232 393 1350 420 audiant
1372 402 1488 420 causam
1510 397 1538 420 et
1558 393 1633 428 quod
1648 395 1762 428 justum
1779 393 1864 420 fuerit
1886 397 2022 420 statuant.
2041 409 2073 413 —
2090 394 2175 429 (Reg.
2195 394 2242 427 16,

1233 443 1253 469 s.
1270 443 1302 470 37
1320 448 1365 475 v⁰;
1382 451 1448 469 ann.
1468 441 1519 476 VI,
1537 450 1562 469 c.
1581 442 1632 476 973
1649 455 1682 462 —
1699 441 1818 468 Monam
1836 442 1915 475 1¹87,
1934 442 1952 468 s.
1971 441 2047 476 324.)

1277 557 1289 571 α
1320 567 1339 573 ..
1361 544 1468 573 Sancti
1492 544 1617 573 Victoris
1640 548 1665 572 et
1689 566 1708 571 ..
1734 543 1842 572 Sancte
1867 544 2008 581 (lt-novesr
2027 545 2197 580 abhatibus,
2220 549 2247 574 ee

1237 621 1256 626 ..
1272 598 1375 635 priori
1395 597 1504 626 Sancte
1521 596 1663 632 Genovese
1683 597 1901 634 Parisie71[sis].
1926 597 2132 633 Significavit
2151 597 2246 628 nobis

1235 649 1437 680 venerabilis
1452 667 1502 678 —.
1522 650 1595 679 Dat.
1617 649 1785 687 Anagnie,
1805 650 1836 679 ΙῘ
1854 658 1957 678 nonas
1980 650 2140 680 octobris.
2160 659 2246 681 anno

1235 707 1337 733 sexto.
1358 714 1370 729 η

1307 875 1395 903 885

1275 938 1448 964 Abbatissae
1472 940 1500 962 et
1527 936 1682 963 conventui
1710 937 1876 962 monasterii
1903 936 2000 962 Sancti
2029 936 2106 963 Xisti
2132 935 2250 962 Cremo-

1239 986 1337 1013 nensis
1355 989 1454 1012 notum
1476 985 1544 1011 facit
1559 993 1608 1017 se,
1626 993 1692 1011 cum
1715 985 1751 1011 de
1771 984 1926 1012 Calavenn.
1945 989 1973 1011 ct
1988 985 2086 1011 Sancti
2104 984 2250 1011 Eustachii

1237 1036 1371 1067 abbates,
1389 1034 1480 1061 sancti
1502 1033 1651 1061 Benedicti
1672 1033 1800 1067 ordinis,
1825 1033 1988 1060 visitatores
2009 1034 2250 1060 monasteriorum

1239 1084 1364 1111 civitatis
1384 1082 1605 1113 Cremonensis,
1623 1082 1650 1109 in
1671 1082 1796 1117 generali
1814 1083 1940 1117 capitulo
1955 1083 2121 1113 constituti,
2137 1082 2171 1109 ad
2189 1090 2251 1109 mo-

1239 1133 1396 1159 nasterium
1415 1131 1513 1158 Sancti
1531 1131 1610 1158 Xisti
1626 1131 1815 1166 personaliter
1830 1131 2018 1164 accedentes,
2034 1130 2206 1157 statuissent
2221 1133 2252 1157 ut

1239 1189 1340 1208 omnes
1364 1182 1391 1207 in
1415 1189 1470 1207 uno
1491 1180 1616 1206 dormire
1636 1180 1805 1206 dormitorio
1825 1184 1853 1206 et
1875 1180 1901 1206 in
1926 1187 1981 1206 uno
1999 1179 2148 1205 refectorio
2164 1178 2251 1205 simul

1239 1230 1390 1256 comedere
1414 1229 1568 1259 deberent,
1588 1232 1615 1255 et
1638 1229 1781 1263 quoddam
1804 1229 1924 1256 ostium.
1951 1237 2000 1262 per
2024 1228 2100 1262 quod
2124 1227 2253 1254 nonnulli

1240 1280 1423 1310 multotiens,
1443 1287 1498 1305 non
1516 1279 1578 1305 sine
1594 1286 1691 1304 earum
1711 1278 1840 1308 infamia,
1857 1278 2014 1304 claustrum
2032 1277 2176 1304 intrabant
2192 1285 2254 1304 mo-

1242 1328 1376 1359 nasterii,
1392 1327 1485 1353 claudi
1503 1326 1657 1360 fecissent,
1674 1326 1750 1361 quod
1767 1327 1802 1352 ab
1823 1326 1880 1353 illis
1900 1326 2005 1352 sactum
2023 1327 2132 1361 fuerat,
2148 1325 2255 1352 confir-

1241 1384 1327 1402 mare.
1346 1391 1379 1396 —
1395 1375 1479 1410 (Rea.
1500 1376 1541 1409 16,
1559 1375 1578 1401 f.
1596 1374 1628 1402 37
1648 1381 1693 1408 vo,
1711 1383 1778 1401 ann.
1796 1374 1893 1409 V1,c.
1910 1374 1967 1408 98.)

1726 874 1852 908 Anagni,
1868 874 1902 900 28
1919 874 2082 908 septembre
2100 874 2177 902 1²23?-

1282 1491 1295 1505 «
1316 1501 1336 1507 ..
1353 1478 1498 1507 abbatisse
1518 1485 1553 1506 ac
1575 1478 1741 1506 conventui
1760 1478 1940 1506 monasterii
1961 1477 2068 1506 Sancti
2090 1477 2166 1506 Χίειιῗ
2181 1476 2253 1505 Cre-

1240 1532 1404 1566 monensis,
1423 1531 1543 1560 ordinis
1557 1531 1658 1559 sancti
1672 1530 1834 1559 Benedicti.
1855 1528 1943 1559 Solet
1960 1538 2106 1559 annuere
2123 1532 2184 1558 etc.
2201 1543 2251 1558 -—.

1241 1586 1316 1615 Dat.
1329 1583 1492 1622 Anagnie,
1506 1584 1573 1613 IIII
1585 1582 1744 1613 kalendas
1755 1582 1909 1612 octobris.
1923 1582 2134 1620 pontificatus
2149 1580 2254 1611 nostri

1243 1647 1329 1669 anno
1346 1641 1448 1667 Sexto.
1469 1649 1481 1663 n

1314 1810 1402 1839 888

1280 1873 1396 1900 Decano
1415 1872 1553 1899 Trecensi
1573 1870 1687 1898 mandat
1703 1874 1864 1905 quatenus,
1881 1877 1946 1895 cum
1965 1868 2143 1903 Hugolinum
2161 1866 2256 1893 Bona-

1244 1926 1334 1958 parte,
1353 1925 1541 1948 mercatorem
1558 1920 1730 1953 Senensem,
1747 1919 1795 1954 qui
1812 1927 1862 1953 pro
1879 1918 2049 1952 quaestione
2065 1925 2149 1951 quam
2168 1916 2257 1942 habe-

1243 1972 1292 1998 bat
1302 1980 1368 1998 cum
1385 1992 1403 1999 ,.
1419 1970 1569 1997 comitissa
1581 1969 1723 1999 Viennae,
1736 1968 1791 1995 sub
1805 1967 1956 2002 judicibus
1971 1975 1986 1992 a
2001 1966 2075 1992 Sede
2088 1966 2257 2000 Apostolica

1243 2020 1393 2055 delegatis,
1414 2020 1449 2046 ad
1470 2019 1670 2046 Senonensem
1687 2020 1850 2044 accesserat
1874 2017 2035 2047 civitatem,
2051 2015 2201 2041 Jotmnnes
2221 2014 2256 2040 de

1244 2069 1337 2096 Boolli
1360 2073 1388 2095 et
1411 2068 1525 2103 quidam
1549 2066 1596 2093 alii
1616 2065 1784 2096 Trecensis,
1808 2065 1988 2092 Senonensis
2012 2068 2041 2090 et
2065 2063 2257 2097 Lingonensis

1244 2119 1422 2146 dioecesium
1443 2118 1471 2144 in
1494 2116 1586 2143 reditu
1608 2116 1636 2142 in
1658 2119 1746 2142 strata
1768 2114 1881 2149 publica
1900 2115 2065 2148 capientes,
2082 2112 2188 2139 tamdiu
2212 2115 2257 2138 te-

1246 2169 1379 2194 nuissent
1393 2166 1528 2193 carcerali
1544 2164 1692 2192 custodiae
1706 2164 1911 2198 mancipatum,
1924 2163 2016 2189 donec
2029 2165 2210 2188 extorserant
2221 2161 2256 2187 ab

1245 2225 1279 2243 eo
1305 2215 1457 2251 quamdam
1487 2214 1626 2249 pecuniae
1654 2213 1858 2247 quantitatem,
1884 2211 2000 2237 cosdem
2031 2210 2064 2236 ad
2095 2210 2258 2236 restitutio-

1246 2273 1311 2292 nem
1337 2264 1462 2291 debitam
1485 2263 1623 2298 pecuniae
1643 2262 1687 2288 sic
1707 2265 1836 2288 extortae
1856 2260 2018 2295 compellat.
2044 2274 2078 2280 —
2098 2259 2182 2292 (Rau.
2208 2259 2256 2293 16,

1245 2314 1266 2341 s.
1282 2313 1314 2341 37
1330 2320 1376 2345 v⁰;
1393 2321 1462 2341 ann.
1481 2311 1530 2345 VI,
1545 2320 1571 2338 c.
1588 2311 1644 2343 99.)

1796 1806 1920 1841 Anagni,
1939 1807 1953 1833 5
1970 1806 2088 1832 octobre
2106 1805 2183 1832 1232.

1288 2428 1301 2442 «
1328 2438 1348 2444 ..
1370 2415 1481 2444 decano
1504 2413 1649 2443 Trecensi.
1670 2410 1859 2449 Hugolinus
1876 2410 2079 2447 Bonaparte.
2098 2413 2260 2439 mercator

1245 2486 1295 2498 —.
1312 2469 1387 2498 Dat.
1402 2466 1566 2505 Anagnie,
1580 2466 1629 2496 III
1642 2473 1746 2495 nonas
1758 2463 1913 2494 octobris,
1927 2463 2138 2501 pontificatus
2155 2462 2260 2493 nostri

1247 2530 1334 2552 anno
1350 2525 1453 2551 sexto.
1473 2532 1486 2546 »

1318 2687 1405 2716 88¹2

1283 2749 1427 2784 Episcopo
1448 2747 1648 2774 Terracinensi
1673 2750 1772 2772 notum
1795 2745 1861 2771 facit
1888 2752 1934 2775 se,
1959 2752 2023 2770 cum
2048 2744 2114 2770 olim
2137 2744 2261 2770 ecclesia

1248 2798 1346 2825 Sancti
1362 2797 1526 2830 Quintiani,
1542 2799 1622 2821 extra
1637 2797 1766 2821 castrum
1783 2793 1944 2819 Sat-minete
1961 2796 2143 2821 constructa.
2163 2792 2259 2818 multi-

1248 2847 1360 2883 pliciter
1374 2855 1390 2872 a
1406 2845 1487 2872 laicis
1502 2848 1619 2879 gravata
1634 2847 1722 2873 esset,
1735 2849 1892 2875 eorumque
1907 2841 2039 2867 servituti
2052 2840 2197 2866 videretur
2208 2848 2261 2874 pe·-

1249 2896 1327 2923 nitus
1341 2895 1508 2929 subJugata,
1525 2894 1563 2920 ita
1579 2891 1655 2927 quod
1672 2900 1724 2917 nec
1739 2891 1863 2917 clericus
1879 2898 1931 2916 nec
1948 2890 2055 2923 laicus,
2073 2894 2189 2923 propter
2204 2889 2262 2915 sre-

1248 2948 1372 2980 quentes
1380 2947 1409 2970 et
1418 2943 1575 2970 immensas
1585 2941 1753 2967 exactiones
1762 2944 1790 2965 et
1798 2939 1851 2965 alia
1861 2946 1947 2965 onera
1955 2946 2029 2972 quae
2042 2938 2263 2972 imponebantur

1249 2993 1342 3021 eidem
1361 2992 1502 3020 ecclesiae
1513 3012 1521 3023 ‚
1537 2992 1603 3025 cJus
1619 2989 1701 3016 vellet
1718 2989 1868 3023 suscipere
1885 2987 2011 3021 regimen
2032 2990 2061 3013 et
2079 2985 2264 3013 administra—

1802 2683 1929 2717 Anagni‚
1943 2682 1958 2708 5
1975 2682 2092 2707 octobre
2113 2681 2187 2708 1232.
