2498 3242
196 304 263 336 '997

204 370 439 398 interminatione
455 371 648 399 anathematis
664 372 796 400 inhibere
811 381 846 399 ne
859 373 935 408 quis,
949 371 1059 406 absque
1075 371 1222 397 voluntate

204 420 324 454 maj0ris
349 420 532 455 saniorisque
559 421 649 455 partis
673 425 838 448 conventus
863 420 1031 447 monasterii
1055 423 1083 446 et
1108 418 1224 446 licentia

205 468 323 504 capituli
339 469 485 503 generalis
496 491 502 502 ‚
520 470 662 502 vendere,
679 470 845 503 infeudare,
862 470 991 504 obligare
1007 469 1052 495 vel
1067 469 1122 495 alio
1139 467 1223 494 modo

205 516 341 549 alienare,
358 521 408 544 aut
423 517 452 544 in
468 517 593 552 alicujus
608 518 747 546 tributum
764 519 896 553 redigere
907 518 1001 552 aliqua
1016 517 1052 544 de
1068 517 1223 544 immobili-

205 565 262 592 bus
278 565 367 592 rebus
384 566 478 601 ipsius
491 567 671 599 monasterii,
685 576 739 594 nec
750 575 806 594 non
819 567 978 601 fideJ'ubere
990 574 1041 601 pro
1052 566 1158 600 aliquo,
1171 572 1224 591 seu

207 614 242 642 ab
262 614 359 650 aliquo
383 615 536 650 pecuniam
563 619 664 643 mutuo
689 617 822 651 accipere
845 616 919 642 ultra
941 622 1084 642 summam
1106 615 1134 641 in
1161 613 1224 640 Flo-

207 665 286 690 rensi
306 663 407 691 ordine
423 665 611 692 constitutam
623 687 629 697 ,
647 669 813 700 praesumat
826 668 844 692 ¹.
862 680 895 685 —
915 664 998 698 (Rso.
1018 665 1061 696 17,
1079 663 1098 690 f.
1118 663 1166 690 ¹53
1182 669 1222 694 r⁰;

207 720 274 739 ann.
294 712 359 744 VII,
377 721 402 740 c.
421 713 495 747 569.)

249 827 262 841 «
291 837 310 843 ..
334 815 436 844 abbati
459 820 486 844 et
507 817 673 845 conventui
696 816 848 845 Florensis
873 816 1065 845 monasterii.
1091 814 1162 845 Etsi
1185 822 1224 845 ex

205 867 357 906 injuncto
373 885 422 896 —.
439 868 514 898 Dat.
533 868 702 904 Laterani,
722 869 767 898 VI
782 877 887 899 nonas
903 867 1027 903 martii,
1046 876 1133 897 anno
1150 876 1224 906 sep-

204 919 297 950 timo.
317 932 330 947 n

279 1119 396 1148 1829
795 1119 909 1152 Latran,
928 1120 960 1146 15
977 1127 1054 1146 mars
1070 1118 1148 1146 1234.

239 1182 370 1209 Priorem
391 1186 419 1208 et
439 1182 543 1209 fratres
564 1182 655 1209 eremi
671 1181 806 1209 Pertinae
822 1186 851 1208 et
865 1182 996 1217 ipsorum
1013 1182 1221 1208 monasterium

204 1230 303 1258 Sancti
317 1230 461 1258 Johannis
477 1231 531 1258 sub
549 1232 624 1258 beati
641 1230 719 1257 Petri
733 1235 761 1258 et
777 1239 831 1258 sua
847 1232 1025 1266 protectione
1041 1231 1175 1266 suscipit,
1193 1234 1222 1257 et

205 1287 305 1306 eorum
337 1280 544 1314 possessiones
576 1283 605 1306 et
635 1279 785 1315 privilegia
815 1279 976 1306 confirmat.
1006 1294 1039 1300 —
1069 1279 1152 1312 (Rau.
1176 1279 1220 1311 17,

202 1328 223 1356 f.
242 1328 291 1356 153
308 1334 354 1358 νος
372 1336 439 1354 ann.
458 1327 524 1361 VII,
542 1336 567 1355 c.
586 1328 660 1361 570.)

245 1441 259 1456 u
279 1430 417 1467 ..priori
436 1430 553 1458 heremi
574 1430 710 1465 Pertine,
733 1438 789 1467 que
804 1431 865 1458 sila
880 1434 920 1459 est
940 1430 975 1458 in
996 1435 1097 1459 monte
1120 1430 1218 1465 Raali,

203 1483 326 1520 eJusque
337 1483 501 1519 fratribus,
516 1487 577 1512 tam
592 1483 784 1521 presentibus
797 1491 889 1520 quarn
901 1483 1030 1519 futuris,
1045 1483 1221 1520 ‹reqularem

202 1536 299 1565 vitam
311 1537 456 1573 professis
473 1537 506 1565 in
522 1541 718 1574 perpetuum.
732 1535 783 1565 Ad
793 1535 855 1565 hoc
866 1535 1070 1565 universalis
1087 1553 1134 1564 —.
1156 1536 1220 1565 Ea-

201 1591 346 1627 propter‚
364 1588 478 1619 dilecti
493 1588 529 1618 in
551 1588 695 1619 Domino
713 1587 791 1624 filii,
811 1588 932 1618 vestris
948 1588 1050 1627 justis
1070 1588 1220 1627 postula-

201 1641 351 1671 tionibus
372 1641 555 1672 clementer
575 1641 773 1677 annuimus,
801 1645 833 1671 et
850 1641 947 1671 Beati
962 1641 1128 1672 Johannis
1149 1650 1220 1671 mo-

201 1694 405 1730 nasterium,
431 1695 467 1724 in
492 1704 557 1734 quo
585 1694 699 1725 divino
727 1694 909 1733 mancipati
937 1694 1018 1724 estis
1045 1694 1216 1733 obsequio,

201 1756 277 1778 cum
298 1747 504 1778 xenodochio
533 1748 592 1778 ubi
621 1748 741 1778 Sancte
781 1747 956 1778 Trinitatis
988 1747 1115 1786 capella
1141 1756 1220 1777 con-

199 1804 326 1831 structa
342 1804 402 1836 est,
427 1800 468 1831 ad
489 1801 598 1831 instar
614 1801 725 1832 felicis
748 1800 992 1831 recordationis
1012 1800 1107 1830 Lucii
1123 1809 1216 1839 pape,

198 1854 446 1893 predecessoris
462 1855 580 1890 nostri,
596 1854 658 1885 sub
672 1855 761 1885 beati
778 1855 869 1885 Petri
886 1858 961 1890 etc.,
978 1863 1086 1893 usque
1104 1864 1110 1883 :
1129 1863 1219 1885 com-

199 1907 393 1942 munimus⁷
427 1911 614 1938 statuentes
642 1911 679 1937 ut
708 1916 937 1947 quascumque
966 1907 1216 1946 possessiones,

199 1969 409 2000 quecumque
433 1960 519 1990 bona
542 1960 632 1990 idem
651 1961 893 1991 monasterium
913 1969 950 1990 ac
974 1959 1218 1990 xenodochium

196 2013 492 2052 impresentiarum
511 2013 601 2052 juste
618 2022 654 2043 ac
673 2006 832 2044 canonice
852 2013 1025 2052 possident
1042 2017 1098 2043 aut
1113 2013 1149 2043 in
1167 2013 1217 2043 fu-

197 2070 320 2101 turum,
334 2066 551 2097 concessione
563 2067 759 2105 pontificum
772 2071 846 2102 etc.,
860 2076 967 2105 usque
980 2077 986 2095 :
1002 2066 1131 2096 illibata
1145 2076 1216 2105 per-

197 2123 364 2150 maneant.
396 2120 446 2149 Ad
474 2119 642 2158 exemplar
671 2128 803 2159 quoque
834 2119 944 2150 felicis
974 2119 1216 2150 recordationis

196 2171 371 2203 Paschalis
401 2176 432 2202 et
462 2172 542 2202 dicti
572 2172 683 2208 Lucii,
712 2172 987 2211 predecessorum
1012 2177 1214 2208 nostrorum,

196 2226 425 2257 Romanorum
443 2226 661 2261 Pontificum,
689 2226 868 2256 statuimus
885 2231 921 2255 ut
942 2225 1026 2255 nulli
1045 2226 1216 2265 episcopo-

195 2287 271 2309 rum
286 2278 385 2309 liceat
409 2278 568 2309 adversus
591 2278 741 2318 ejusdem
760 2282 871 2309 vestre
896 2278 1024 2309 heremi
1047 2283 1216 2309 monaste-

195 2332 285 2362 rium
302 2341 361 2362 seu
383 2331 627 2362 xenodochium
651 2332 1007 2362 excommunicationis
1031 2336 1087 2362 aut
1109 2332 1216 2362 inter-

197 2384 354 2415 dictionis
368 2380 381 2398 ²
401 2384 453 2415 vel
474 2384 616 2424 alicujus
636 2385 841 2422 gravaminis
861 2384 1032 2415 molestias
1053 2385 1213 2423 irrogare.

195 2437 417 2468 Decernimus
427 2446 505 2475 ergo
517 2442 592 2473 etc.,
610 2446 717 2476 usque
734 2447 740 2467 z
758 2437 876 2468 usibus
888 2438 1088 2468 omnimodis
1100 2438 1215 2476 profu-

195 2495 282 2522 tura.
303 2490 401 2521 Salva
426 2490 462 2520 in
484 2490 640 2520 omnibus
663 2490 853 2529 Apostolice
881 2491 976 2521 Sedis
1005 2491 1213 2523 auctoritate.

197 2544 233 2575 Si
256 2553 321 2583 qua
343 2543 447 2582 igitur
463 2548 538 2579 etc.,
560 2552 667 2582 usque
686 2553 692 2573 :
716 2544 866 2575 districte
887 2544 1057 2584 subjaceat
1080 2544 1212 2575 ultioni.

229 2669 250 2694 1.
267 2669 308 2694 Cf.
326 2669 387 2700 plus
405 2669 472 2693 haut
485 2669 510 2693 le
525 2673 553 2692 n⁰
570 2668 629 2693 1823
644 2669 717 2699 (ann.
736 2668 801 2698 VII,
816 2676 838 2694 c.
857 2669 922 2700 564).
941 2683 970 2687 —
994 2670 1068 2694 Dans
1083 2671 1123 2694 les
1139 2671 1214 2695 clau-

196 2720 241 2737 ses
254 2713 290 2737 du
304 2720 364 2744 cap.
379 2713 433 2743 564,
449 2720 484 2737 on
499 2713 530 2736 lit
547 2722 552 2736 :
568 2721 580 2735 ιι
593 2719 640 2737 eos
652 2714 699 2744 qui
711 2720 780 2737 ausu
795 2714 943 2737 temerario
957 2718 1054 2738 contra
1067 2722 1213 2747 presump-

195 2758 297 2787 serint,
317 2757 614 2781 excommunicationis
630 2758 743 2782 vinculo
764 2757 932 2782 innodantes
950 2765 980 2782 ac
1001 2759 1183 2784 decernentes
1198 2767 1214 2784 a

195 2801 303 2833 prefato
320 2801 489 2825 monasterio
506 2801 700 2825 removendos.
716 2809 727 2823 υ
744 2800 819 2825 Dans
835 2801 860 2825 le
876 2808 935 2832 cap.
953 2802 1007 2830 569,
1021 2809 1057 2826 on
1073 2803 1104 2826 lit
1118 2810 1123 2826 :
1137 2812 1149 2825 <z
1165 2810 1213 2828 eos

195 2846 274 2877 qui...
297 2845 474 2874 innodantes,
499 2845 675 2869 decernimus
698 2845 724 2876 [a
745 2846 852 2876 prefato
875 2847 1044 2870 monasterio
1066 2854 1212 2871 removen-

195 2890 256 2921 dos]
274 2894 304 2914 ut
319 2890 424 2921 quod...
440 2899 462 2920 υ,
479 2891 518 2914 les
539 2894 610 2914 mots
631 2897 684 2920 que
705 2897 777 2914 nous
798 2893 917 2914 mettons
935 2891 970 2914 ici
989 2895 1066 2915 entre
1085 2892 1212 2916 crochets

195 2935 270 2960 etant
287 2935 365 2959 hirst-s
381 2935 396 2958 ἐι
409 2935 511 2959 l'encre
527 2941 623 2966 rouge,
638 2942 705 2959 avec
720 2935 745 2958 la
763 2935 887 2959 mention
906 2943 936 2959 ca
953 2949 982 2953 -
997 2939 1050 2960 cat.

225 2979 248 3004 2.
264 2979 298 3003 Et
314 2986 370 3003 non
388 2980 543 3008 interdicti,
560 2979 606 3010 qui
624 2982 665 3003 est
678 2980 703 3002 la
717 2979 834 3003 sormule
849 2979 1009 3004 habituelle.

1063 296 1278 335 SEPTIEME
1300 297 1461 335 ANNEE.

2261 310 2319 341 998

1305 369 1442 401 Cunctis
1462 375 1572 402 autem
1596 376 1670 408 etc.,
1694 381 1822 412 usque:
1843 374 1971 412 premia
1984 378 2096 404 eterne
2112 376 2203 413 pacis
2224 376 2318 407 inve-

1306 422 1411 452 niant.
1431 425 1548 454 Amen.
1567 425 1639 456 Dat.
1659 426 1826 461 Laterani,
1843 435 1901 464 per
1918 435 2053 456 manum
2070 428 2221 465 magistri
2236 429 2319 459 Bar-

1306 475 1506 515 th[oloniei]„
1533 478 1653 508 Sancte
1686 480 1832 509 Romane
1860 479 2005 510 Ecclesie
2033 481 2316 517 vicecancellarii,

1306 528 1418 559 idibus
1442 530 1565 562 martii,
1584 531 1766 561 indictione
1782 532 1862 566 VII,
1881 533 2127 563 Incarnationis
2146 535 2319 566 Dominice

1307 590 1394 611 anno
1413 582 1691 614 M⁰CC⁰XXXIII⁰
1708 584 1782 622 (sic).
1801 585 2014 622 pontificatus
2030 595 2107 616 vcro
2123 587 2225 617 donni
2240 588 2319 618 Gre-

1307 635 1391 673 gorii
1408 645 1490 674 pape
1506 637 1606 667 VIIII
1624 646 1711 667 anno
1730 638 1882 676 septimo.
1904 651 1916 664 n

1381 827 1497 856 1830
1866 828 1981 862 Lau-an,
1999 830 2031 857 27
2049 831 2153 857 sevi-ier
2170 831 2247 858 1234.

1341 888 1494 922 Jacobum,
1511 890 1707 925 praepositum
1724 890 1997 926 Brandeburgensis
2012 893 2164 925 ecclesiae,
2178 894 2233 920 sub
2244 894 2320 921 beati

1306 936 1384 964 Petri
1407 942 1435 964 et
1456 946 1510 964 sua
1531 939 1710 973 protectione
1727 940 1864 974 suscipit;
1886 941 2018 975 ejusdem
2040 942 2182 968 ecclesiae
2201 951 2321 977 posses-

1305 986 1405 1014 siones
1421 995 1454 1013 ac
1469 987 1553 1019 bona,
1570 995 1694 1022 quorum
1711 988 1833 1023 plurima
1850 990 2017 1017 nominatim
2035 995 2179 1025 recenset,
2196 999 2320 1019 consue-

1305 1034 1422 1062 tudines
1438 1043 1470 1061 ac
1482 1035 1630 1070 privilegia
1641 1036 1803 1063 confirmat.
1816 1037 1943 1070 —(R1·:o.
1958 1039 2000 1070 17,
2016 1039 2034 1065 f.
2050 1038 2098 1066 153
2110 1045 2155 1072 v⁰;
2169 1048 2236 1068 ann.
2251 1039 2318 1073 VII,

1304 1090 1329 1110 c.
1348 1083 1413 1114 571;
1432 1098 1463 1102 —
1482 1082 1629 1110 Porrfflsr
1644 1083 1730 1115 9414;
1747 1099 1782 1105 —
1796 1085 1833 1112 cf.
1850 1093 1945 1119 supra,
1965 1091 1996 1112 n0
2014 1086 2104 1119 1663.)

1347 1198 1359 1211 «
1386 1185 1535 1223 Jac[0l10],
1556 1187 1708 1223 preposito
1733 1186 2012 1224 Brandeburqensis
2040 1189 2172 1223 ecclesie,
2197 1191 2320 1228 ejusque

1302 1239 1465 1275 fratribus,
1487 1243 1549 1268 tam
1569 1239 1760 1276 presentibus
1775 1248 1869 1277 quam
1884 1241 2017 1276 futuris,
2033 1243 2204 1279 regularem
2221 1244 2319 1272 vitam

1299 1292 1443 1329 professis
1469 1292 1502 1320 in
1526 1296 1718 1329 perpetuum.
1746 1291 1952 1330 Religiosam
1984 1293 2086 1323 vitam
2117 1294 2319 1333 eligentibus

1303 1360 1353 1372 ——.
1371 1344 1445 1373 Dat.
1464 1344 1631 1374 Laterani.
1652 1354 1710 1382 per
1727 1353 1863 1375 manum
1883 1346 2035 1384 magistri
2052 1347 2317 1387 Bartli[olomei],

1305 1396 1424 1426 Sancte
1444 1397 1593 1427 Romane
1612 1397 1760 1428 Ecclesie
1778 1398 2062 1430 vicecancellarii.
2088 1401 2138 1431 III
2158 1401 2319 1433 kalendas

1304 1450 1434 1485 martii,
1457 1450 1640 1481 indictione
1662 1452 1743 1482 VII.
1766 1453 2013 1483 Incarnationis
2034 1454 2207 1496 Dominice
2231 1464 2319 1486 anno

1304 1503 1612 1539 M⁰CC⁰XXXIIII⁰,
1627 1505 1841 1542 pontificatus
1858 1515 1934 1536 vero
1950 1507 2051 1536 donni
2068 1508 2221 1545 Gregorii
2237 1518 2319 1547 pape

1303 1557 1403 1587 VIIII
1420 1566 1506 1587 anno
1526 1557 1677 1595 septimo.
1697 1569 1710 1584 n

1379 1741 1491 1770 1831

1340 1803 1509 1838 Praeposito
1525 1808 1554 1830 et
1570 1805 1697 1839 capitulo
1714 1804 1917 1832 Insolensibus
1930 1806 2075 1841 significat
2088 1816 2120 1834 se
2136 1808 2266 1835 inhibere
2283 1818 2319 1836 ne

1301 1851 1444 1886 illegitimi
1460 1852 1494 1878 ad
1518 1853 1699 1887 praebendas
1720 1861 1773 1880 seu
1796 1858 1970 1888 personatus
1990 1855 2155 1883 Insulensis
2176 1858 2318 1885 ecclesiae

1301 1904 1499 1928 assumantur.
1518 1917 1548 1920 —
1568 1901 1650 1934 (Rea.
1671 1902 1712 1934 17,
1730 1902 1749 1928 f.
1776 1903 1822 1929 154
1840 1909 1882 1935 v⁰;
1899 1911 1966 1930 ann.
1988 1903 2055 1936 VII,
2079 1913 2103 1931 c.
2130 1905 2197 1937 5723

1302 1947 1449 1975 Porraasr
1465 1949 1557 1983 9551.)

1894 1743 2007 1776 Latran,
2026 1745 2057 1771 14
2075 1754 2151 1772 mars
2169 1746 2246 1774 1234.

2223 1922 2255 1926 —
2278 1908 2316 1934 ct.

1343 2062 1356 2076 «
1375 2052 1561 2088 ..preposito
1579 2057 1604 2080 et
1627 2053 1763 2089 capitulo
1780 2053 2008 2087 Insulensz'bus,
2029 2054 2228 2085 Tornacensis
2250 2057 2317 2086 dio-

1300 2104 1384 2132 cesis.
1403 2103 1509 2141 Super
1524 2104 1638 2134 onmia
1655 2113 1719 2143 que
1735 2122 1784 2134 —.
1804 2106 1878 2135 Dat.
1897 2107 2064 2139 Laterani,
2086 2109 2117 2138 ΙΙ
2136 2108 2211 2139 idus
2228 2118 2317 2139 mar-

1300 2155 1350 2191 tii,
1365 2156 1578 2194 pontificatus
1596 2158 1702 2187 nostri
1721 2167 1807 2188 anno
1824 2159 1975 2197 septimo.
1996 2173 2008 2185 n

1334 2409 1480 2446 Episcopo
1496 2411 1649 2438 Aniciensi
1665 2411 1811 2446 significat
1828 2421 1860 2439 se
1880 2417 1987 2440 statuta
2006 2423 2022 2440 a
2042 2414 2200 2450 Stephano,
2221 2416 2316 2451 ipsius

1299 2458 1430 2494 episcopi
1447 2459 1688 2494 praedecessore,
1712 2464 1741 2488 et
1761 2461 1795 2487 ab
1816 2461 1955 2497 episcopo
1975 2462 2168 2496 Tornacensi,
2186 2464 2316 2500 Aposto-

1298 2507 1370 2534 licae
1385 2507 1471 2535 Sedis
1487 2508 1592 2543 legato,
1607 2509 1683 2536 circa
1699 2510 1879 2544 praebendas
1891 2512 2033 2538 ecclesiae
2047 2512 2216 2540 Aniciensis
2227 2513 2313 2546 cdita,

1298 2556 1479 2583 confirmare.
1496 2572 1529 2577 -
1545 2557 1631 2591 (Rso.
1650 2559 1697 2591 17,
1719 2559 1738 2585 f.
1758 2559 1807 2586 ¹55
1829 2566 1874 2591 r⁰;
1896 2568 1963 2587 ann.
1982 2560 2052 2593 V11,
2069 2569 2094 2588 c.
2113 2562 2180 2594 573;
2197 2576 2233 2582 —
2252 2562 2315 2589 Mo-

1297 2614 1368 2633 nam
1386 2606 1464 2638 1188,
1482 2606 1500 2633 f.
1518 2606 1591 2641 349.)

1888 2351 2003 2384 Lati-an,
2024 2352 2053 2379 18
2071 2361 2147 2380 mars
2166 2354 2242 2381 1234.

1339 2720 1351 2735 «
1373 2731 1392 2737 ..
1407 2710 1542 2747 episcopo
1556 2710 1726 2739 Aniciensi.
1746 2710 1821 2740 Hiis
1838 2719 1901 2749 que
1918 2711 1958 2741 ad
1974 2729 2023 2740 —.
2040 2712 2085 2742 Ex
2102 2717 2193 2750 parte
2211 2713 2314 2752 siqui-

1296 2760 1371 2792 dem
1390 2766 1445 2792 tua
1463 2762 1527 2792 suit
1548 2763 1753 2801 propositum
1771 2772 1881 2794 coram
1903 2764 1999 2795 nobis
2016 2765 2118 2804 quod,
2139 2775 2212 2795 cuin
2230 2766 2313 2796 Ani-

1297 2813 1420 2845 ciensis
1451 2815 1610 2850 ecclesia,
1642 2816 1757 2854 paucis
1790 2817 1840 2847 vel
1871 2817 1973 2847 nullis
2003 2818 2110 2857 ipsius
2141 2819 2312 2849 canonicis

1296 2867 1485 2898 volentibus
1496 2878 1581 2899 onus
1596 2869 1696 2898 oflicii
1713 2870 1928 2900 sacerdotalis
1945 2880 2126 2905 assumere,
2146 2871 2312 2901 desertum

1295 2920 1330 2950 in
1361 2921 1484 2951 divinis
1515 2922 1686 2961 ohsequiis
1713 2932 1777 2953 non
1810 2923 1974 2953 modicum
2004 2924 2203 2958 sustineret,
2228 2924 2312 2955 hone

1295 2975 1455 3005 memorie
1489 2975 1721 3014 S[teplianus],
1746 2976 1960 3014 prodecessor
1985 2982 2076 3007 tuus.
2106 2978 2144 3007 (le
2175 2977 2311 3016 capituli
