2498 3242
216 239 291 271 1097
1068 235 1285 274 HUITIEME
1306 237 1466 276 ANNEE.
2246 255 2320 287 1093

211 306 331 343 eidem,
342 311 389 342 ut,
400 307 435 336 in
448 316 508 338 sua
521 308 645 339 diocesi
658 309 853 340 auctoritate
865 310 997 348 propria
1010 309 1223 339 interdictum

210 360 384 399 proferens
397 360 563 399 generale,
577 361 660 392 illud
672 362 759 392 infra
777 367 904 393 certum
920 363 1098 393 terminum
1115 363 1225 402 publi-

211 418 311 448 caret,
325 418 568 453 consequenter
581 414 788 455 snbjungens
800 421 835 446 ut
850 416 1000 446 nolentes
1014 416 1135 446 dictam
1153 425 1224 446 sen—

210 466 350 497 tentiam
375 467 571 504 observare,
599 473 718 499 extunc
743 469 868 500 scirent
896 470 984 500 infra
1013 470 1158 501 triduum
1190 479 1224 500 se

211 528 403 558 suspensos,
422 520 504 559 ipse,
524 525 683 560 reputans
697 522 731 551 in
744 522 863 558 ,multis
879 522 1069 562 hujusmodi
1088 523 1225 553 manda-

212 577 281 603 tum
303 573 477 612 injustum,
500 578 647 605 nostram
670 575 875 605 audientiam
897 575 1092 614 appellavit;
1113 576 1170 605 sed
1190 580 1224 605 tu

212 626 453 656 nichilominus
475 626 666 666 hujusmodi
690 632 840 666 pretextu
860 637 918 667 pro
938 638 1100 667 suspenso
1122 628 1224 659 babes

211 680 365 711 eundem.
379 680 446 710 Nos
459 680 572 717 igitur,
587 680 620 710 in
634 680 694 711 bac
706 686 797 719 parte
815 682 861 711 sic
875 681 1047 720 providere
1062 681 1221 718 volentes,

211 737 247 763 ut
262 733 370 763 dictus
390 733 575 772 episcopus,
594 734 650 773 qui
670 734 710 763 ad
729 735 930 773 presentiam
948 739 1094 765 nostram
1111 744 1224 774 perso-

210 786 333 817 naliter
346 785 520 822 laboravit,
534 786 774 825 benignitatem
792 788 914 818 sentiat
929 788 1024 818 Sedis
1036 787 1223 827 Apostolice

209 848 268 879 per
284 839 425 878 gratiam
443 839 632 878 specialem,
651 845 681 870 et
698 841 768 879 ipse
783 850 819 871 a(-
836 841 937 872 ceteri
955 841 1157 879 suffraganei
1176 841 1223 871 tui

208 901 268 932 pro
285 892 432 923 Ecclesie
446 893 601 931 negotiis,
619 894 774 932 precipue
793 894 1018 930 Belvaeemis,
1037 904 1099 934 qne
1116 895 1222 933 magis

209 946 250 978 ad
266 955 404 985 presens
424 946 485 976 hoc
507 946 656 977 noscitur
672 947 838 985 indigere,
856 947 917 977 tibi
934 948 1118 978 uniformes
1136 948 1222 978 exis-

208 1003 290 1034 tant,
303 1003 475 1030 servante-s
493 999 532 1029 ad
547 999 691 1030 invicem
708 1000 871 1030 unitatem
887 1001 1026 1039 spiritus
1042 1001 1076 1030 in
1089 1000 1222 1031 vinculo

207 1052 357 1082 caritatis
376 1062 381 1081 :
400 1052 598 1083 mandamus
621 1057 802 1092 quatenus,
825 1053 950 1084 dictum
971 1054 1160 1093 episcopum
1181 1053 1221 1084 ab

205 1105 297 1136 omni
318 1105 515 1145 suspitionis
533 1105 668 1145 laqueo,
689 1107 717 1137 si
742 1116 806 1146 quo
829 1116 847 1137 a
869 1112 898 1137 te
920 1106 1044 1145 ligatus
1066 1107 1218 1144 habetur,

206 1159 354 1189 mandati
368 1159 542 1190 occasione
558 1159 710 1198 predicti,
725 1160 814 1190 infra
828 1164 900 1190 octo
914 1160 985 1191 dies
1002 1165 1073 1199 post
1089 1169 1220 1199 suscep-

204 1212 329 1243 tionem
355 1212 561 1251 presentium
583 1212 735 1243 liberans
761 1217 792 1243 et
817 1212 995 1244 liberatum
1017 1213 1219 1244 denuntians

204 1266 245 1296 ad
261 1265 436 1301 cautelam,
457 1271 488 1296 et
505 1266 703 1304 dispensans
727 1275 801 1296 cum
820 1275 857 1296 eo
878 1267 1074 1297 auctoritate
1094 1271 1217 1303 nostra,

203 1319 233 1350 si
249 1319 362 1349 forsan
379 1318 420 1349 ob
435 1318 498 1348 hoc
511 1318 793 1356 irregularitatem
811 1319 959 1358 aliquam
975 1319 1155 1350 incurrerit
1168 1320 1219 1349 di-

202 1372 281 1401 vina
296 1371 506 1410 postmodnm
522 1371 731 1407 celebrando,
751 1376 823 1402 tuas
838 1372 868 1402 ei
880 1382 980 1410 super
992 1372 1058 1401 biis
1074 1373 1218 1403 testimo-

203 1424 311 1455 niales
332 1424 461 1455 litteras
484 1425 706 1460 concedendo⁷
730 1425 763 1455 in
781 1429 904 1455 statum
926 1426 1107 1464 pristinum
1124 1435 1218 1457 revo-

203 1487 273 1513 ces,
297 1479 326 1508 si
343 1478 424 1517 quid
439 1482 512 1517 post
528 1479 592 1509 iter
615 1483 783 1517 arreptum
802 1479 842 1509 ab
869 1479 982 1510 eodem
1005 1480 1158 1519 episcopo
1178 1481 1219 1510 ad

203 1531 321 1563 Sedem
347 1531 571 1570 Apostolicam
597 1532 771 1567 veniendi,
799 1533 949 1562 mandati
974 1533 1122 1572 ejusdem
1143 1544 1218 1572 pre-

203 1589 292 1615 textu
310 1585 459 1615 fueritin
474 1585 545 1624 ejus
559 1585 780 1624 prejudicium
797 1590 1038 1624 attemptatum.
1056 1586 1216 1626 Alioquin

203 1638 323 1669 dilecto
350 1638 420 1668 filio
446 1639 606 1676 magistro
634 1640 671 1669 P.
706 1639 744 1669 de
774 1639 993 1675 CoIIemefflo,
1024 1640 1216 1678 cappellano

203 1695 327 1726 nostro,
345 1692 512 1730 preposito
533 1692 647 1722 Sancti
670 1692 863 1728 Audomari,
884 1693 1088 1723 Morinensis
1105 1694 1216 1724 dioce-

203 1745 268 1781 sis,
294 1745 348 1775 cui
370 1745 594 1783 cognitionem
614 1745 847 1784 appellationis
870 1746 1016 1784 predicte
1041 1746 1103 1776 sub
1126 1752 1215 1777 certa

200 1799 307 1829 forma
330 1799 585 1834 committimus,
609 1799 741 1829 noveris
764 1808 824 1829 nos
851 1808 910 1838 per
932 1805 1062 1830 nostras
1084 1800 1214 1831 litteras

200 1852 389 1892 injunxisse
406 1857 440 1882 ut
458 1852 621 1891 premissa
637 1853 755 1892 exequi
772 1862 838 1883 non
853 1854 995 1883 omittat.
1009 1855 1082 1883 Dat.
1097 1855 1211 1889 Reate,

200 1906 263 1936 VII
276 1905 437 1936 kalendas
451 1906 596 1944 augusti.
611 1906 824 1945 pontificatus
837 1907 940 1936 nostri
956 1916 1043 1936 anno
1057 1911 1182 1937 octavo.
1198 1920 1210 1934 »

233 2029 338 2054 2⁰30.
354 2040 390 2046 —
410 2025 555 2061 Scriptum
577 2032 620 2052 est
642 2034 731 2061 super
752 2027 806 2052 boc
829 2028 854 2052 in
875 2027 998 2053 eundem
1018 2027 1076 2053 iere
1096 2027 1211 2054 modum

197 2076 331 2108 maqistro
348 2076 436 2102 Petro.
588 2073 591 2076 ’

269 2257 383 2286 2031
760 2257 846 2288 Rieti,
863 2257 897 2284 ⁴26
914 2258 1005 2291 juillet
1026 2257 1102 2285 1234.

232 2314 407 2349 Abbatissae
423 2326 450 2347 et
467 2321 625 2347 conventui
641 2322 807 2347 monasterii
823 2321 920 2347 Sancti
940 2321 1016 2348 i‘anli
1029 2322 1064 2347 de
1077 2322 1210 2349 Avellino

196 2371 341 2406 significat
355 2379 386 2397 se
401 2370 572 2397 confirmare
584 2371 758 2396 sententiam
771 2380 786 2396 a
798 2370 949 2400 Rainaldo,
962 2370 1092 2398 Ostiensi
1105 2372 1208 2405 electo,

194 2420 279 2447 latam
296 2420 324 2447 in
341 2420 512 2454 quaestione
529 2419 603 2446 inter
620 2420 707 2454 ipsas,
721 2428 755 2445 ex
770 2427 824 2445 una
841 2423 930 2454 parte,
948 2424 976 2446 et
992 2419 1208 2453 Bonumfitiurn,

194 2469 332 2496 clericum
349 2468 384 2495 de
402 2468 490 2500 Urbe,
515 2477 550 2494 ex
570 2469 674 2502 altera,
694 2477 783 2503 super
799 2469 923 2495 ecclesia
940 2468 1038 2495 Sancti
1058 2468 1157 2496 Hilarii
1174 2469 1210 2496 de

194 2517 379 2551 Benevento,
407 2521 524 2548 exorta,
555 2518 604 2551 qui
635 2518 763 2551 electus,
793 2525 859 2543 cnm
891 2520 1038 2544 constaret
1070 2519 1210 2552 praemis-

194 2574 256 2594 sam
287 2566 441 2593 ecctesiam
469 2566 503 2592 ad
537 2574 666 2592 mensam
694 2566 826 2600 ejusdem
856 2566 1023 2593 monasterii
1053 2567 1207 2601 pertinere,

195 2615 326 2644 eamdem
341 2615 516 2642 abbatissam
533 2615 568 2641 ab
585 2614 765 2650 impetitione
786 2614 883 2641 clerici
906 2616 1054 2641 memorati
1076 2616 1209 2643 absolve-

195 2668 252 2696 rat;
277 2665 386 2691 inserto
407 2664 462 2690 sub
485 2672 538 2691 sua
561 2664 637 2690 bulla
663 2663 825 2698 praedictae
853 2664 1016 2691 sententiae
1042 2668 1152 2694 tenore.
1175 2681 1208 2685 —

195 2713 279 2748 (Rau.
299 2714 341 2746 17,
359 2714 378 2739 f.
399 2713 447 2740 19ss
465 2719 507 2744 νος
525 2722 592 2739 ann.
612 2712 691 2745 VIII,
709 2722 734 2740 c.
757 2714 826 2746 175.)

237 2829 250 2843 «
281 2839 300 2845 ..
325 2817 471 2846 abbatisse
491 2821 516 2845 et
541 2817 706 2845 conventui
731 2818 910 2845 monasterii
930 2817 1037 2846 Sancti
1061 2818 1152 2847 Pauli
1174 2819 1208 2847 de

194 2871 344 2900 Avelli'no.
365 2869 443 2899 Orta
467 2868 555 2898 inter
576 2877 644 2903 vos,
663 2878 699 2899 ex
723 2873 814 2907 parte
837 2878 918 2904 una,
940 2874 971 2899 et
993 2869 1149 2899 dilectum
1170 2871 1208 2900 fi-

194 2923 278 2954 lium
298 2921 548 2955 Bonumsslium,
569 2921 726 2952 clericum
744 2921 782 2951 de
801 2921 902 2957 Urbe,
921 2931 957 2952 ex
975 2921 1090 2958 altera,
1109 2933 1208 2962 snper

1310 310 1449 341 ecclesia
1468 312 1580 343 Sancti
1597 314 1718 344 Hilarii
1735 315 1773 346 de
1792 316 1997 352 Benevento,
2016 329 2079 358 qne
2097 321 2137 350 ad
2154 327 2320 353 monaste-

1309 363 1396 393 rium
1418 370 1563 395 vestrum
1587 367 1753 405 pertinere
1776 368 1912 401 dieitur.
1939 375 1971 401 et
1996 382 2095 410 qnam
2123 374 2186 403 sibi
2211 374 2318 406 dictus

1310 416 1347 446 Β.
1376 419 1577 456 proponebat
1609 420 1804 451 auctoritate
1836 427 1947 452 nostra
1976 425 2080 456 fuisse
2109 436 2316 464 concessam,

1309 470 1447 499 materia
1478 471 1680 510 questionis,
1713 474 1843 503 tandem
1875 480 1945 513 post
1983 477 2131 508 diversas
2167 480 2318 512 obtentas

1307 521 1386 551 hinc
1407 523 1484 552 inde
1506 523 1634 554 litteras
1661 530 1692 556 et
1722 536 1895 564 processus
1926 529 2055 559 habitos
2084 542 2140 570 per
2168 534 2316 571 easdem,

1309 575 1459 613 partibus
1476 576 1508 605 in
1526 582 1636 607 nostra
1649 580 1817 617 presentia
1833 582 2023 613 constitutis
2039 584 2195 615 dilectum
2211 586 2316 617 tilium

1309 632 1458 658 nostrum
1487 630 1730 669 R[ainaldum],
1757 632 1945 663 Ostiensem
1980 636 2135 667 electum.
2166 639 2317 670 dedimus

1307 680 1504 711 auditorem.
1522 683 1640 713 Coram
1664 694 1728 723 qno
1747 695 1846 724 super
1866 687 1989 717 libellis
2011 690 2050 718 ab
2069 697 2206 730 utraque
2225 698 2315 731 parte

1307 734 1467 771 porrectis
1483 734 1541 765 lite
1565 736 1712 774 legitime
1733 743 1933 771 contestata.
1953 742 2076 771 auditis
2097 746 2318 776 eonsessioni-

1307 785 1379 822 bus⁷
1398 787 1558 825 inspectis
1575 789 1672 819 dietis
1690 791 1824 820 testium
1841 793 2073 831 productorum
2092 802 2123 826 et
2139 798 2318 830 intellectis

1307 848 1514 879 quecumque
1531 846 1640 879 partes
1653 843 1826 874 voluerunt
1845 855 2026 885 proponere
2041 858 2149 879 miram
2167 860 2215 885 eo,
2231 852 2318 883 idem

1306 891 1441 927 electus,
1460 893 1574 924 habito
1595 896 1735 926 consilio
1759 898 1946 936 sapientum
1967 907 2162 942 1·‹‘*ceptoque
2186 915 2203 934 a
2223 906 2318 937 nobis

1305 944 1344 976 de
1361 947 1527 977 sententia
1542 949 1739 986 proferenda
1756 951 1921 987 mandato,
1937 953 2007 983 tulit
2028 964 2084 993 pro
2097 956 2190 986 vobis
2204 963 2317 990 contra

1305 998 1446 1029 eundem
1461 1000 1498 1029 Β.
1517 1000 1727 1031 diffinitivam
1745 1004 1944 1035 sententiam
1963 1007 1995 1036 in
2014 1007 2102 1039 bunc
2118 1011 2251 1041 modum
2266 1021 2273 1042 ε

1377 1179 1513 1214 [2032]

1342 1240 1499 1274 {Sententia
1523 1243 1668 1278 intimidi,
1685 1246 1830 1274 Ostiensis
1845 1249 1989 1285 episcopi,
2007 1252 2182 1280 abbatissam
2199 1259 2227 1282 et
2242 1264 2314 1283 con-

1303 1293 1420 1317 ventum
1446 1292 1543 1318 Sancti
1571 1293 1649 1320 Pauli
1672 1295 1706 1320 de
1732 1296 1863 1323 Avellino
1886 1299 2066 1328 absolventis
2081 1303 2116 1328 ab
2137 1304 2314 1338 impetitione

1304 1337 1444 1373 Boniiilii,
1472 1341 1568 1368 cleriei
1593 1342 1628 1368 de
1655 1343 1746 1376 Urbe,
1772 1353 1860 1381 super
1884 1348 2005 1375 ecclesia
2032 1350 2130 1378 Sancti
2156 1352 2255 1381 Hilarii
2280 1355 2316 1382 de

1303 1385 1486 1423 Benevento]

1343 1501 1355 1515 «
1380 1490 1417 1518 In
1437 1490 1497 1520 Dei
1521 1493 1666 1523 nomine.
1691 1496 1809 1525 Amen.
1832 1497 1914 1528 Cum
1935 1499 2014 1530 olim
2036 1502 2077 1532 ad
2097 1505 2312 1543 supplicatio-

1303 1552 1315 1567 n
1342 1550 1416 1571 nem
1435 1543 1600 1581 Bonifilii,
1619 1546 1730 1577 clerici
1752 1549 1790 1578 de
1809 1550 1915 1586 Urbe,
1941 1553 2094 1586 dominus
2113 1566 2194 1596 papa
2213 1569 2312 1591 vene-

1303 1605 1316 1620 »
1342 1594 1478 1624 rabili..
1497 1597 1649 1637 episeopo
1666 1599 1847 1632 Cass-riano
1871 1604 1941 1634 suis
1961 1606 2103 1637 dedisse!
2131 1610 2252 1642 litteris
2277 1613 2312 1643 in

1303 1659 1315 1673 »
1341 1649 1507 1678 mandatis
1531 1655 1564 1680 ut
1589 1651 1698 1690 ipsum
1718 1654 1769 1684 vel
1793 1662 2038 1693 procuratorem
2061 1672 2158 1692 suum
2183 1665 2217 1694 in
2236 1675 2312 1704 pos-

1301 1712 1314 1728 »
1340 1702 1524 1733 sessionem
1549 1705 1688 1736 ecclesie
1705 1707 1818 1738 Sancti
1842 1710 1961 1741 Hilarii
1983 1713 2021 1743 de
2042 1715 2247 1753 Benevento,
2271 1721 2313 1751 ad

1300 1766 1314 1780 n
1339 1756 1578 1787 monasterium
1598 1759 1710 1789 Sancti
1728 1761 1823 1791 Pauli
1841 1763 1878 1793 de
1898 1765 2051 1797 Avellino
2070 1769 2108 1799 de
2124 1771 2198 1809 jure
2218 1782 2311 1811 spec-

1300 1819 1313 1833 »
1340 1808 1451 1844 tantis,
1470 1819 1533 1848 que
1550 1811 1614 1841 sibi
1631 1822 1688 1850 per
1707 1837 1724 1842 ..
1746 1815 1899 1846 abbatem
1919 1819 2030 1849 Sancti
2052 1822 2190 1854 Modesti
2208 1826 2311 1858 Benc-

1299 1872 1312 1886 n
1337 1862 1484 1895 ventani,
1505 1865 1712 1901 auctoritate,
1735 1872 1768 1896 ut
1784 1868 1924 1903 dicebat,
1943 1875 2133 1911 apostolica,
2153 1888 2310 1911 concessa

1298 1925 1312 1940 ι)
1337 1914 1456 1944 suerat.
1482 1915 1651 1948 indui-eret
1676 1921 1878 1958 mitrporalem
1903 1930 1933 1954 et
1957 1930 2104 1957 tueretur
2124 1930 2306 1969 inductum,

1298 1978 1310 1992 n
1335 1972 1449 2004 parato
1473 1968 1560 1999 dicto
1583 1971 1736 2010 episcopo
1757 1975 1947 2006 mandatnm
1965 1981 2181 2016 apostolieum
2203 1985 2309 2015 adim-

1298 2030 1310 2045 »
1337 2019 1436 2057 plere.
1462 2021 1580 2051 dilecte
1609 2024 1642 2052 in
1671 2025 1805 2055 Clu-isto
1834 2051 1850 2056 ..
1874 2029 2040 2062 abbatissa
2070 2039 2098 2063 et
2126 2043 2308 2069 conventus

1298 2085 1310 2099 n
1335 2075 1528 2104 monasterii
1554 2079 1746 2114 memorati,
1765 2090 1873 2111 coram
1894 2083 1964 2121 ipso
1981 2093 2200 2124 proponentes
2228 2101 2308 2121 ean-

1297 2138 1310 2151 »
1335 2125 1408 2155 dein
1425 2126 1599 2158 ecclesiam
1617 2130 1657 2159 ad
1675 2140 1823 2162 mensam
1842 2135 1893 2164 sui
1915 2140 2109 2169 monasterii
2127 2143 2305 2180 pertinere,

1296 2190 1309 2204 »
1335 2188 1375 2209 ne
1393 2179 1427 2208 in
1445 2179 1635 2220 hujusmodi
1650 2185 1804 2216 mandato
1820 2190 2021 2226 procederet.
2037 2193 2153 2224 Sedem
2171 2198 2305 2234 Aposto-

1295 2246 1308 2260 »
1333 2233 1431 2264 licam
1460 2237 1680 2274 appellarunt.
1714 2241 1794 2278 Sed,
1824 2242 1901 2274 licet
1932 2255 2176 2283 procuratorem
2208 2262 2305 2283 snum

1295 2298 1308 2312 »
1333 2291 1466 2324 propter
1486 2288 1547 2319 hoc
1569 2291 1610 2320 ad
1634 2292 1818 2324 Romanam
1839 2296 1974 2327 Curiam
1997 2300 2210 2340 destinarint,
2236 2306 2306 2344 ipso

1295 2351 1308 2365 »
1334 2343 1459 2377 tamen,
1481 2350 1541 2373 nec
1557 2344 1708 2376 auditore
1727 2356 1786 2377 nec
1803 2348 1924 2381 litteris
1941 2352 2100 2386 obtentis.
2119 2357 2158 2386 ad
2175 2361 2306 2398 propria

1295 2404 1308 2419 n
1333 2394 1504 2432 redeunte,
1522 2396 1659 2429 licentia
1675 2401 1775 2430 etiam
1793 2412 1857 2433 non
1874 2406 1987 2443 petita.
2006 2409 2119 2439 eadem
2137 2412 2304 2445 abbatissa

1295 2458 1308 2472 »
1334 2455 1428 2477 snam
1444 2451 1664 2488 postmodum,
1680 2458 1714 2483 ut
1732 2455 1863 2493 dicitur,
1881 2460 2134 2497 appellationem
2149 2469 2304 2506 prosequi

1295 2511 1307 2525 »
1335 2508 1399 2530 non
1413 2503 1541 2533 curavit
1553 2510 1705 2544 ;.propter
1718 2508 1805 2546 quod
1816 2509 1924 2541 dietus
1935 2512 2076 2544 clericus
2087 2519 2268 2550 venerabili
2283 2545 2301 2550 ..

1294 2565 1307 2580 η
1333 2554 1486 2594 episcopo
1515 2557 1675 2596 Aquinati
1703 2561 1774 2590 dari
1796 2572 1813 2592 a
1839 2564 1972 2595 domino
1998 2578 2078 2607 papa
2103 2571 2244 2602 obtinuit
2268 2575 2302 2604 in

1294 2618 1307 2633 n
1332 2608 1498 2639 mandatis
1534 2616 1569 2641 nt
1596 2611 1692 2642 alteri
1720 2615 1804 2652 parti
1837 2619 2015 2650 terminum
2045 2627 2302 2663 p··1-empuu·it11n

1293 2671 1306 2686 ›)
1331 2662 1507 2699 pretigeret
1521 2669 1772 2703 competentem,
1788 2668 1876 2700 insi-a
1887 2681 1984 2710 quem
1998 2675 2149 2711 probaret
2161 2679 2303 2717 jamdic-

1292 2723 1306 2738 ν)
1333 2717 1397 2743 tam
1415 2715 1588 2746 eeclesiam
1609 2719 1649 2747 ad
1666 2728 1813 2750 mensam
1832 2722 1937 2761 ipsius
1956 2731 2149 2760 monasterii
2174 2734 2301 2771 specia-

1293 2777 1306 2792 »
1331 2765 1408 2796 liter
1424 2769 1606 2806 pertinit-re,
1627 2772 1676 2802 rel
1700 2773 1791 2803 aliud
1818 2777 2015 2809 rationabile
2037 2783 2123 2820 quod
2145 2784 2299 2824 liaberet;

1293 2830 1306 2845 n
1332 2819 1480 2859 alioquin
1505 2825 1723 2864 prescriptum
1748 2827 1904 2859 clericum
1927 2831 1958 2860 in
1982 2837 2226 2871 possessionem
2247 2851 2301 2872 ee-

1292 2883 1306 2899 »
1331 2872 1431 2904 clesie
1446 2876 1622 2913 antedicte,
1638 2879 1789 2910 submoto
1806 2883 2037 2920 appellationis
2051 2888 2231 2924 obstaculo,
2248 2894 2301 2924 in-

1291 2936 1306 2953 »
1330 2925 1462 2958 duceret
1481 2930 1682 2968 corporalem
1700 2937 1727 2962 et
1743 2937 1891 2965 tueretur
1907 2937 2090 2970 inductum.
2105 2925 2300 2978 Contradic-
