2498 3242
230 262 304 291 1115
955 255 1194 288 1100151005
1215 253 1271 283 DE
1294 245 1516 283 GREGOIRE
1539 252 1598 282 IX.
2253 247 2327 277 111ss

301 327 412 356 2061

267 388 410 423 Episcopo
434 388 593 414 Boznensi.
620 388 707 421 priori
733 386 842 413 ordinis
870 385 1099 412 Prnedicatorum
1127 383 1239 417 Sti-igo-

810 324 936 359 Spolete,
957 323 1068 350 16110111
1090 321 1164 348 1234.

231 438 325 464 nieusi
344 442 370 463 et
388 437 519 462 ministro
537 436 646 462 ordinis
663 435 805 462 Minci-utu
823 435 850 461 111
872 434 1018 467 Huugaria
1036 432 1150 458 mandat
1165 440 1239 466 qua-

231 492 330 513 tenus.
357 494 423 519 rege
451 484 616 516 Hungm-iae
642 483 870 510 satisfactionem
895 482 1019 508 debitam
1045 480 1238 515 impendente,

232 533 541 560 excomminuentionis
553 538 579 558 et
593 532 736 558 interdicti
748 532 907 558 sententias
921 534 1020 556 contra
1036 537 1101 555 eum
1118 530 1240 563 ejusque

232 584 340 609 curiam
358 582 554 616 promulgatas
570 581 705 607 studeant
722 581 858 607 relaxare.
877 596 907 600 —
929 579 1009 610 (Rae.
1030 579 1075 606 17.
1093 578 1111 603 f.
1127 577 1179 604 *202
1196 582 1239 604 v⁰2

232 640 298 658 anu.
315 630 393 657 Ylll.
406 634 462 664 post
479 639 505 656 c.
527 630 636 659 1982—
655 630 800 656 Portum
815 628 905 662 9508.)

277 754 289 765 a
316 741 352 769 lu
377 739 517 769 eundem
539 739 607 768 sere
628 738 772 769 modum,
796 737 906 767 verbis
928 739 1152 774 competenter
1171 744 1244 764 mu-

236 793 323 822 tatis.
344 792 502 830 scriptum
521 797 566 821 cst
586 800 684 829 super
702 790 762 819 hoc
781 813 800 818 ..
818 791 951 827 episeopo
970 790 1133 818 Boznensi.
1153 793 1179 816 et
1195 788 1244 816 di-

237 847 309 875 lecto
324 846 388 881 lilio
406 869 424 873 ..
441 846 543 882 priori
563 844 683 873 1111111115
703 844 929 872 Ι)1“ν1111·11111ν11111
952 842 1158 879 Striyaniensi
1178 846 1204 870 et
1223 863 1243 869 ..

238 900 302 927 111111
310 900 381 926 iso-a
393 898 480 925 ordin
489 899 512 925 is
523 898 675 925 Α1111111ν11111
692 897 721 924 in
736 897 911 932 Hztngmria.
926 895 1011 931 Quia
1023 894 1079 923 11111
1092 902 1184 923 amor
1194 910 1241 922 —.

238 952 311 980 Dat.
331 950 465 988 Spoleti.
481 950 577 979 XYII
590 948 749 978 kalendas
764 947 972 985 septembris,
987 956 1074 976 anno
1087 951 1212 976 octavo.
1230 957 1243 972 »

312 1141 431 1169 2062

277 1203 383 1230 Abbati
407 1203 512 1237 Frigidi
530 1202 646 1230 Montis.
667 1205 696 1228 et
717 1201 864 1235 magistris
885 1201 988 1235 P[etr01
1008 1202 1043 1227 de
1062 1200 1248 1233 Collemedio,

241 1253 335 1286 ipsius
347 1260 436 1286 papae
447 1251 604 1286 capellano,
618 1250 782 1284 praeposito
798 1249 896 1275 Sancti
912 1249 1079 1281 Audomari,
1095 1252 1124 1275 et
1137 1248 1250 1275 Oddoni

241 1301 277 1327 de
305 1300 457 1327 Gorlandia
482 1302 526 1333 (=
547 1299 720 1332 Gau-tandin),
738 1298 877 1325 canonico
895 1297 1067 1329 parisiensi,
1083 1312 1116 1316 —
1132 1305 1198 1324 cum
1216 1297 1251 1324 lis

242 1354 342 1376 exorta
364 1353 441 1375 essct
468 1349 542 1374 inter
563 1347 786 1374 Laudunenscm
807 1347 975 1381 episcopum
996 1350 1025 1372 et
1043 1345 1182 1380 quosdam
1205 1354 1250 1372 ca-

878 1138 965 1170 Rieu,
984 1139 997 1164 4
1014 1139 1082 1164 aout
1099 1138 1176 1165 1234.

244 1399 366 1424 nonicos
391 1397 599 1423 Laudunenses
625 1404 714 1430 supet·
743 1395 930 1430 inquisitione.
954 1395 1095 1421 adversus
1117 1395 1250 1422 eumdem

244 1447 414 1482 episcopum
435 1445 604 1480 impetrata,
621 1459 656 1465 —
672 1444 786 1471 mandat
803 1448 946 1479 quatenus
963 1444 989 1470 111
1007 1443 1138 1478 ejusdem
1156 1443 1253 1478 inqui-

245 1495 359 1522 sitionis
386 1495 518 1527 negotio.
544 1498 627 1520 antea
655 1495 801 1520 incassum
827 1493 964 1527 episcopo
992 1492 1202 1518 silvanectensi
1225 1496 1251 1518 et

246 1544 310 1577 ejus
332 1543 451 1577 collegis
475 1543 642 1569 commisso.
668 1542 832 1576 procedant,
860 1541 914 1567 11151
934 1541 968 1567 ab
992 1541 1091 1567 eodem
1116 1540 1252 1575 episcopo

246 1592 280 1618 de
312 1592 357 1618 his
385 1600 458 1626 quae
487 1594 691 1626 proposuerat,
722 1590 808 1616 fuerit
839 1590 912 1616 facta
943 1589 1024 1615 fidos.
1048 1604 1080 1608 —
1103 1589 1186 1622 (Risu.
1210 1590 1252 1621 17,

247 1640 265 1666 f.
283 1640 333 1667 2023
352 1646 390 1666 r⁰·.
408 1639 568 1666 :.:.n.V111,
586 1648 612 1665 c.
633 1640 697 1666 190:
716 1654 748 1658 —
764 1639 800 1665 cf.
817 1646 912 1672 supra,
932 1645 960 1664 n⁰
980 1638 1066 1671 1943.)

291 1763 301 1773 a
333 1772 352 1777 ..
377 1750 477 1777 ahtau·
499 1748 620 1785 Γνῐῃίᾱί
643 1749 761 1783 Montis,
789 1748 946 1784 maslislris
962 1748 994 1775 P.
1016 1747 1048 1775 (Ie
1064 1747 1253 1782 Collemedio,

248 1802 403 1839 caprllano
421 1806 531 1829 nostro.
545 1802 696 1838 preposito
710 1801 817 1829 Sancti
829 1800 1011 1835 Audomari,
1027 1801 1214 1828 &elwacensis
1230 1805 1256 1829 et

247 1856 428 1884 Enorimnxis
453 1854 621 1882 diocesani.
650 1858 675 1881 ct
705 1853 821 1881 Oddoni
845 1853 878 1881 (Ie
902 1853 1078 1882 Gorlamlia.
1108 1854 1256 1882 canonico

247 1907 426 1936 Parisinus.
448 1906 683 1944 Inquisitionis
703 1906 834 1941 nef-‘otio
857 1905 1015 1935 adversus
1032 1905 1257 1935 venerabilem

247 1960 381 1988 fratr-*m
407 1963 555 1987 nostrum
581 1982 600 1986 ..
621 1958 811 1996 episcopum
834 1958 1090 1988 Laudunensem
1112 1958 1151 1987 ad
1172 1958 1257 1988 insi-

247 2012 440 2041 nuationern
454 2011 619 2050 quondam
637 2012 682 2046 S,
696 2011 824 2047 decani,
843 2015 873 2041 et
890 2011 1125 2049 magistrorum
1140 2010 1257 2041 ζ11100111

247 2065 285 2094 de
304 2065 443 2094 Diuant.
465 2064 595 2093 Andree
613 2074 650 2094 ac
667 2064 851 2099 Lamberti,
871 2064 1105 2093 canonifflrum
1125 2064 1257 2093 Laudu—

247 2118 420 2147 nensium.
451 2117 507 2155 qui
538 2126 572 2146 se
603 2117 794 2146 asserebant
827 2125 843 2145 a
871 2116 1015 2154 capitulo
1041 2116 1257 2146 Laudunensi

247 2171 461 2200 transmissos
483 2170 521 2199 ad
544 2170 783 2199 insinuandum
803 2169 963 2208 quosdam
980 2178 1134 2199 excessus
1154 2173 1185 2198 et
1201 2169 1258 2198 de-

247 2224 352 2253 fectus
382 2223 503 2261 quibus
532 2223 641 2260 ipsum
675 2222 845 2261 subjacere
876 2222 1040 2257 (licebant,
1073 2221 1257 2251 venerabili

247 2277 343 2306 fratri
367 2281 477 2305 nostro
501 2299 520 2304 ..
544 2276 696 2313 episcopo
717 2275 960 2304 ι,91111111110101151
982 2279 1013 2304 01
1033 2274 1168 2311 collegis
1186 2274 1257 2304 suis

248 2338 286 2359 ex
305 2329 412 2359 officio
431 2332 543 2358 nostro
563 2328 755 2357 commisso.
775 2332 803 2357 et
824 2327 937 2357 eodem
957 2327 1108 2365 episcopo
1125 2326 1258 2356 Laudu-

248 2382 345 2412 nensi
370 2381 409 2410 ab
432 2381 529 2419 ipsis.
552 2390 610 2418 pro
631 2390 668 2409 eo
688 2380 774 2418 quod
791 2380 990 2418 quibusdam
1008 2379 1257 2418 exceptionibus

247 2434 476 2473 probabilibus
498 2442 563 2463 non
585 2433 740 2463 admissis
762 2433 796 2462 in
814 2433 946 2470 negotio
963 2432 1199 2470 procedebant,
1218 2433 1258 2462 ad

248 2492 395 2518 nostram
418 2486 622 2516 audientiam
644 2485 831 2524 appellante
849 2495 855 2514 z
875 2494 951 2519 nos,
977 2485 1058 2514 actis
1078 2485 1258 2523 inquisito-

247 2550 332 2570 rum.
351 2539 457 2578 quoad
475 2548 511 2569 ea
527 2548 588 2577 que
606 2538 842 2575 contingebant
859 2541 994 2568 causam
1011 2537 1255 2576 appellationis,

247 2593 424 2631 inspectis.
450 2597 479 2622 et
504 2592 627 2621 auditis
649 2592 749 2621 etiam
773 2600 809 2621 ex
833 2590 1041 2620 habundanti
1064 2599 1127 2629 que
1150 2590 1257 2621 (lictus

248 2646 406 2683 magister
428 2645 577 2674 Andreas
597 2643 766 2682 proposuit
788 2643 875 2673 circa
898 2643 986 2681 ipsa,
1013 2643 1091 2681 quia
1110 2643 1259 2673 constitit

249 2699 288 2728 ab
306 2698 429 2728 eisdem
447 2696 706 2735 inquisitoribus
724 2696 870 2733 legitime
885 2700 1108 2734 provocatum,
1127 2704 1259 2734 proces-

249 2761 321 2781 sum
339 2751 485 2789 ipsorum
503 2750 710 2779 <lecrevimus
728 2758 792 2779 non
810 2749 931 2779 valere.
950 2749 1102 2779 Ceterum
1121 2749 1258 2786 prefatis

248 2803 417 2841 magistris
439 2802 560 2833 Jacobo
582 2802 619 2832 110
642 2802 780 2835 Dinant,
803 2801 1038 2831 archidiacono
1057 2801 1256 2837 Morinensi,

248 2856 379 2886 Andrea
395 2860 425 2885 et
439 2855 636 2885 Gondacrio.
653 2855 822 2884 canonicis
840 2853 1131 2888 Laudunensibus,
1149 2854 1206 2892 qui
1223 2862 1257 2884 se

248 2908 474 2948 proponebant
487 2912 716 2946 procuratores
729 2916 746 2937 a
761 2907 904 2946 capitulo
920 2906 1112 2941 destinatos,
1129 2915 1147 2935 a
1161 2906 1257 2937 nobis

1321 318 1486 348 instanter
1503 317 1693 356 petentibus
1713 321 1759 346 ut.
1782 325 1856 346 cum
1879 324 1944 345 non
1966 319 2076 345 essent
2096 314 2328 353 inquisitionis

1322 370 1431 400 littere
1452 374 1620 402 revocate,
1637 369 1763 408 inquiri
1781 369 1819 399 de
1838 368 1996 407 predictis
2013 367 2202 398 excessibus
2221 367 2328 396 denuo

1322 423 1574 454 mandaremus,
1609 422 1783 460 episcopus
1814 421 1903 451 idem
1935 420 2127 458 excipiendo
2159 419 2329 458 proposuit

1323 476 1420 515 quod,
1437 485 1511 506 cum
1530 499 1547 504 ..
1565 476 1709 505 decanus
1726 478 1757 505 et
1774 474 1831 504 alii
1848 473 1904 512 qui
1921 473 2082 512 premisse
2098 472 2330 511 inquisitionis

1322 529 1451 559 litteras
1470 529 1700 567 impetrarunt,
1722 536 1820 565 super
1836 525 2056 565 inquisitione
2075 524 2238 560 habenda,
2257 533 2331 562 pre-

1325 582 1438 612 sertim
1451 590 1550 619 super
1563 580 1762 620 quibusdam
1779 579 1935 617 gravibus
1952 577 2141 608 excessibus
2157 578 2191 607 in
2206 577 2332 608 eisdem

1325 634 1489 665 contentis
1521 634 1659 668 litteris,
1692 641 1883 671 expressum
1915 641 1933 661 a
1964 630 2107 669 capitulo
2139 630 2332 660 mandatum

1326 686 1517 717 nullatenus
1534 686 1748 724 recepissent,
1769 685 1849 724 quin
1869 684 1970 714 immo
1987 693 2005 714 a
2020 683 2137 722 majori
2158 687 2189 713 et
2207 683 2332 713 saniori

1327 744 1417 778 parte
1434 740 1539 778 ipsius
1556 738 1704 777 capituli,
1723 738 1773 768 vel
1790 737 1906 768 saltem
1925 747 1942 767 a
1959 741 2003 767 tot
2019 737 2058 767 de
2076 736 2219 774 capitulo
2235 736 2269 765 id
2284 736 2333 766 eis

1327 802 1480 831 expresse
1499 792 1618 821 fuisset
1639 791 1821 821 inhibitum
1840 790 1892 820 vel
1911 790 2009 820 etiam
2027 789 2284 824 contradictum,
2303 793 2335 819 et

1329 845 1385 875 tali
1403 850 1547 883 tempore
1564 845 1650 883 quod
1667 853 1778 874 eorum
1796 843 1954 873 inhibitio
1971 853 2029 873 seu
2046 842 2262 873 contradictio
2279 842 2336 873 de-

1328 898 1399 927 buit
1416 898 1454 928 de
1470 898 1544 937 jure
1562 897 1684 932 valere,
1703 896 1855 935 quodque
1872 896 1920 925 hii
1940 896 1996 935 qui
2012 896 2157 934 prefatos
2174 895 2336 925 decanum

1329 954 1360 980 et
1376 950 1483 980 socios
1501 951 1572 989 eJ'us
1593 949 1727 979 misisse
1748 949 1904 978 dicuntur
1922 949 1960 979 de
1982 949 2134 986 episcopo
2154 947 2234 978 talia
2250 957 2337 978 nun-

1330 1003 1424 1038 tiare,
1440 1003 1481 1033 ad
1493 1003 1553 1033 hec
1569 1002 1773 1032 insinuanda
1789 1010 1854 1031 non
1872 1001 1938 1031 zelo
1951 1001 2093 1040 justitie,
2108 1000 2165 1030 sed
2179 1004 2256 1039 typo
2271 1009 2338 1030 ma-

1329 1058 1401 1088 litie
1419 1057 1471 1088 vel
1487 1058 1554 1087 odii
1573 1057 1687 1087 fomite
1704 1059 1954 1095 processerunt,
1973 1064 2047 1085 cum
2066 1059 2177 1085 essent
2194 1055 2264 1094 ejus
2281 1055 2339 1085 ad-

1330 1111 1471 1141 versarii
1487 1110 1670 1145 manifesti,
1683 1114 1713 1140 et
1727 1109 1989 1149 conjurationem
2006 1117 2043 1138 ac
2059 1108 2340 1146 conspirationem

1331 1164 1479 1194 fecerant
1495 1168 1608 1194 contra
1627 1172 1713 1198 eum,
1730 1171 1795 1192 non
1813 1165 1883 1192 erat
1898 1161 2040 1191 ulterius
2056 1161 2091 1190 in
2107 1160 2340 1199 inquisitionis

1332 1217 1463 1255 negotio
1483 1216 1738 1255 procedendum.
1757 1216 1803 1246 Ex
1823 1215 1960 1245 adverso
1976 1218 2086 1244 autem
2104 1214 2226 1252 prefati
2241 1222 2341 1244 cano-

1332 1271 1399 1300 nici
1414 1270 1618 1309 replicarunt
1634 1269 1731 1308 quod,
1750 1277 1824 1299 cum
1840 1268 2007 1306 predictus
2024 1267 2168 1297 decanus
2185 1270 2341 1297 tractaret
2356 1283 2360 1287 ν

1332 1323 1367 1353 10
1385 1322 1528 1361 capitulo
1544 1322 1582 1352 de
1596 1322 1768 1352 mittendis
1784 1321 1912 1350 nuntiis
1929 1320 1969 1350 ad
1986 1320 2102 1350 Sedem
2117 1319 2342 1358 Apostolicam

1333 1385 1391 1414 pro
1407 1376 1475 1406 vita
1494 1380 1524 1405 et
1540 1375 1638 1405 factis
1655 1374 1802 1414 ejusdem
1819 1373 1963 1412 episcopi
1981 1372 2194 1407 nuntiandis,
2213 1372 2342 1410 capitu-

1333 1429 1403 1459 lum
1426 1432 1568 1467 quatuor
1590 1428 1628 1458 de
1651 1427 1821 1457 canonicis
1842 1426 2024 1464 elegerunt,
2046 1425 2178 1464 plenam
2195 1425 2264 1455 illis
2284 1434 2342 1464 po-

1335 1486 1487 1512 testatem
1504 1481 1648 1519 eligendi
1666 1480 1801 1510 nuntios
1819 1483 1849 1509 et
1865 1479 1965 1509 dandi
1982 1479 2121 1508 formam
2134 1478 2227 1518 juxta
2243 1487 2342 1517 quam

1335 1535 1493 1565 deberent
1518 1533 1693 1572 procedere
1718 1532 1953 1566 concedentes3
1974 1531 2031 1571 qui
2056 1531 2194 1570 prefatis
2219 1531 2343 1561 decano

1294 1605 1297 1609 ·
1336 1593 1367 1618 et
1384 1587 1471 1621 aliis,
1486 1591 1522 1616 ut
1537 1586 1792 1625 inquisitionem
1809 1589 1923 1615 contra
1939 1584 2063 1614 dictum
2079 1584 2268 1622 episcopum
2284 1583 2343 1613 im-

1335 1644 1502 1679 petrarent
1520 1644 1549 1669 et
1565 1639 1759 1668 nuntiarent
1777 1639 1924 1668 defectus
1941 1641 1971 1667 et
1993 1646 2146 1667 excessus
2162 1635 2287 1675 ipsius,
2305 1646 2343 1667 ex

1336 1697 1427 1731 parte
1451 1692 1587 1730 capituli
1611 1692 1863 1721 mandaverunt.
1888 1691 1970 1727 Quia
1995 1699 2072 1720 vero
2092 1690 2190 1728 plena
2213 1690 2252 1720 de
2269 1699 2344 1728 pre-

1337 1746 1450 1775 missis
1468 1745 1562 1774 nobis
1579 1745 1651 1774 fieri
1669 1753 1733 1773 non
1748 1744 1853 1782 potuit
1869 1743 2042 1773 certitudo.
2061 1743 2254 1772 discretioni
2271 1751 2345 1785 ves-

1340 1801 1386 1827 tre
1403 1807 1459 1836 per
1482 1797 1661 1835 apostolica
1680 1797 1802 1835 scripta
1820 1796 2017 1826 mandamus
2036 1799 2211 1834 quatenus,
2232 1784 2345 1834 inqui·
2362 1789 2372 1797 ⁸

1338 1851 1402 1880 sita
1420 1860 1518 1888 super
1532 1849 1598 1879 hiis
1616 1849 1810 1887 diligentius
1827 1849 1976 1883 veritate,
1991 1848 2018 1878 si
2036 1848 2128 1878 vobis
2145 1848 2344 1883 constiterit,

1337 1903 1479 1941 receptis
1495 1903 1573 1932 hinc
1588 1902 1664 1932 inde
1677 1901 1939 1940 probationibus,
1953 1904 2172 1931 memoratum
2185 1900 2347 1930 decanum

1339 1961 1370 1987 et
1386 1956 1469 1986 alios
1486 1966 1503 1986 a
1519 1956 1663 1994 capitulo
1677 1955 1728 1986 vel
1743 1965 1760 1985 a
1772 1959 1913 1994 quatuor
1926 1955 2113 1990 antedictis,
2132 1957 2345 1992 expressum¹

1339 2018 1439 2047 super
1459 2009 1651 2048 hujusmodi
1675 2008 1865 2039 excessibus
1889 2007 1988 2037 dandi
2009 2007 2056 2037 eis
2081 2007 2273 2036 mandatum
2288 2015 2347 2045 po-

1339 2066 1491 2092 testatem
1511 2062 1730 2094 habentibus,
1754 2070 1944 2100 expressum
1965 2060 2131 2098 recepisse
2153 2059 2348 2089 mandatum

1340 2116 1378 2146 de
1404 2115 1568 2145 contentis
1598 2115 1633 2144 in
1660 2114 1828 2153 prioribus
1859 2113 1982 2143 nostris
2009 2112 2130 2143 litteris
2157 2111 2346 2142 excessibus

1340 2168 1551 2203 nuntiandis,
1570 2172 1601 2197 et
1618 2167 1837 2206 inquisit-ione
1854 2176 1952 2205 super
1972 2166 2054 2204 ipsis
2076 2165 2266 2196 excessibus
2283 2165 2348 2194 im-

1338 2221 1509 2259 petranda,
1524 2221 1590 2250 nisi
1606 2220 1646 2250 ab
1663 2220 1776 2250 eodem
1794 2220 1945 2258 episcopo
1962 2219 2000 2249 de
2017 2219 2084 2249 hiis
2101 2228 2164 2257 que
2178 2217 2348 2257 proposuit

1339 2273 1391 2303 vel
1405 2282 1519 2303 eoru-m
1537 2273 1658 2312 aliquo,
1669 2272 1771 2303 fuerit
1786 2272 1873 2302 facta
1888 2272 1981 2308 fides,
1993 2272 2028 2301 in
2042 2271 2262 2310 inquisitione
2276 2279 2348 2309 pro-

1340 2326 1464 2355 cedatis
1481 2326 1594 2356 eadem
1610 2326 1704 2365 juxta
1723 2325 1871 2364 priorum
1891 2324 2132 2355 continentiam
2147 2323 2346 2354 litterarum.

1339 2378 1499 2417 Alioquin
1525 2379 1657 2417 negotio
1684 2377 1928 2416 supersedeatis
1956 2377 2075 2407 eidem.
2102 2376 2196 2413 Quod
2226 2376 2254 2406 si
2281 2384 2347 2405 non

1340 2440 1454 2461 omnes
1472 2436 1546 2467 etc.‚
1564 2431 1628 2461 duo
1644 2435 1791 2461 vestrum
1808 2434 1869 2461 ete.
1886 2431 1958 2460 Dat.
1978 2431 2100 2465 Reate,
2119 2430 2152 2459 II
2167 2437 2272 2459 nonas
2288 2437 2348 2458 au-

1340 2485 1439 2522 gusti,
1458 2493 1544 2514 anno
1560 2488 1684 2514 octavo.
1705 2496 1717 2510 >1

1411 2650 1529 2678 2083
1930 2648 2018 2680 raeti,
2035 2647 2067 2674 24
2081 2647 2176 2682 juillet
2197 2646 2275 2674 1234.

1376 2712 1606 2746 Archiepiscopo
1621 2711 1768 2744 Toletano,
1780 2712 1829 2746 qui
1844 2715 1972 2737 castrum
1984 2710 2110 2742 Quesata
2125 2710 2283 2743 vulgariter
2298 2717 2348 2744 ap-

1340 2761 1487 2795 pellatum,
1511 2760 1598 2786 situm
1623 2760 1697 2786 inter
1717 2759 1893 2786 Sarracenos
1915 2757 2110 2785 Christianum
2134 2757 2271 2792 populum
2291 2756 2348 2783 im-

1340 2813 1514 2844 pugnantes,
1537 2816 1592 2834 non
1615 2808 1679 2834 sine
1702 2808 1814 2843 magnis
1835 2807 1972 2843 periculis
1991 2810 2019 2833 et
2038 2806 2204 2840 sumptibus
2220 2805 2348 2840 copiosis

1372 2917 1393 2941 1.
1409 2919 1459 2940 Ms.
1475 2924 1480 2940 :
1498 2923 1667 2947 expressam.
