2498 3242
185 276 243 308 917

187 342 262 373 citis
275 346 306 373 et
318 342 496 377 mandatis,
512 341 731 373 hereditatem
747 343 894 381 ipsorum
907 342 1201 385 vendidiceosque

187 395 222 425 in
239 395 388 431 exilium,
406 395 560 426 misereri
578 395 754 435 nequiens,
772 396 1011 426 miserabiliter
1027 393 1198 432 relegavit.

187 448 257 478 Ista
277 447 411 487 quidem
434 456 526 483 cum,
544 452 641 486 prout
661 448 726 478 sibi
746 448 862 479 feralis
879 447 1077 486 suggerebat
1096 447 1201 484 impe-

188 504 252 536 tus,
270 500 482 539 perfecisset,
500 500 651 535 tandem,
670 495 707 531 ¹ut
723 501 896 537 asseritur,
915 500 1050 540 majoris
1069 499 1201 529 insanie

187 553 308 592 spiritu
325 553 525 588 concitatus,
547 552 588 583 ad
603 553 841 583 desiderabilia
861 553 1007 592 episcopi
1027 551 1201 592 memorati

189 605 370 644 sacrilegas
386 614 505 636 manus
521 606 720 638 extendens,
739 616 802 645 que
825 606 896 636 suis
913 606 1030 636 usibus
1046 605 1200 643 dampna-

188 658 301 689 biliter
319 658 505 697 deputavit,
529 663 560 689 et
581 659 723 689 eundem
739 659 889 690 diffidat-e
908 659 1039 698 publice
1055 667 1120 688 non
1138 659 1200 688 sor-

188 711 331 746 midans,
349 711 384 741 in
400 711 507 750 ipsius
525 711 740 742 lamentabile
759 712 1007 747 detrimentum,
1028 720 1106 741 voce
1121 711 1201 741 fecit

187 764 344 803 preconia
374 763 573 802 proclamari
603 765 690 803 quod
716 765 918 804 quicumque
947 764 1093 803 aliquem
1125 773 1200 794 cum

189 817 338 856 ejusdem
363 817 509 856 episcopi
531 817 653 847 litteris
678 817 862 851 inveniret,
888 817 955 847 nisi
975 826 1050 847 eum
1069 821 1201 855 caperet

187 869 239 899 vel
265 869 336 899 suis
356 870 428 908 capi
449 870 651 900 clamoribus
672 875 880 909 procuraret,
904 870 1051 900 infidelis
1072 874 1103 900 et
1125 879 1200 908 pro-

187 922 273 952 ditor
284 922 475 957 haberetur,
491 923 526 952 in
540 927 629 953 certa
643 932 772 953 summa
784 924 924 962 pecunie
934 925 944 945 ¹
958 923 1200 961 condempnan-

187 975 258 1005 dus.
275 975 442 1006 Ceterum.
461 976 548 1015 quod
565 984 630 1006 non
650 975 758 1006 solum
771 976 920 1007 dolentes
937 976 1127 1011 scribimus,
1143 975 1201 1006 sed

187 1028 301 1059 tristes
318 1029 419 1059 etiam
436 1029 635 1067 cogitamus,
654 1029 757 1059 balivi
771 1029 912 1068 predicti
930 1029 1064 1063 nobilis,
1083 1029 1117 1058 in
1132 1029 1201 1060 evi-

187 1081 269 1112 dens
287 1081 501 1120 opprobrium
519 1082 596 1113 fidei
613 1081 814 1117 christiane,
833 1082 1034 1113 Sarracenos
1052 1091 1126 1111 cum
1142 1082 1201 1112 fla-

184 1134 284 1173 ·gellis
301 1139 332 1165 et
350 1134 508 1170 stimulis,
531 1144 589 1173 pro
611 1135 806 1173 frangendis
826 1135 977 1165 ecclesiis
997 1135 1032 1164 in
1058 1134 1201 1173 Calagu-

188 1187 298 1217 ritana
327 1187 451 1218 diocesi
479 1188 687 1222 constitutis,
715 1192 746 1218 et
773 1187 974 1226 quibusdam
1005 1196 1041 1218 ex
1067 1187 1201 1218 illarum

188 1239 319 1270 clericis
335 1240 543 1275 detinendis,
564 1250 624 1271 nec
644 1249 709 1270 non
726 1250 784 1279 pro
800 1234 877 1271 aliis
893 1240 1126 1275 stimulandis,
1145 1241 1202 1280 qui

187 1293 309 1332 prefati
329 1293 476 1331 episcopi
496 1293 547 1323 vel
559 1293 712 1332 judicum
729 1293 956 1331 delegatorum
975 1302 991 1322 a
1009 1293 1105 1323 nobis
1126 1302 1203 1324 sen-

188 1345 327 1376 tentiam
347 1346 579 1380 observarent,
597 1346 729 1375 mittere
745 1350 1032 1384 presumpserunt.
1056 1347 1125 1376 Hec
1143 1356 1203 1376 au·-

188 1401 266 1433 tem,
285 1398 312 1428 si
333 1398 518 1436 presidium
534 1398 686 1428 obtinent
702 1398 871 1433 veritatis,
892 1407 966 1428 cum
984 1399 1051 1428 sint
1066 1408 1203 1437 prorsus

188 1450 306 1489 pietati
319 1451 431 1481 divine
445 1452 612 1481 contraria
628 1455 660 1481 et
674 1451 833 1481 humanis
849 1451 1024 1482 affectibus
1040 1452 1204 1490 multipli-

188 1503 272 1534 citer
287 1503 518 1542 inimicaque
534 1507 626 1534 tanto
643 1513 703 1534 nos
719 1504 784 1542 ipsi
797 1504 910 1534 minus
927 1504 1068 1535 tolerare
1084 1513 1203 1543 possu-

187 1565 273 1592 mus,
287 1560 412 1595 quanto
423 1557 558 1595 penitus
568 1556 693 1587 rationi
707 1557 844 1586 dissona
855 1557 1092 1595 persentimus,
1108 1557 1203 1588 celsi-

187 1609 338 1640 tudinem
353 1613 443 1639 tuam
457 1618 613 1648 rogamus
626 1614 658 1640 et
669 1609 883 1640 obsecramus
894 1610 930 1639 in
942 1610 1085 1640 Domino
1095 1609 1203 1641 Jhesu

187 1661 337 1698 Christo,
355 1662 390 1691 in
409 1662 644 1692 remissionem
660 1662 722 1692 tibi
737 1662 969 1700 peccaminum
986 1663 1202 1702 injungentes

187 1719 367 1754 quatenus,
386 1715 568 1754 prudenter
582 1715 758 1746 attendens
776 1715 857 1755 quid
872 1715 997 1746 habeas
1016 1715 1154 1746 honoris
1171 1720 1203 1746 et

187 1768 291 1807 glorie
300 1768 340 1798 de
348 1768 481 1799 liberali
490 1768 597 1806 gratia
606 1768 808 1804 Conditoris,
819 1768 947 1799 illatam
957 1769 1202 1808 superpremis-

187 1821 234 1852 sis
245 1821 619 1860 injuriam—potestate
629 1821 691 1851 tibi
700 1821 821 1851 tradita
831 1822 978 1860 corrigas
990 1826 1021 1852 et
1032 1822 1200 1858 emendes,

186 1873 430 1904 Calciatensem
444 1873 620 1904 ecclesiam
636 1874 683 1904 ita
698 1883 881 1912 procurans
896 1875 932 1904 in
949 1875 1129 1913 integrum,
1144 1884 1203 1913 per

185 1926 434 1957 restitutionem
459 1926 667 1957 sublatorum
692 1927 860 1963 omnium,
886 1927 1086 1963 restaurari,
1115 1928 1203 1967 quod

185 1979 374 2018 sepedictus
395 1979 589 2018 episcopus,
613 1979 760 2018 predicto
776 1981 816 2010 D.
834 1984 865 2010 et
882 1980 987 2010 nobili
1003 1980 1074 2010 viro
1090 1981 1199 2019 Lupo,

183 2036 277 2071 patre
297 2041 374 2067 suo,
396 2032 608 2063 cessantibus
629 2041 647 2062 a
668 2032 832 2063 molestiis
855 2033 1043 2068 consuetis,
1067 2037 1123 2063 tua
1143 2042 1202 2072 po-

184 2085 289 2115 tentia
305 2085 519 2123 disponente,
541 2085 634 2124 pacis
653 2089 684 2116 et
700 2085 824 2124 quietis
844 2086 964 2123 gaudio
983 2086 1135 2116 foveatur
1150 2104 1200 2115 —.

183 2139 258 2169 Dat.
275 2138 444 2173 Laterani,
462 2138 547 2168 XIII
558 2137 720 2168 kalendas
732 2138 893 2178 januarii,
912 2147 999 2168 anno
1015 2139 1168 2177 septimo.
1185 2151 1199 2165 r>

258 2310 371 2339 1682

188 2384 193 2387 -
221 2372 428 2400 Visitatoribus
454 2373 696 2400 monasteriorum
722 2376 922 2407 exemptorum
950 2381 1001 2408 per
1024 2373 1201 2402 Remensem

183 2421 359 2456 provinciam
376 2421 544 2448 constitutis
561 2421 677 2448 mandat
691 2425 836 2456 quatenus
851 2422 926 2448 circa
944 2421 1092 2449 Simonem
1104 2444 1110 2455 ‚
1128 2431 1201 2458 pau-

184 2478 283 2506 perem
307 2471 482 2497 monachum
506 2471 674 2497 monasterii
697 2470 796 2497 Sancti
814 2469 962 2498 Landelini
980 2471 1015 2497 de
1039 2470 1199 2506 Crispinio‚

184 2519 245 2555 qui,
257 2519 447 2551 cruciatibus,
461 2519 626 2555 opprobriis
639 2523 668 2546 et
680 2519 850 2546 verberibus
860 2519 895 2545 ab
908 2519 1040 2554 eiusdem
1053 2525 1200 2547 monaste-

184 2567 220 2595 rii
232 2568 381 2594 monacbis
392 2567 525 2601 afflictus,
539 2568 742 2595 monachatum
758 2571 786 2594 et
803 2568 933 2594 ordinem
950 2576 1036 2603 quem
1050 2569 1201 2603 professus

183 2617 293 2649 fuerat,
311 2617 524 2651 resignaverat,
537 2618 622 2651 juxta
635 2617 712 2652 quod
729 2625 822 2651 nuper
837 2616 872 2643 ab
889 2616 953 2652 ipso
971 2625 1042 2652 papa
1056 2617 1150 2644 suerat
1164 2617 1200 2644 de

696 2309 810 2343 Latran,
828 2310 861 2337 23
879 2310 1033 2337 decembre
1053 2310 1128 2338 1233.

185 2665 330 2699 religiosis
346 2664 477 2699 fugitivis
489 2665 534 2691 vel
545 2665 650 2700 ejectis
665 2668 816 2698 statutum,
830 2665 997 2700 procedant.
1013 2680 1046 2684 —
1058 2665 1142 2698 (Rau.
1158 2666 1213 2703 17ἰ

184 2713 203 2741 t'.
221 2713 272 2741 120
289 2719 333 2745 νος
350 2721 418 2740 nnn.
434 2712 506 2746 VII,
523 2721 550 2741 c.
566 2713 634 2746 4233
651 2727 688 2735 —
701 2714 739 2742 cf.
757 2713 905 2742 Pori-mer
921 2715 1012 2748 965¹.)

225 2828 238 2843 ιι
261 2817 473 2846 visitatoribus
493 2818 754 2846 monasteriorum
772 2822 981 2855 exemplorum
1001 2826 1056 2855 per
1074 2819 1200 2847 Remen-

217 2942 236 2966 l.
254 2944 303 2967 Ms.
320 2951 326 2966 :
343 2942 468 2973 pecunia.

1044 266 1258 306 SEPTIEME
1279 267 1440 306 ANNEE.

2240 283 2298 313 918

1283 349 1341 370 sem
1366 344 1563 379 provinciam
1591 345 1775 374 constitutis.
1801 345 1935 374 Simon.
1966 355 2089 384 pauper
2115 348 2296 378 monachus

1284 395 1479 424 monasterii
1496 396 1608 425 Sancti
1626 397 1800 426 Laudclini
1818 397 1856 427 de
1873 397 2056 436 Crispinio.
2076 399 2296 430 Cameracen-

1284 446 1330 476 sis
1347 446 1506 483 diocesis,
1529 458 1589 478 sua
1612 449 1707 479 nobis
1725 450 1952 479 insinuatione
1978 453 2176 482 monstravit
2197 453 2295 492 quod,

1284 507 1359 528 cum
1375 500 1454 529 olim
1472 524 1490 529 ..
1507 501 1609 531 abbas
1626 511 1718 532 suus.
1733 502 1837 531 animi
1852 507 1965 532 contra
1982 513 2056 533 cum
2072 514 2207 535 rancore
2224 514 2297 536 con-

1284 557 1391 590 cepto.
1410 554 1634 591 quorundam,
1661 559 1695 583 ut
1716 554 1848 589 dicitur,
1870 555 2054 585 emulorum
2078 566 2213 587 suorum
2241 568 2298 589 ne-

1284 605 1391 643 quitia
1418 606 1578 641 faciente,
1603 607 1712 645 ipsum
1735 607 1773 637 dc
1800 608 2001 638 monasterio
2024 619 2080 647 per
2104 610 2298 640 violentiam

1284 657 1447 697 ejecisset.
1467 660 1523 696 [et]
1540 659 1627 689 idem
1649 660 1797 694 taudem,
1816 670 1873 698 per
1893 670 2016 689 annum
2039 666 2068 690 et
2086 663 2238 700 amplius,
2259 664 2298 693 ad

1283 710 1406 740 ostium
1423 716 1515 741 stans
1533 712 1566 741 in
1585 712 1700 742 habitu
1718 712 1906 742 monachali
1922 718 1951 743 et
1965 714 2101 751 pulsans
2117 724 2189 744 cum
2205 716 2298 745 lacri-

1283 763 1362 797 mis,
1381 763 1421 793 ab
1440 787 1459 792 ..
1479 764 1596 794 abbate
1614 769 1644 795 et
1665 770 1828 795 conventu
1853 766 1931 795 dicti
1955 768 2148 796 monasterii
2167 769 2298 797 veniam

1282 816 1499 855 postulasset,
1522 817 1586 855 ipsi
1610 822 1735 851 tamen,
1753 818 1877 848 clausis
1895 818 2027 856 pietatis
2044 819 2229 850 visceribus
2247 821 2299 850 in-

1282 869 1392 899 debite
1406 874 1519 899 contra
1537 879 1629 900 eum.
1648 879 1839 909 quanquam
1857 870 1947 900 nulla
1971 871 2182 901 rationabilis
2199 882 2299 903 causa

1282 922 1492 960 processerit,
1510 922 1620 961 ipsum
1637 923 1783 961 recipcre
1800 928 2008 954 recusarunt.
2027 924 2118 954 salva
2132 925 2231 954 etiam
2246 935 2299 955 or-

1284 974 1373 1004 dinis
1401 975 1590 1014 disciplina.
1615 975 1697 1006 Cum
1721 980 1832 1005 autem
1858 1000 1876 1005 ..
1901 976 2053 1007 officialis
2077 978 2253 1008 Remensis
2279 1002 2298 1007 ..

1284 1027 1408 1068 decano
1426 1028 1538 1058 Sancti
1559 1028 1739 1067 Gaugerici
1760 1028 2030 1061 Cameracensis,
2052 1030 2298 1068 metropolitani

1285 1080 1336 1110 sui
1364 1081 1577 1116 auctoritate,
1603 1081 1793 1111 mandasset
1818 1086 1872 1114 ut.
1900 1092 1963 1121 qua
1990 1082 2028 1112 de
2052 1092 2148 1112 causa
2174 1083 2299 1122 ejectus

1285 1133 1404 1163 suisset
1425 1134 1510 1164 idem
1534 1134 1729 1164 monachus.
1751 1134 1936 1173 inquireret
1956 1134 2086 1173 plenius
2108 1136 2298 1171 veritatem,

1285 1186 1364 1216 dicti
1387 1186 1489 1216 abbas
1512 1191 1542 1216 ct
1564 1191 1758 1221 conventus,
1783 1187 2015 1226 inquisitionis
2040 1197 2103 1217 non
2131 1193 2300 1227 expectato

1285 1240 1447 1271 examine,
1468 1239 1659 1269 obtulerunt
1683 1240 1770 1279 quod
1793 1240 1897 1278 parati
1922 1245 2016 1270 erant
2039 1250 2114 1271 eum
2139 1242 2297 1279 recipere,

1285 1292 1363 1331 quia
1380 1292 1504 1322 nullam
1519 1293 1643 1331 justam
1661 1293 1694 1321 in
1713 1301 1750 1321 eo
1766 1302 1900 1322 causam
1917 1293 2125 1324 invenerant.
2144 1294 2184 1323 ob
2201 1303 2299 1332 quam

1285 1349 1373 1375 esset.
1391 1349 1500 1374 actum
1515 1345 1626 1375 taliter
1642 1349 1755 1375 contra
1775 1354 1861 1375 eum.
1879 1346 1950 1382 Quo
1967 1346 2098 1376 demum
2116 1347 2155 1375 ad
2172 1356 2300 1376 monas—

1286 1398 1422 1431 terium,
1446 1398 1484 1427 de
1504 1398 1625 1436 prefati
1648 1399 1763 1428 decani
1789 1399 1953 1429 mandato.
1977 1408 2125 1435 reverso,
2145 1400 2205 1429 etsi
2224 1408 2299 1429 cum

1285 1451 1366 1480 dicti
1382 1451 1483 1480 abbas
1501 1454 1529 1480 et
1548 1455 1745 1481 conventus.
1767 1456 1801 1480 ut
1824 1452 2061 1489 promiserant,
2083 1452 2297 1490 recepissent,

1285 1507 1320 1533 ut
1337 1507 1447 1533 tamen
1464 1504 1499 1532 in
1516 1504 1669 1533 effectum
1685 1504 1839 1533 transiret
1860 1504 2033 1542 dispositio
2051 1505 2158 1534 cordis
2173 1505 2236 1539 sui,
2251 1515 2299 1535 ce-

1284 1560 1405 1594 perunt
1422 1556 1564 1595 nequius
1581 1566 1678 1593 agere
1699 1561 1813 1586 contra
1835 1566 1924 1590 euni,
1945 1558 2070 1586 tamdiu
2088 1558 2211 1596 ipsum,
2231 1562 2300 1588 arte

1285 1609 1434 1639 custodie
1456 1609 1693 1647 mancipatum,
1721 1609 1862 1639 diversis
1889 1620 2047 1648 penarum
2076 1611 2297 1643 cruciatibus,

1285 1662 1471 1701 opprobriis
1490 1667 1521 1692 et
1541 1662 1736 1692 verberibus
1759 1663 1952 1692 immaniter
1973 1663 2174 1701 affligentes.
2198 1664 2301 1694 donec

1284 1715 1317 1745 vi
1344 1720 1501 1754 metuque
1527 1720 1671 1750 coactus,
1701 1715 1936 1745 monachatum
1962 1720 1991 1746 et
2023 1716 2173 1746 ordinem
2203 1726 2301 1755 quem

1283 1769 1455 1807 professus
1474 1768 1594 1803 fuerat,
1610 1768 1648 1797 de
1666 1768 1768 1798 facto,
1787 1777 1859 1798 cum
1878 1769 1917 1798 de
1933 1769 2007 1807 jure
2025 1769 2229 1808 nequiverit,
2249 1779 2301 1799 re-

1285 1821 1442 1859 signavit.
1466 1822 1515 1851 Ne
1540 1821 1644 1859 igitur
1667 1821 1817 1859 religiosi
1844 1822 1983 1859 vagandi
2008 1822 2214 1852 occasionem
2241 1822 2301 1851 ha·-

1284 1874 1401 1904 bentes
1418 1873 1536 1904 salutis
1553 1874 1684 1912 proprie
1706 1874 1942 1904 detrimentum
1964 1875 2153 1906 incurrant,
2177 1880 2207 1905 et
2224 1884 2302 1905 san-

1285 1927 1359 1964 guis
1376 1936 1490 1956 eorum
1509 1926 1548 1956 de
1570 1926 1772 1965 prelatorum
1796 1927 1951 1957 manibus
1974 1928 2174 1966 requiratur,
2197 1938 2302 1966 nuper

1285 1979 1323 2009 de
1340 1980 1481 2009 fratrum
1499 1984 1688 2009 nostrorum
1705 1979 1845 2009 consilio
1864 1980 2018 2010 duximus
2036 1981 2247 2011 statuendum
2265 1986 2300 2010 ut

1284 2033 1492 2071 presidentes
1517 2033 1672 2071 capitulis
1696 2032 1904 2063 celebrandis
1930 2034 2113 2063 secundum
2139 2039 2299 2064 statutum

1285 2085 1418 2115 concilii
1435 2085 1612 2123 generalis.
1629 2095 1687 2115 seu
1702 2090 1811 2124 patres
1829 2086 1964 2115 abbates
1981 2086 2050 2116 sive
2070 2087 2196 2125 priore-s
2210 2087 2300 2125 fugi-

1284 2138 1369 2168 tivos
1386 2143 1417 2168 et
1434 2138 1555 2177 ejectos
1571 2138 1610 2168 de
1627 2139 1742 2168 ordine
1755 2148 1814 2168 suo
1831 2139 2003 2177 requirant
2015 2139 2157 2169 sollicite
2175 2148 2299 2169 annua-

1284 2191 1359 2226 tim;
1378 2191 1435 2230 qui
1457 2191 1485 2220 si
1508 2191 1543 2220 in
1563 2191 1777 2221 monasteriis
1801 2191 1872 2221 suis
1898 2191 2001 2229 recipi
2023 2196 2161 2230 possunt
2179 2201 2298 2221 sccun-

1284 2244 1361 2274 dum
1377 2244 1528 2274 ordinem
1544 2243 1747 2281 regularem.
1773 2244 1909 2274 abbates
1930 2254 1988 2275 seu
2013 2245 2138 2283 priores
2163 2254 2296 2280 corum,

1283 2297 1467 2327 monitione
1478 2298 1652 2336 premissa.
1667 2306 1808 2327 censura
1820 2297 2047 2328 ecclesiastica
2059 2297 2299 2336 compellantur

1284 2350 1325 2380 ad
1344 2350 1567 2389 receptionem
1584 2359 1715 2382 eorum.
1735 2350 1826 2380 salva
1848 2350 1976 2380 ordinis
1995 2350 2189 2389 disciplina:
2212 2351 2299 2390 quod

1283 2403 1312 2433 si
1332 2401 1395 2433 hoc
1416 2402 1581 2441 regularis
1606 2403 1684 2433 ordo
1713 2412 1778 2433 non
1801 2403 1936 2441 patitur,
1963 2403 2158 2433 auctoritate
2186 2408 2299 2434 nostra

1283 2456 1478 2495 provideant
1497 2460 1533 2486 ut
1550 2456 1636 2494 apud
1657 2456 1772 2486 eadem
1789 2456 1991 2486 monasteria
2013 2456 2046 2485 in
2070 2456 2150 2486 locis
2167 2465 2299 2495 compc-

1284 2509 1443 2544 tentibus,
1457 2509 1486 2538 si
1496 2508 1620 2547 absque
1634 2509 1725 2547 gravi
1743 2508 1898 2539 scandalo
1916 2509 1988 2538 lieri
2002 2509 2133 2547 poterit,
2147 2508 2297 2547 alioquin

1283 2561 1317 2591 in
1335 2561 1411 2591 aliis
1423 2561 1591 2599 religiosis
1603 2561 1756 2591 domibus
1769 2561 1917 2600 ejusdem
1931 2561 2070 2596 ordinis,
2085 2561 2124 2590 ad
2136 2561 2298 2598 agendam

1282 2615 1331 2645 ibi
1350 2615 1585 2654 penitentiam,
1605 2615 1727 2645 talibus
1747 2615 1812 2645 vite
1830 2615 2019 2644 neccssaria
2042 2614 2295 2648 minist1·euttu·;

1283 2667 1313 2698 si
1338 2676 1415 2698 vero
1439 2668 1631 2708 hujusmodi
1658 2668 1815 2706 fugitivos
1842 2667 1892 2697 vel
1923 2667 2043 2706 ejectos
2066 2667 2296 2697 inolmdieutes

1282 2721 1492 2757 invenerint,
1520 2730 1575 2751 eos
1597 2721 1883 2751 excommunicent
1906 2725 1937 2749 et
1961 2720 2086 2750 tamdiu
2110 2719 2233 2749 saciant
2257 2719 2297 2749 ab

1283 2774 1500 2805 ecclesiarum
1516 2774 1652 2813 prelatis
1670 2773 1968 2803 excommunicatos
1985 2772 2115 2811 publice
2134 2772 2294 2804 nuntiari.

1283 2827 1386 2858 donec
1411 2827 1451 2857 ad
1478 2827 1671 2857 mandatum
1697 2827 1844 2864 ipsorum
1873 2825 2046 2855 humiliter
2073 2829 2294 2855 revertantur.

1283 2881 1352 2911 Nos
1376 2881 1505 2920 itaque,
1534 2881 1741 2911 remittentes
1765 2879 1803 2909 ad
1825 2888 1881 2908 vos
1904 2878 2103 2907 monachum
2129 2877 2296 2915 supradic-

1283 2937 1364 2970 tum,
1382 2934 1579 2964 mandamus
1598 2938 1763 2972 quatenus
1787 2932 1872 2962 circa
1894 2940 1968 2962 eum
1989 2931 2081 2970 juxta
2105 2929 2295 2969 hujusmodi
