2498 3242
126 300 186 331 ⁴17

126 383 226 414 fuerit
243 392 356 414 secum
374 383 407 413 in
427 384 472 413 tot
487 382 670 416 beneficiis,
690 382 863 421 presertim
881 390 993 412 curam
1010 381 1133 411 anima-

128 445 200 467 rum
227 436 437 470 habentibus,
463 436 670 474 dispensare,
694 437 725 465 et
752 435 840 473 quod
863 435 953 474 ipsas
977 434 1135 464 ecclesias

126 498 201 519 cum
218 489 486 519 archidiaconatu
508 488 655 527 predicto
671 496 729 526 per
747 487 919 518 biennium
937 488 1010 526 post
1028 486 1133 516 conci-

126 541 221 578 lium,
239 543 270 572 et
290 550 365 571 cum
382 541 541 571 decanatu
564 541 786 580 postmodum.
804 540 919 569 eodem
936 539 1135 569 archidiaco-

128 596 205 625 natu
229 594 380 628 ‹tuuis-so,
407 602 466 632 per
488 593 667 623 triennium
694 593 865 627 tenuisset,
893 594 1026 630 propter
1047 591 1136 630 quod

127 647 275 686 ipsarum
302 648 371 677 erat
393 647 433 677 ad
458 655 529 682 nos,
555 646 738 676 seeundum
764 647 884 675 statuta
904 644 1136 674 Lateranensis

125 700 270 734 concilii,
287 700 421 730 donatio
437 700 608 734 devoluta;
625 708 684 729 nec
700 698 893 728 intentionis
911 699 1020 728 nostre
1038 697 1137 727 fuerit
1178 723 1180 726 .

126 752 225 782 etiam
249 753 375 791 aliquid
397 753 426 782 ci
443 753 482 782 de
504 761 588 782 novo
607 752 797 786 concedere,
817 751 874 781 sed
894 753 927 780 ut
951 759 1009 788 per
1030 750 1135 780 indul-

126 805 271 844 gentiam
289 805 385 836 Sedis
408 805 596 843 Apostolicc
614 806 725 843 posset
748 804 859 833 habita
875 804 962 833 licite
985 803 1135 833 retinere.

129 858 178 887 Ad
195 858 253 887 hec
271 858 370 888 etiam
388 858 449 888 suit
469 858 632 895 objectum
654 857 754 896 quod,
773 865 847 886 eum
867 856 1137 886 mandaverimus

128 912 173 944 ut,
186 911 213 940 si
232 911 327 941 vobis
338 912 501 941 constaret
518 910 606 949 quod
624 910 709 939 idem
724 910 868 939 decanus
882 911 955 947 post
971 910 1136 947 receptum

126 963 430 994 archidiaconatum
452 963 648 1003 predictum,
672 971 785 992 curam
806 963 991 991 animarum
1016 961 1136 991 habeu-

125 1018 203 1049 tem,
216 1016 380 1055 predictas
392 1016 614 1055 parrochiales
630 1016 787 1046 ecclesias
803 1015 975 1045 electionis
991 1016 1137 1052 tempore

127 1069 293 1104 retineret,
318 1078 375 1099 nec
398 1069 585 1099 ostenderet
607 1077 719 1098 secum
739 1076 838 1106 super
860 1067 920 1097 hoc
938 1076 996 1106 per
1018 1067 1137 1097 sedem

126 1122 350 1161 Apostolicam
362 1122 602 1160 dispensatum,
615 1121 810 1151 electionem
826 1120 932 1159 ipsius
946 1120 1137 1150 auctoritate

125 1175 305 1214 apostolica
340 1175 536 1210 cassaretis,
570 1176 602 1204 et
635 1175 761 1204 nullam
794 1174 906 1204 feeerit
937 1174 1138 1203 mentionem

124 1228 211 1267 quod
231 1236 288 1266 per
306 1227 481 1258 biennium
503 1236 579 1258 cum
598 1227 881 1261 archidiaconatu,
905 1228 935 1256 et
958 1235 1016 1264 per
1040 1227 1136 1256 trien-

125 1280 217 1311 nium
233 1288 308 1309 cum
324 1280 495 1314 decanatu,
513 1279 658 1318 prefatas
674 1279 900 1318 parrochiales
915 1279 1074 1309 ecclesias
1093 1281 1137 1309 te-

123 1333 263 1368 nuisset,
288 1334 424 1371 apparet
447 1332 536 1371 quod
564 1341 664 1370 super
689 1332 749 1362 hoc
775 1340 849 1362 cum
874 1341 911 1362 eo
939 1340 1005 1362 non
1032 1332 1138 1362 extitit

123 1385 364 1424 dispensatum,
388 1393 464 1415 cum
492 1385 611 1414 vitium
634 1385 769 1424 purgari
795 1385 983 1423 nequiverit
1009 1384 1048 1414 de
1073 1393 1138 1422 quo

124 1446 190 1468 non
208 1438 330 1468 fecerat
346 1438 559 1469 mentionem.
576 1438 653 1468 Hiis
669 1437 769 1476 igitur
783 1439 813 1467 et
826 1437 902 1467 aliis
916 1446 1027 1467 coram
1043 1437 1138 1467 nobis

123 1490 201 1521 hinc
217 1491 293 1520 inde
310 1491 488 1530 propositis
502 1491 597 1529 plene
613 1499 650 1520 ac
666 1490 842 1528 diligenter
860 1490 995 1525 auditis,
1012 1491 1044 1519 et
1058 1489 1139 1519 deli·
1166 1505 1167 1511 1

123 1542 292 1573 beratione
315 1552 390 1573 cum
414 1543 574 1573 fratribus
598 1543 722 1573 nostris
741 1542 853 1572 habita
874 1542 1037 1580 diligenti,
1063 1550 1138 1571 cum

119 1596 190 1635 jam
205 1604 246 1626 ex
260 1596 325 1626 hiis
342 1605 404 1634 que
421 1597 492 1626 acta
508 1596 640 1626 fuerant
658 1605 722 1626 non
739 1596 875 1625 restaret
892 1596 957 1625 nisi
973 1595 1139 1625 sententia

123 1649 333 1688 proferenda,
346 1649 435 1679 idem
445 1649 591 1680 decanus
606 1649 639 1679 ln
651 1649 817 1688 presentia
830 1649 941 1678 nostra
957 1650 988 1678 et
999 1648 1138 1678 fratrum

125 1703 314 1732 nostrorum
340 1703 407 1733 tam
429 1702 510 1741 juri,
531 1702 561 1732 si
583 1702 671 1740 quod
693 1702 724 1731 ei
745 1702 931 1740 competere
953 1701 1138 1736 videbatur,

123 1762 224 1793 quam
242 1754 292 1784 liti
307 1754 408 1785 cessit
422 1755 605 1793 spontanea
623 1754 794 1785 voluntate
809 1765 817 1789 ;
841 1755 937 1793 cujus
953 1755 1138 1785 cessionem

125 1816 186 1838 nos
207 1808 367 1838 duximus
388 1808 638 1838 admittendam.
661 1808 747 1843 Quia
771 1816 850 1838 vero
868 1808 1007 1838 interest
1027 1810 1140 1838 nostra

124 1861 192 1891 tam
215 1861 320 1891 nobili
339 1861 476 1891 ecclesie
499 1861 657 1900 preficere
680 1861 791 1891 virum
813 1861 983 1899 egregium
1007 1863 1038 1891 et
1060 1861 1137 1891 insi-

125 1921 235 1952 gnem,
260 1914 356 1952 cujus
377 1913 466 1943 labia
488 1913 869 1951 custodiantjustitiam‚
892 1915 922 1944 et
945 1914 999 1944 lex
1020 1923 1060 1944 ex
1084 1923 1139 1944 ore
1168 1927 1170 1966 ¹)

126 1966 200 2006 ejus
215 1967 311 2005 quasi
329 1967 469 2005 angelus
485 1967 623 1997 Domini
639 1967 845 1997 exercituum
861 1967 1060 2005 requiratur,
1076 1967 1140 1997 dis-
1167 1982 1170 2019 5

125 2019 264 2049 cretioni
281 2021 389 2049 vestre
405 2028 464 2058 per
481 2019 662 2058 apostoliea
676 2020 799 2058 scripta
815 2019 1013 2050 mandamus
1029 2020 1140 2058 quate·
1168 2024 1169 2029 ¹

128 2080 193 2102 nus
216 2072 441 2102 venerabilem
464 2072 598 2103 fratrem
619 2074 768 2102 nostrum
789 2072 1016 2111 ..episcopum
1035 2072 1138 2102 Ceno·
1168 2095 1169 2110 ἶ

131 2132 337 2161 manensem,
351 2125 385 2155 in
402 2125 498 2164 cujus
511 2126 640 2164 pectore
657 2134 775 2163 magne
790 2125 967 2155 thesaurus
980 2125 1141 2164 sapientie

124 2178 317 2216 requiescit,
335 2178 393 2216 qui
411 2178 450 2208 de
466 2178 647 2208 eminentia
657 2178 850 2208 meritorum
867 2178 978 2208 etzelo
994 2178 1140 2207 maximo
1168 2179 1170 2214 ζ

128 2231 315 2261 animarum
332 2231 512 2270 plurimum
530 2231 792 2266 commendatur,
806 2231 1017 2261 absolventes
1038 2240 1056 2261 a
1069 2231 1140 2261 vin-
1169 2260 1171 2270 A

125 2283 200 2314 culo
223 2292 288 2322 quo
311 2284 450 2314 ecclesie
475 2284 720 2314 Cenomanensi
743 2285 884 2318 tenetur,
910 2286 940 2315 et
963 2284 1028 2314 sibi
1053 2285 1141 2315 tran-

126 2337 243 2367 seundi
261 2337 302 2366 ad
321 2337 625 2375 Rothomageusem
644 2337 813 2367 licentiam
831 2337 1027 2371 tribuentes,
1046 2337 1142 2376 preti-

124 2381 218 2420 ciatis
242 2390 351 2428 ipsum
370 2390 562 2420 auctoritate
582 2392 694 2420 nostra
718 2390 980 2428 Rothomageusi
998 2390 1139 2420 ecclesie

127 2442 160 2473 in
179 2444 355 2481 pastorem.
375 2445 406 2473 et
423 2443 453 2473 ei
474 2443 602 2473 faciatis
620 2443 843 2473 obedientiam
866 2444 897 2473 et
920 2443 1141 2474 reverentiam

126 2496 271 2527 debitam
293 2496 456 2527 exhiberi.
482 2497 748 2527 Contradictores
767 2505 825 2535 per
841 2504 1019 2526 censuram
1038 2497 1139 2526 eccle-
1172 2535 1173 2540 1

127 2548 307 2585 siasticam,
323 2549 542 2589 appellatione
561 2550 754 2589 postposita,
772 2549 1026 2588 compescendo.
1045 2550 1141 2585 Quod
1171 2584 1172 2587 Ἴ

128 2601 158 2632 si
172 2610 238 2632 nou
251 2610 366 2633 omnes
379 2604 454 2639 etc„
470 2604 518 2639 tu,
533 2603 633 2633 frater
642 2603 808 2642 episcope,
822 2611 898 2633 cum
911 2611 1026 2633 eorum
1039 2603 1141 2633 altero

129 2655 190 2685 etc.
204 2654 280 2685 Dat.
291 2655 457 2691 Laterani,
471 2655 584 2686 idibus
599 2656 691 2691 maii,
704 2656 917 2695 pontificatus
934 2656 1038 2686 nostri
1054 2664 1141 2686 anno

130 2707 259 2746 quinto.
285 2721 299 2735 »

197 2842 272 2873 656

166 2911 368 2938 l’atriarcham
386 2911 750 2945 constantinopolitanum,
773 2912 951 2946 Apostolicae
969 2912 1049 2940 Sedis
1067 2913 1142 2948 lega-

131 2963 204 2993 tum,
221 2962 324 3001 mouet⁴
333 2961 472 2994 quatenus
488 2967 684 2994 quaecumque
695 2960 733 2993 .l.,
750 2960 810 2995 regi
823 2960 1094 2996 llierosolymitauo,
1111 2962 1138 2988 in

259 3002 448 3028 GREGOIRE
464 3002 513 3032 JX,
526 3004 546 3027 t.
562 3002 588 3029 Ι.

750 2842 866 2876 Lati-an,
883 2843 898 2869 8
916 2842 974 2870 mai
993 2843 1069 2869 ¹23¹.

954 290 1204 334 CINQUIEME
1228 290 1392 327 ANNEE.

2143 302 2203 331 ⁴18

1199 381 1402 415 imperatorem
1423 381 1772 415 Constantinopolitanum
1789 382 1889 415 electo,
1907 383 1934 409 in
1953 383 2091 416 proximis
2108 384 2204 411 kalen-

1195 429 1238 456 dis
1254 429 1367 463 augusti
1383 429 1418 454 ad
1431 429 1639 455 transeundum
1655 438 1756 455 navem
1771 430 1924 457 intraturo.
1939 432 2089 464 protutura
2103 439 2203 465 cogno·

1196 478 1277 510 verit,
1296 477 1416 503 sollicite
1437 479 1580 510 procuret,
1605 477 1812 511 impedimenta
1834 479 1973 512 quaelibet
1998 480 2202 507 submovendo.

1196 540 1229 545 ——
1245 526 1323 560 (lim.
1342 527 1382 558 15,
1400 525 1417 552 s.
1434 528 1466 552 97
1484 531 1526 558 v0;
1543 534 1610 552 anu.
1626 526 1656 558 V,
1673 527 1942 559 c.7-23—3101u;1xc
1963 530 2036 559 1187,
2053 528 2072 554 s.
2089 529 2156 561 22&
2171 542 2204 547 —

1196 573 1336 601 Porrnasr
1353 574 1444 608 8738.)

1236 680 1250 695 a<
1277 667 1492 708 ..patriarche
1521 667 1876 707 Constantinopolitano‚
1912 669 2084 708 Apostolice
2115 668 2205 698 Sedis

1196 721 1308 759 lcqalo.
1330 722 1459 751 Statum
1482 722 1513 751 et
1538 721 1719 759 profectum
1747 721 1877 759 imperii
1903 721 2063 751 Rom-anie
2090 722 2204 752 intimo

1195 775 1340 804 zelantes
1363 775 1491 809 affectu,
1511 782 1574 812 que
1596 774 1659 812 ipsi
1683 774 1855 812 profutura
1873 775 2115 809 cognoscimus,
2141 784 2206 813 qua

1197 829 1288 858 decet
1304 827 1725 865 diliggentia,procuramus,
1739 828 1768 856 et
1787 827 1968 865 satagimus
1985 827 2147 856 contraria
2161 835 2207 858 re·

1196 889 1341 911 movere.
1359 882 1524 913 Ceterum,
1550 880 1625 909 licet
1642 880 1809 919 inopinate
1831 880 2045 910 ‹lil'licultates
2064 888 2205 910 emerse-

1197 934 1272 964 rint.
1293 942 1393 972 quare
1418 933 1617 963 karissimus
1635 933 1667 962 in
1686 933 1817 962 Christo
1841 933 1931 962 filius
1954 935 2064 963 amtor
2088 934 2130 967 .l.,
2150 941 2208 963 rex

1196 987 1488 1017 Jerosolimitamls
1505 986 1658 1020 illustris,
1677 986 1710 1015 in
1728 986 1960 1024 imperatorem
1979 986 2208 1016 Constantino-

1197 1041 1382 1079 politanum
1401 1040 1536 1074 electus,
1552 1039 1647 1077 juxta
1670 1041 1832 1073 nostrum,
1851 1048 1948 1069 suum
1966 1041 1995 1069 et
2016 1041 2106 1068 tuum
2124 1039 2208 1069 desi-

1197 1094 1338 1127 derium,
1364 1093 1523 1123 hactenus
1547 1093 1724 1131 imperium
1750 1092 1840 1122 adire
1867 1092 2027 1130 nequivit,
2056 1101 2142 1122 nunc
2164 1094 2207 1122 ta-

1198 1155 1286 1181 men,
1308 1146 1447 1176 faciente
1469 1145 1694 1184 Domino,qui
1718 1147 1872 1184 operatur
1894 1146 2005 1175 omnia
2025 1145 2207 1175 secuudum

1198 1208 1256 1230 sue
1281 1199 1458 1230 consilium
1478 1199 1669 1233 voluntatis,
1689 1200 1719 1229 et
1743 1198 1840 1228 nobis
1860 1199 2115 1237 cooperantibus
2137 1199 2206 1228 stu-

1197 1253 1301 1287 diose,
1334 1252 1416 1290 ipsis
1445 1252 1698 1282 difficultatibus
1723 1252 1898 1290 expeditis,
1930 1252 2014 1282 idem
2046 1261 2103 1281 rex
2132 1260 2207 1281 cum

1200 1305 1387 1336 honorabili
1410 1305 1550 1335 exfortio
1580 1305 1613 1335 iu
1650 1305 1813 1344 proximis
1837 1304 1989 1335 kalendis
2013 1305 2144 1343 augusti
2167 1305 2207 1334 ad

1199 1359 1438 1389 trauseumlum
1456 1366 1573 1388 navem
1590 1358 1675 1396 sest‘„
1691 1359 1822 1388 auctore
1837 1358 1992 1393 Domino,
2011 1358 2206 1393 intraturus,

1199 1414 1230 1441 et
1247 1412 1364 1441 Veneti
1382 1411 1599 1441 translaturos
1619 1419 1690 1441 sese
1709 1411 1852 1441 invicem
1869 1411 2069 1449 ‚J'uramcntis
2086 1412 2116 1441 et
2133 1411 2209 1441 aliis

1199 1464 1410 1494 cautIOnibus
1428 1464 1665 1493 astrinxerunt.
1683 1464 1845 1499 Quocirca
1864 1464 2100 1494 fraternitatem
2119 1465 2209 1494 tuam

1201 1525 1355 1554 rogamus
1384 1517 1415 1546 et
1445 1524 1620 1546 monemus
1650 1517 1769 1545 attente
1797 1524 1856 1554 per
1882 1516 2061 1554 apostolica
2089 1516 2211 1554 scripta

1199 1570 1395 1600 mandantes
1406 1570 1580 1607 quatenus,
1592 1569 1802 1607 pronuntiata
1814 1569 1915 1598 letitia
1925 1569 2114 1604 iim-(scens,
2126 1569 2210 1599 alios

1200 1622 1308 1652 modis
1322 1622 1445 1661 quibus
1457 1623 1550 1660 potes
1563 1622 1698 1651 studeas
1709 1622 1906 1656 confortare,
1920 1630 2124 1660 quecumque
2142 1622 2210 1661 regi

1200 1676 1333 1706 tamcito
1362 1677 1501 1705 venturo
1522 1675 1696 1713 profutura
1713 1675 1908 1713 cognoveris
1929 1675 2070 1705 sollicite
2095 1683 2209 1713 procu·

1200 1729 1316 1765 raudo,
1333 1731 1363 1759 et
1380 1729 1617 1767 impedimenta
1631 1728 1778 1767 quelibet
1793 1729 2046 1762 summovendo,
2063 1728 2107 1758 ita
2125 1728 2212 1766 quod

1200 1782 1300 1812 fidem
1316 1783 1345 1812 et
1361 1781 1569 1820 diligentiam
1587 1782 1677 1811 tuam
1695 1781 1805 1820 dignis
1821 1781 2000 1811 debeamus
2016 1781 2050 1810 in
2067 1781 2211 1811 Domino

1199 1835 1357 1865 laudibus
1378 1835 1622 1865 commendare.
1641 1835 1716 1864 Dat.
1740 1834 1905 1869 Laterani,
1924 1835 2004 1864 Ylll
2024 1834 2098 1864 idus
2120 1834 2211 1868 maii,

1200 1888 1414 1927 pontificatus
1431 1887 1536 1918 nostri
1555 1896 1641 1918 anno
1659 1887 1786 1926 quinto.
1812 1900 1827 1914 υ

1268 2048 1340 2079 657

1820 2046 1936 2078 Latran,
1953 2047 1967 2072 9
1984 2046 2041 2072 mai
2064 2047 2138 2073 ¹23¹.

1238 2130 1492 2165 Archiepiscopum
1505 2129 1733 2164 strigoniensem
1751 2132 1845 2156 monet
1859 2131 1999 2164 quatenus
2015 2129 2130 2156 inducat
2142 2130 2210 2157 Geu-

1202 2180 1327 2206 rieusem
1345 2181 1373 2205 et
1393 2178 1564 2213 Agriensem
1581 2178 1728 2212 episcopos
1745 2180 1773 2204 et
1790 2178 1898 2204 nobiles
1918 2178 2078 2213 lluugariae
2097 2180 2126 2205 ut
2143 2186 2209 2205 cum

1202 2229 1238 2261 J.,
1251 2236 1317 2263 rege
1327 2227 1596 2261 Iherosolymitano,
1606 2226 1634 2253 iu
1645 2227 1853 2261 imperatorem
1861 2226 2211 2261 Constantinopolitanum

1152 2273 1171 2283 '¹
1202 2277 1302 2309 electo,
1320 2276 1443 2310 imperio
1460 2275 1628 2308 Romaniae,
1647 2276 1682 2302 ab
1699 2275 1830 2302 hostibus
1847 2277 1967 2308 arctato,
1985 2277 2169 2307 succurrant3
2187 2275 2212 2302 ei

1204 2325 1322 2352 mandat
1342 2327 1494 2359 quatenus,
1516 2325 1540 2351 si
1563 2323 1637 2350 forte
1656 2323 1698 2350 illi
1717 2324 1753 2350 ad
1774 2324 2001 2351 succurrendum
2025 2324 2214 2358 personaliter

1171 2386 1172 2395 ι
1204 2373 1298 2401 induci
1326 2373 1518 2407 nequiverint,
1537 2372 1622 2399 saciat
1644 2372 1706 2399 illos
1729 2374 1794 2399 vota
1821 2381 1874 2399 sua
1894 2381 1943 2407 pro
1965 2373 2091 2399 subsidio
2109 2372 2213 2399 Terrae

1203 2423 1323 2449 Sanctae
1341 2422 1416 2448 sacta
1432 2421 1585 2448 redimere.
1603 2421 1730 2456 —-(R1-:c.
1750 2423 1790 2448 ¹5,
1809 2420 1828 2447 s.
1846 2422 1878 2448 97
1889 2428 1934 2455 =·⁰;
1951 2429 2018 2448 ann.
2036 2421 2068 2454 V,
2086 2429 2110 2448 c.
2122 2422 2214 2454 733-

1171 2481 1172 2489 ¹
1204 2472 1322 2498 Monam
1339 2464 1452 2502 1¹87,'s.
1472 2471 1539 2504 ‘230;
1557 2484 1591 2489 -—
1607 2470 1750 2497 Porrnasr
1765 2471 1856 2498 8739.)

1244 2576 1259 2591 «
1287 2588 1307 2594 ..
1329 2564 1555 2603 archiepiscopo
1571 2563 1787 2603 Slriyouiensi.
1804 2564 1888 2595 Rem
1908 2564 1977 2594 Deo
1995 2564 2150 2603 placitam
2165 2581 2213 2595 --.

1203 2618 1279 2648 Dat.
1303 2617 1470 2653 Laterani,
1488 2617 1553 2647 V11
1572 2617 1647 2647 idus
1665 2617 1758 2652 maii,
1775 2617 1987 2656 pontificatus
2009 2617 2111 2647 nostri
2129 2625 2216 2648 anno

1171 2682 1172 2695 i
1203 2671 1330 2710 quinto.
1356 2683 1371 2699 »

1270 2831 1343 2862 658

1810 2827 1925 2860 Latran,
1944 2829 1973 2853 1ἱί
1990 2827 2047 2854 mai
2069 2828 2142 2854 ¹231.

1243 2912 1463 2947 Archiepiscopo
1484 2912 1680 2939 Beneventano
1697 2913 1796 2938 notum
1819 2911 1886 2937 tacit
1904 2919 1944 2943 se,
1957 2918 2078 2943 —cum,
2096 2910 2218 2937 ecclesia

1210 2961 1451 2996 Sanctagathensi
1474 2962 1603 2993 vacante,
1626 2959 1740 2994 quidam
1763 2958 2025 2991 Bartholoumcum,
2045 2958 2215 2986 canonicum

2057 3005 2090 3029 '27
