2498 3242
221 288 296 319 1225
1074 279 1290 318 ΗυιΤΙΕΜΕ
1311 280 1473 318 ANNEE.
2255 294 2330 325 1220

221 366 235 382 υ
259 364 338 394 pum
355 355 574 390 Asisinatem,
593 365 631 386 ex
647 360 739 394 parte
756 364 834 390 una,
850 356 943 393 et[..]
955 354 1106 385 abbatem
1120 361 1156 383 ac
1167 361 1232 382 mo-

178 444 184 450 ·
220 420 234 435 n
260 407 384 438 nachos
397 408 510 439 Sancti
527 409 700 440 Benedicti
713 410 752 440 de
768 410 878 440 Monte
895 410 1048 445 Subasio,
1066 419 1104 440 ex
1116 409 1231 444 altera,

259 470 277 492 a
293 462 428 492 domino
446 471 531 501 papa
548 463 697 493 Honorio
723 463 818 493 nobis
839 463 1018 493 commissa
1038 463 1158 493 suisset
1175 471 1233 492 au-

257 515 390 549 dienda,
409 516 554 551 tandem,
569 520 643 554 post
657 516 778 547 multas
795 516 1040 547 altercationes.
1058 516 1146 547 inter
1163 516 1233 545 dic-

261 572 330 598 tum
351 569 543 607 episcopum
561 574 591 600 et
613 574 843 608 procuratores
864 569 1086 608 predictorum
1103 569 1233 600 abbatis

261 630 296 651 ac
316 621 566 657 monachorum,
580 622 677 652 nobis
693 622 930 657 mediantibus,
947 622 1023 652 talis
1039 622 1234 661 compositio

261 674 483 705 amicabiliter
496 675 688 710 intervenit,
701 675 787 714 quod
804 676 912 714 ipsum
925 680 1021 715 caput
1033 685 1107 706 cum
1122 676 1232 711 terris,

260 727 379 762 vineis,
399 727 509 762 silvis,
527 729 678 766 pascuis,
699 728 798 762 ortis,
815 729 1000 762 montanis,
1019 729 1118 759 cultis
1135 733 1165 759 et
1181 729 1234 758 in-

222 793 236 807 »
261 780 372 815 cultis,
393 785 424 811 et
444 780 512 810 hiis
533 790 596 820 que
617 781 707 820 justo
728 782 824 811 modo
839 786 993 820 poterunt
1011 782 1169 820 adipisci.
1190 782 1235 812 sit

223 845 236 859 n
261 833 397 863 omnino
411 839 597 872 exemptum
615 843 631 863 a
645 834 880 873 jurisdictione
894 835 1051 873 episcopi.
1065 835 1111 864 ita
1124 839 1232 864 tamen

223 897 236 912 ι»
261 887 359 924 quod.
374 887 401 917 si
415 886 538 925 aliquis
550 887 845 925 parrochianorum
863 888 1007 926 episcopi
1021 888 1054 917 in
1069 887 1156 917 dicto
1168 896 1233 917 mo-

222 951 235 965 »
263 939 409 969 nasterio
434 939 572 977 elegerit
598 939 803 978 sepulturam
836 944 865 970 et
895 941 929 969 in
956 945 1154 970 testamento
1181 939 1233 970 vel

221 1004 234 1019 ν)
259 992 375 1022 ultima
399 992 569 1023 voluntate
593 992 720 1032 aliquid
746 992 868 1023 ibidem
893 992 1084 1032 reliquerit,
1113 993 1231 1023 habeat

220 1057 234 1072 ι»
258 1045 336 1076 inde
353 1045 527 1084 episcopus
545 1045 772 1075 tantummodo
789 1050 940 1084 quartam
957 1051 1095 1084 partem.
1114 1047 1151 1077 In
1166 1055 1232 1076 om-

219 1109 233 1125 »
259 1098 358 1128 nibus
377 1102 488 1128 autem
511 1097 663 1128 ecclesiis
686 1098 726 1127 ad
747 1098 855 1136 ipsum
877 1099 1116 1129 monasterium
1138 1108 1232 1137 spec-

218 1163 232 1178 »
258 1151 406 1181 tantibus
430 1150 549 1181 habeat
571 1151 745 1189 episcopus
763 1151 839 1190 jura
863 1151 1063 1189 episcopalia
1083 1156 1229 1187 tantum,

217 1215 231 1231 ι)
256 1203 290 1233 in
306 1203 446 1234 ecclesia
462 1212 540 1233 vero
553 1203 665 1233 Sancti
680 1203 874 1235 Salvatoris,
891 1212 955 1233 non
969 1208 1096 1233 tantum
1112 1204 1231 1234 habeat

217 1269 230 1284 1)

217 1321 230 1337 B

216 1375 230 1390 D

216 1428 230 1443 1)

216 1480 230 1496 Ὠ

216 1534 230 1549 1)

217 1588 230 1603 1)

222 739 236 754 8
221 686 235 701 5
221 632 235 648 υ
221 580 235 595 ὅ
220 526 234 541 ἕ
218 473 234 489 ὅ

256 1256 475 1295 episcopalia,
497 1256 554 1286 sed
573 1256 673 1286 etiam
695 1256 906 1286 medietatem
930 1257 1177 1295 temporalium.
1199 1262 1230 1287 et

255 1309 354 1340 aliam
371 1309 584 1339 medietatem
600 1308 743 1339 habeant
759 1309 925 1339 monachi.
945 1319 1001 1347 pro
1015 1320 1078 1348 qua
1092 1310 1230 1340 reddant

255 1362 429 1393 annuatim
445 1361 552 1391 eidem
569 1361 722 1400 episcopo
737 1366 879 1400 quatuor
894 1362 997 1392 libras
1010 1372 1083 1393 cero
1098 1363 1132 1392 in
1145 1363 1230 1393 festo

255 1415 369 1446 Sancti
396 1415 484 1445 Luce
513 1413 738 1452 Evangeliste.
765 1415 802 1444 In
834 1415 929 1453 cujus
959 1415 1008 1445 rei
1034 1416 1230 1445 memoriam

254 1472 444 1508 presentem
464 1467 620 1506 paginam
644 1467 762 1497 exinde
788 1468 972 1497 confectam
993 1468 1097 1505 sigilli
1123 1468 1230 1498 nostri

254 1521 442 1551 munimine
468 1521 624 1551 duximus
650 1520 883 1550 roborandam.
910 1522 1029 1550 Actum
1053 1530 1140 1551 anno
1164 1523 1230 1551 Do-

255 1576 339 1606 mini
356 1575 574 1610 M⁰CC⁰XVI⁰,
592 1575 661 1605 IIII
678 1583 783 1604 nonas
800 1575 922 1605 martii.
946 1587 958 1601 »

258 1716 271 1730 a
295 1703 448 1734 Obeunte
473 1711 550 1733 vero
571 1706 617 1737 te,
641 1711 729 1732 nunc
752 1702 901 1741 ejusdem
923 1702 988 1732 loci
1011 1702 1128 1733 abbate
1152 1707 1226 1738 etc.‚

215 1765 339 1796 usque:
355 1756 560 1795 providerint
570 1755 772 1793 eligendum.
784 1755 863 1785 Paci
873 1764 1004 1794 quoque
1016 1764 1052 1785 ac
1064 1756 1230 1795 tranquil-

213 1810 301 1840 litati
320 1814 429 1840 vestre
446 1813 521 1844 etc„
541 1817 648 1847 usque
664 1818 670 1837 :
689 1808 808 1838 audeat
826 1817 990 1839 exercere.
1008 1809 1228 1840 Decernimus

213 1864 318 1902 igitur
338 1866 418 1898 etc.,
436 1870 542 1901 usque
562 1872 567 1890 :
589 1861 789 1891 omnimodis
805 1862 996 1900 p1·ot'utu1·a;
1017 1861 1107 1892 salva
1132 1862 1227 1893 Sedis

212 1915 402 1955 Apostolicc
419 1915 614 1946 auctoritate
631 1919 661 1945 et
678 1915 713 1944 in
729 1915 887 1953 predictis
903 1914 1055 1945 ecclesiis
1071 1920 1101 1945 et
1118 1916 1228 1954 capel-

211 1968 255 1999 lis
284 1969 538 1999 diocesanorum
571 1967 800 2006 episcoporum
829 1968 989 1998 canonica
1016 1968 1158 2007 justitia.
1192 1968 1227 1999 Si

212 2031 279 2062 qua
298 2022 402 2060 igitur
424 2022 458 2051 in
477 2022 627 2051 futurum
644 2025 719 2056 etc.‚
739 2030 845 2060 usque
864 2031 869 2049 :
888 2021 1038 2051 districte
1057 2021 1227 2061 subjaceat

211 2075 345 2107 ultioni.
358 2074 496 2106 Cunctis
511 2078 622 2104 autem
637 2078 711 2108 etc„
729 2082 834 2112 usque
847 2083 852 2102 :
867 2074 992 2111 premia
1009 2078 1121 2103 eterne
1135 2074 1226 2112 pacis

211 2128 399 2159 inveniant.
417 2127 535 2157 Amen.
553 2126 672 2156 Amen.
689 2127 808 2156 Amen.
826 2127 899 2156 Dat.
919 2127 1062 2157 Perusii,
1081 2136 1138 2165 per
1156 2136 1226 2156 ma-

211 2190 292 2212 num
309 2179 462 2218 magistri
483 2177 747 2219 Barth[olomei].
770 2180 889 2208 Sancte
909 2180 1057 2209 Romane
1079 2179 1225 2210 Ecclesie

211 2233 497 2267 vicecancellarii,
523 2233 574 2262 III
599 2232 674 2261 idus
697 2232 898 2266 decembris,
925 2232 1108 2262 indictione
1130 2233 1223 2268 VIII,

211 2286 458 2318 Incarnationis
475 2285 649 2315 Dominice
666 2294 752 2315 anno
769 2285 1075 2317 M⁰CC⁰XXXIIII⁰.
1091 2286 1225 2324 pontili-

210 2345 304 2371 catus
321 2349 398 2370 vero
414 2338 526 2369 domni
548 2337 701 2375 Gregorii
723 2347 803 2376 pape
826 2339 926 2368 VIIII
949 2347 1036 2368 anuo
1061 2343 1186 2368 octavo.
1210 2351 1222 2365 »

281 2555 393 2583 232¹
700 2552 838 2586 Pei-ouse,
858 2551 887 2579 ¹3
903 2551 1054 2579 decembre
1074 2553 1149 2581 1‘335.

244 2616 402 2644 AEsculano
423 2615 562 2649 episeopo
573 2636 579 2645 ,
598 2628 630 2633 —-—
646 2622 730 2643 cum,
747 2613 849 2640 Castro
865 2613 990 2646 Casznlis,
1008 2615 1092 2650 pleno
1106 2617 1171 2650 jure
1187 2616 1222 2643 ad

208 2664 372 2692 Fit-manum
389 2663 543 2690 ecclesiam
564 2663 744 2697 pertinente,
761 2662 827 2688 olim
845 2671 860 2689 a
878 2662 1042 2689 Mercualdo
1062 2664 1221 2697 destructo,

209 2714 304 2749 ipsius
319 2713 496 2739 habitatores
511 2719 543 2738 se
554 2711 588 2737 ad
600 2711 677 2737 aliud
693 2716 819 2737 castrum
833 2712 910 2745 juris
924 2713 948 2746 ej
956 2712 1055 2739 usdem
1069 2713 1221 2746 ecclesiae,

209 2762 286 2798 quod
305 2761 426 2788 Podium
442 2760 542 2787 Sancti
559 2759 667 2786 Juliani
683 2759 842 2792 dicebatur,
860 2761 1088 2794 transtulissent,
1107 2762 1154 2788 ubi
1172 2771 1223 2798 per

209 2811 328 2846 triginta
348 2817 441 2836 annos
467 2812 497 2835 et
519 2809 644 2843 amplius
665 2808 839 2841 habitarunt,
858 2817 911 2835 nec
932 2814 1049 2843 possent
1073 2810 1168 2838 induci
1191 2815 1222 2838 ut

209 2859 276 2887 inde
298 2859 468 2886 recederent
489 2862 517 2884 et
537 2857 572 2884 ad
594 2858 717 2892 primum
741 2861 868 2884 castrum
890 2857 1029 2890 redirent,
1050 2874 1082 2879 —
1107 2859 1223 2886 mandat

209 2912 354 2944 quatenus
365 2929 371 2939 ,
389 2911 505 2941 petente
526 2905 660 2932 Firmano
680 2905 820 2940 episcopo
837 2910 866 2932 ut
882 2914 934 2933 eos
950 2906 1056 2934 ibidem
1071 2907 1107 2935 de
1123 2914 1221 2935 cetero

209 2956 339 2984 habitare
356 2956 450 2987 liceat,
468 2955 640 2990 postulatam
657 2953 812 2987 licentiam,
828 2954 852 2981 si
870 2953 896 2981 id
913 2955 1054 2982 ecclesiae
1072 2955 1222 2983 Firmanae

1317 353 1454 388 expedire
1474 356 1601 387 noverit.
1619 356 1766 391 largiatur.
1785 373 1817 377 —
1833 357 1915 391 (Rea.
1934 359 1981 390 ¹7,
1999 359 2017 386 f.
2034 359 2086 387 243
2103 367 2142 391 r·;
2161 369 2227 388 ann.
2245 360 2327 393 vul,

1317 410 1343 429 c.
1361 403 1427 434 37¹;
1445 418 1477 423 —
1495 403 1664 432 Roueunsno
1681 405 1755 438 615.)

1359 517 1372 530 «
1399 527 1416 533 ..
1436 506 1588 535 Esculano
1609 508 1753 545 episcopo.
1779 508 1991 539 Venerabilis
2016 510 2119 540 frater
2141 515 2254 541 noster
2277 528 2327 540 -.

1318 558 1391 588 Dat.
1411 558 1554 594 Perusii,
1572 559 1683 590 idibus
1699 560 1896 595 decembris,
1915 571 2002 592 anno
2017 567 2143 593 octavo.
2161 576 2173 589 υ

1390 730 1512 758 2322

1354 791 1584 826 Arcbiepiscopo
1614 791 1808 826 Sti-igoniensi
1836 794 1951 821 mandat
1979 799 2124 829 quatenus
2152 797 2325 824 sententiam

1317 841 1522 874 suspensionis
1551 841 1586 867 ab
1616 841 1708 867 officio
1737 846 1837 868 contra
1868 842 2161 879 B1artbol0maetnn],
2192 845 2327 880 Quinque

1317 889 1526 916 ecclesiensem
1551 889 1732 925 episcopum,
1756 891 1802 925 qui
1829 891 1863 917 ab
1887 892 2035 926 [An‹1··ea1,
2060 902 2128 927 rege
2151 894 2326 928 Hungariae,

1317 945 1368 972 pro
1390 937 1563 972 quibusdam
1589 939 1681 973 ipsius
1705 940 1829 973 negotiis
1850 941 2039 975 procurandis
2060 942 2088 968 in
2111 942 2278 977 Hispaniam
2299 947 2328 970 et

1318 985 1515 1019 But-guadiam
1527 987 1717 1013 transmissus
1728 988 1830 1019 suerat,
1843 998 1858 1014 a
1874 988 2012 1023 [ἆιιςοῑιυ]Ὗ
2026 989 2214 1018 Praenestino
2223 991 2326 1025 electo,

1806 731 1943 763 Perouse,
1962 734 1990 760 Η
2007 734 2159 761 decembre
2178 735 2255 763 1235.

1316 1038 1385 1061 tunc
1406 1036 1433 1061 in
1458 1036 1588 1070 partibus
1614 1035 1780 1070 Hungariae
1810 1038 1995 1072 Apostolicac
2020 1039 2106 1066 Sedis
2129 1040 2233 1074 legato,
2258 1049 2327 1076 pro-

1316 1084 1488 1117 mulgatam,
1507 1085 1625 1111 relaxet.
1642 1100 1675 1104 —
1695 1086 1779 1118 (Risu.
1803 1087 1848 1118 17,
1866 1087 1884 1114 f.
1902 1087 1952 1114 243
1970 1094 2008 1117 r⁰;
2026 1097 2092 1114 ann.
2112 1088 2196 1123 Vnt,
2213 1097 2239 1115 c.
2257 1089 2324 1117 372:

1314 1147 1348 1151 —
1365 1132 1484 1160 Monam
1503 1134 1580 1165 1180,
1597 1134 1616 1160 s.
1634 1134 1702 1165 ‘265;
1721 1149 1753 1154 —
1771 1134 1918 1162 Pontus-r
1932 1136 2024 1169 9799.)

1356 1247 1368 1260 «
1386 1257 1405 1263 ..
1423 1236 1649 1274 archiepiscopo
1660 1237 1876 1274 Str-iyoniensi.
1891 1238 2101 1268 Transmissa
2114 1240 2209 1270 nobis
2224 1241 2261 1270 B.
2274 1258 2324 1268 —.

1314 1287 1385 1317 Dat.
1407 1288 1550 1322 Perusii,
1569 1289 1700 1319 XVIIII
1716 1289 1877 1320 kalendas
1891 1291 2050 1330 januarii,
2071 1302 2158 1322 anno
2168 1297 2295 1323 octavo.
2311 1306 2324 1320 ι»

1385 1466 1505 1495 2323

1348 1527 1578 1564 Areliiepiscopo
1597 1529 1767 1564 Maguutino
1787 1532 1901 1558 mandat
1917 1536 2060 1566 quatenus
2076 1533 2206 1561 Conrado
2217 1557 2223 1567 ‚
2239 1543 2322 1570 prae-

1313 1577 1407 1610 posito
1424 1575 1603 1610 Coloniensi,
1620 1579 1669 1613 qui
1686 1583 1802 1614 propter
1819 1582 2050 1615 prosecutionem
2067 1590 2172 1609 causae
2187 1591 2260 1617 quae
2276 1583 2322 1610 in-

1798 1469 1936 1502 Perouse,
1956 1471 1985 1497 lS
2001 1471 2154 1498 decembre
2172 1472 2249 1500 1‘23-4.

1313 1628 1356 1651 ter
1370 1626 1464 1660 ipsum
1481 1630 1508 1653 et
1524 1626 1698 1660 Com-adum,
1714 1629 1807 1663 ipsius
1824 1638 1913 1664 papae
1929 1631 2155 1663 subdiaconum,
2171 1633 2322 1668 praeposi-

1312 1677 1372 1700 tum
1389 1674 1511 1702 Sanctae
1525 1675 1629 1702 Mariae
1639 1676 1673 1703 ad
1686 1677 1801 1705 Gradus
1812 1677 2005 1707 Coloniensis.
2020 1688 2109 1715 super
2123 1682 2322 1716 praepositura

1311 1720 1478 1749 Coloniensi
1493 1725 1670 1759 vertebatur,
1681 1725 1754 1752 adeo
1765 1730 1826 1753 erat
1837 1727 1953 1754 attritus
1969 1728 2116 1755 laboribus
2130 1733 2159 1756 et
2171 1730 2322 1764 expensis,

1311 1770 1387 1804 quod
1405 1771 1538 1805 nequiret
1554 1773 1581 1798 in
1598 1773 1697 1799 eadem
1712 1781 1800 1800 causa
1815 1774 1879 1800 sine
1895 1775 2088 1801 subventione
2105 1776 2272 1811 procedere,
2286 1777 2322 1803 de

1311 1819 1395 1845 bonis
1411 1819 1445 1845 ad
1461 1820 1566 1847 dictam
1590 1823 1817 1856 praeposituram
1838 1824 2039 1858 spectantibus
2055 1824 2083 1850 iu
2100 1826 2238 1860 expensis
2255 1834 2321 1860 pro-

1311 1867 1423 1900 videat,
1442 1877 1476 1894 ne
1493 1869 1546 1895 hac
1568 1870 1722 1896 occasione
1748 1871 1774 1896 iu
1797 1873 1864 1905 jure
1888 1879 1942 1898 suo
1965 1872 2087 1899 deficiat.
2110 1888 2145 1893 —-
2167 1873 2251 1906 (Rau.
2279 1875 2320 1905 17,

1311 1916 1328 1943 f.
1353 1916 1405 1943 243
1427 1924 1469 1948 1'03
1492 1926 1558 1944 ann.
1576 1917 1656 1950 vul,
1674 1926 1699 1944 c.
1718 1919 1787 1951 3‡3;
1803 1934 1839 1939 —
1855 1919 2001 1947 Pon-uass
2016 1921 2102 1954 9SOO;
2121 1937 2153 1940 —
2169 1923 2204 1948 cs.
2222 1931 2319 1956 snpra,

1311 1971 1342 1991 n⁰
1356 1965 1448 1998 2258.)

1351 2079 1364 2093 (t
1384 2090 1405 2095 ..
1425 2068 1650 2106 archiepiscopo
1671 2070 1863 2106 ,llayunlino⁴
1886 2070 1969 2101 Cum
1992 2071 2033 2101 sit
2051 2072 2150 2101 officii
2171 2089 2219 2100 —.
2244 2073 2318 2102 Dat.

1309 2120 1453 2155 Perusii,
1469 2121 1531 2151 XV
1547 2121 1706 2152 kalendas
1718 2123 1878 2162 Januarii,
1896 2133 1983 2154 anno
1998 2129 2123 2155 octavo.
2144 2138 2156 2151 n

1380 2297 1503 2326 2324

1343 2359 1519 2393 Ferraudus,
1537 2369 1586 2387 rex
1603 2360 1743 2388 Castellae
1759 2366 1826 2394 etc„
1846 2364 1985 2397 promittit
2001 2365 2093 2399 qnod.
2110 2365 2319 2393 decedentibus

1307 2409 1458 2435 sororibus
1474 2410 1537 2436 suis
1553 2410 1676 2444 Slamia]
1693 2416 1720 2437 et
1736 2411 1870 2446 Dlulcial.
1888 2413 1931 2438 vel
1946 2414 2120 2440 intrantibus
2137 2415 2317 2449 religionem,

1306 2461 1356 2484 aut
1369 2458 1556 2490 nubentibus,
1573 2466 1625 2485 seu
1639 2461 1937 2494 recompensationem
1951 2462 2073 2496 aliquam
2087 2464 2315 2498 acceptantibus,

1306 2509 1435 2532 castrum
1457 2505 1570 2541 Toraph
1600 2507 1736 2534 fratribus
1763 2508 1880 2535 militiae
1900 2511 1993 2537 sancti
2016 2510 2117 2537 Jacobi
2142 2512 2168 2538 iu
2196 2512 2318 2546 pristino

1306 2557 1393 2586 statu,
1407 2554 1521 2580 nomine
1535 2554 1680 2582 Ecclesiae
1693 2555 1839 2583 Romanae
1852 2558 2018 2590 tenendum,
2033 2561 2182 2592 restituet;
2197 2560 2317 2595 iusuper

1307 2603 1392 2629 verba
1406 2603 1506 2629 damus
1522 2607 1545 2630 el
1562 2605 1748 2635 concedimus,
1766 2607 1859 2640 posita
1877 2606 1903 2632 in
1921 2607 2113 2634 instrumento
2128 2607 2318 2643 compositio-

1307 2652 1351 2677 nis
1368 2652 1442 2678 intet·
1459 2652 1554 2687 ipsum
1572 2657 1599 2678 et
1617 2653 1776 2687 praedictas
1799 2655 1891 2689 ipsius
1910 2663 2026 2682 sorores
2046 2665 2135 2692 super
2155 2666 2244 2691 regno
2264 2659 2317 2685 Lc-

1305 2701 1401 2735 gionis
1412 2701 1513 2734 sactae,
1529 2710 1578 2735 pro
1591 2710 1645 2728 nou
1658 2703 1798 2737 appositis
1810 2704 1977 2730 habeantur.
1990 2720 2021 2724 —
2035 2705 2118 2738 (Ritu.
2132 2707 2173 2738 17,
2184 2706 2201 2733 s.
2214 2706 2265 2734 *243
2275 2714 2315 2737 1‘02

1304 2757 1370 2775 ann.
1394 2747 1478 2782 VllI,
1495 2757 1521 2776 c.
1540 2750 1605 2781 3743
1623 2765 1659 2770 —
1681 2750 1800 2778 Moneau
1825 2752 1900 2782 tiso,
1926 2753 1945 2780 s.
1966 2753 2028 2784 166;
2055 2754 2134 2784 ibid..
2156 2754 2175 2781 f.
2201 2755 2265 2789 165;
2283 2769 2316 2775 -

1304 2797 1340 2824 cs.
1357 2805 1453 2832 supra,
1471 2805 1502 2825 n⁰
1522 2798 1609 2832 1986.)

1695 2299 1774 2333 [Dies
1791 2300 1826 2327 de
1844 2300 1986 2335 Llerenal,
2003 2302 2015 2328 4
2032 2303 2150 2329 octobre
2169 2303 2245 2331 1234.

1347 2911 1360 2926 τι
1377 2900 1486 2929 Littere
1502 2901 1580 2938 reyis
1597 2901 1720 2931 Castcne
1737 2901 1777 2930 ad
1798 2902 1958 2932 dominum
1977 2912 2088 2941 papam
2105 2913 2196 2942 super
2216 2910 2316 2935 castro

1307 2953 1436 2990 Toraph.
1456 2952 1676 2984 Sanctissimo
1691 2954 1777 2993 patri
1793 2964 1831 2985 ac
1848 2955 1982 2985 domino
2000 2956 2176 2994 Gregorio,
2201 2957 2316 2988 divina
