2498 3242
244 276 297 306 991
970 273 1210 305 REGISTRES
1231 272 1288 302 DE
1310 264 1532 303 GREGOIRE
1555 273 1614 303 tx.
2285 272 2342 303 992

243 341 343 368 hibere
359 349 393 367 ne
409 342 475 376 quis
490 342 584 375 aliqua
595 341 630 368 de
647 342 895 376 possessionibus,
909 341 1042 367 ecclesiis
1055 344 1083 366 et
1095 339 1254 366 redditibus

244 390 277 415 ad
295 390 421 424 ipsorum
440 390 604 424 hospitalisv
621 390 808 422 infirmariae,
826 391 991 421 sacristiae,
1013 388 1119 415 cellarii
1141 392 1169 414 et
1185 395 1252 414 ves-

244 438 317 464 tiarii
335 446 406 464 usus
428 437 461 464 ab
484 438 602 473 antiquo
627 439 790 473 specialiter
810 438 969 473 deputatis,
987 438 1110 464 alienare
1132 444 1253 471 praesu—

244 490 316 514 mat.
335 487 521 513 nihilominus
543 487 708 514 concedens
725 491 754 513 nt
770 496 802 514 ea
823 495 894 521 quae
910 486 945 513 de
961 487 1044 512 bonis
1059 485 1211 520 hospitalis
1226 489 1253 511 et

244 535 363 561 aliorum
381 536 604 569 praemissorum
624 536 744 562 alienata
760 536 871 562 fuerant
891 536 934 562 rel
950 534 1097 566 distracta,
1114 534 1213 568 adjus
1226 538 1253 559 et

244 583 447 617 proprietatem
464 583 594 618 ipsorum
610 584 653 610 eis
667 584 749 611 liceat
765 592 910 611 revocare.
922 599 953 604 -
965 583 1048 618 (Rue.
1065 583 1105 614 17,
1117 583 1136 609 s.
1152 582 1200 609 150
1212 588 1252 608 r⁰2

243 640 310 659 ann.
328 631 393 658 Vll.
411 640 436 658 c.
455 632 528 658 5511

287 750 297 758 n
327 756 346 761 ..
372 733 473 762 abbati
498 739 523 762 e!
545 735 710 763 conventui
736 735 914 763 monasterii
936 734 1120 764 Casincnsis.
1145 731 1252 762 Justis

243 785 428 824 petentium
447 791 508 815 etc.
528 803 577 815 —.
595 787 668 816 Dat.
687 786 857 816 Laterani.
875 787 936 816 XV
951 785 1111 816 kalendas
1127 784 1251 819 martii,

245 847 332 868 anno
350 839 501 877 septimo.
522 852 534 864 υ

318 1016 435 1044 1814

278 1077 461 1111 ἎᾟΗιήιῃοζ.
475 1079 611 1113 episcopo
627 1079 771 1113 quondam
789 1078 956 1110 Mutinensi,
970 1079 1156 1113 Apostolicae
1168 1079 1252 1105 Sedis

244 1127 347 1161 legato*
366 1142 397 1146 —
414 1135 479 1153 cum
501 1127 527 1152 in
553 1127 673 1158 Revela,
695 1127 830 1153 YVironia
849 1130 878 1154 et
897 1127 1070 1161 quibusdam
1087 1127 1151 1154 aliis
1168 1127 1251 1153 terris

244 1175 378 1209 legationi
407 1177 472 1209 ejus
500 1175 683 1208 commissis,
715 1180 791 1202 tanta
821 1179 899 1202 esset
928 1176 1128 1210 temporalium
1156 1184 1249 1202 rerum

244 1224 354 1258 iuopia.
371 1223 447 1258 quod
465 1232 519 1249 non
538 1224 631 1250 solum
649 1224 745 1255 unius,
763 1223 813 1250 sed
830 1224 916 1250 etiam
931 1224 979 1250 vix
994 1224 1117 1250 duorum
1138 1225 1253 1258 episco-

245 1278 362 1306 patuum
381 1273 429 1298 uni
445 1272 582 1307 episcopo
598 1272 761 1298 sufficerent
778 1272 942 1305 facultates,
959 1276 987 1298 et
1007 1276 1122 1307 propter
1138 1273 1251 1307 episco-

245 1328 346 1355 porum
363 1320 506 1346 desectum
524 1321 604 1346 salus
620 1320 815 1355 negligeretur
832 1321 1003 1352 animarum,
1020 1334 1056 1340 —
1075 1321 1206 1347 coneedit
1223 1326 1252 1347 ut

244 1369 429 1403 episcopatus
448 1369 527 1394 unire
542 1377 575 1395 ac
591 1369 718 1395 dividere
734 1369 824 1396 valeat
839 1373 867 1395 et
888 1369 1042 1395 transferre
1061 1369 1096 1395 de
1117 1377 1173 1395 uno
1190 1369 1252 1396 loco

243 1417 278 1443 ad
292 1418 394 1444 alium.
413 1417 563 1443 instituere
579 1417 614 1443 de
631 1425 704 1443 novo
720 1417 874 1452 episcopos
892 1421 920 1443 et
935 1425 1116 1449 consecrare,
1133 1422 1162 1444 et
1177 1418 1251 1444 limi-

245 1472 303 1492 tare
319 1466 505 1500 episeopatus
530 1466 576 1492 ubi
600 1465 735 1500 expedire
752 1465 855 1492 viderit
878 1465 906 1492 iu
934 1465 1086 1500 praedictis
1107 1466 1202 1493 terris.
1219 1481 1252 1486 —

244 1514 327 1546 (Rea.
344 1515 384 1541 17.
401 1514 419 1540 s.
441 1514 487 1541 150
504 1522 545 1540 ro:
563 1523 630 1540 ann.
646 1514 714 1546 VII,
733 1522 760 1541 c.
777 1515 845 1546 5553
863 1530 894 1533 —
912 1514 1031 1542 Motu-:Au
1050 1515 1127 1549 1188,
1146 1515 1164 1541 f.
1182 1515 1251 1545 33&

245 1577 277 1581 —
295 1562 440 1589 Pei-mser
455 1562 524 1589 9115
535 1564 566 1595 ¹.)

806 1017 917 1049 Latmn,
936 1017 967 1043 15
983 1017 1086 1043 fe'vrier
1103 1016 1180 1044 1234.

287 1677 299 1689 α
336 1665 389 1694 W..
423 1665 556 1702 episcopo
585 1665 738 1702 quondam
769 1665 951 1700 Mutinensi,
982 1666 1147 1702 Apostolice
1169 1665 1253 1695 Sedis

243 1718 349 1753 Ieyuto.
374 1717 463 1746 Licet
487 1717 716 1755 episcoporum
737 1717 910 1747 translatio
925 1735 974 1745 —.
992 1718 1065 1746 Dat.
1084 1717 1250 1751 Laterani,

243 1770 304 1799 XV
320 1769 479 1799 kalendas
496 1770 622 1805 martii,
644 1778 730 1800 anno
746 1770 895 1808 septimo.
919 1783 932 1796 »

316 1946 431 1975 ¹8¹5

279 2008 383 2034 Abbati
404 2015 430 2033 et
452 2009 606 2034 conventui
631 2008 798 2035 monasterii
820 2007 988 2035 Casinensis
1012 2013 1110 2035 notum
1132 2010 1199 2036 facit
1221 2017 1253 2036 se

804 1946 916 1979 Latran,
935 1947 966 1974 18
983 1947 1086 1973 sevrier
1104 1947 1179 1974 1234.

242 2057 372 2083 inhibere
397 2062 425 2084 ut
441 2058 580 2083 ecclesiae
596 2057 630 2083 ad
654 2058 782 2092 ipsorum
804 2059 1009 2084 monasterium
1027 2063 1205 2092 spectantes,
1223 2059 1251 2085 in

244 2107 351 2141 quibus
368 2106 722 2132 monachi·<·0nsueverant
733 2107 902 2140 regulariter
913 2108 1095 2139 commorari,
1108 2107 1253 2134 deceden-

243 2155 321 2180 tibus
339 2155 383 2180 ins
398 2155 447 2189 qui
469 2163 517 2180 eas
541 2159 609 2181 tunc
631 2155 832 2189 possidebant,
852 2155 919 2181 nulli
940 2156 974 2182 de
994 2159 1090 2182 cetero
1114 2157 1252 2183 saeculari

243 2203 347 2228 clerico
363 2202 566 2234 concedantur,
590 2202 650 2234 sed,
668 2203 744 2229 sicut
760 2203 827 2229 olim
843 2208 1015 2230 consuetum
1032 2208 1107 2235 erat,
1128 2212 1177 2238 per
1193 2212 1253 2230 mo-

244 2252 351 2277 nachos
370 2252 576 2285 gubernentur.
594 2267 627 2270 —
642 2251 724 2284 (Rea.
746 2252 786 2284 17,
804 2252 822 2279 s.
843 2252 891 2278 150
907 2259 952 2283 νος
969 2261 1034 2279 ann.
1057 2251 1124 2285 Vll,
1141 2261 1167 2280 c.
1185 2253 1251 2284 5563

242 2315 274 2319 —-
293 2299 438 2327 Formas-r
454 2299 545 2332 9411.)

287 2414 289 2416 ·
317 2423 335 2428 ..
349 2401 450 2429 abbati
464 2407 488 2429 cl
502 2402 666 2430 concentui
678 2402 858 2430 monasterii
871 2402 1054 2431 casinensis.
1068 2402 1138 2431 Etsi
1153 2401 1252 2432 eccle-

243 2453 367 2482 siarum
381 2454 587 2483 01nnium—.
607 2454 680 2483 Dat.
695 2454 861 2489 Laterani,
877 2454 942 2484 XII
958 2453 1117 2484 kalendas
1127 2455 1250 2491 martii,

242 2516 329 2536 anno
345 2507 496 2545 septimo.
516 2520 528 2532 n

314 2684 432 2713 1816

277 2746 479 2781 Semigaliensi
496 2747 634 2782 episcopo
649 2747 763 2774 mandat
773 2751 927 2782 quatenus,
943 2746 1159 2782 Wlillelmum]‚
1172 2748 1251 2783 epis-

242 2803 346 2830 copum
370 2795 514 2829 quondam
531 2795 738 2827 Mutinensem,
760 2795 794 2822 ad
819 2800 914 2830 partes
934 2795 1080 2828 Livoniae,
1102 2795 1249 2829 Pruseiae,

816 2684 930 2717 Latran,
948 2685 964 2712 9
979 2685 1084 2712 sevrier
1101 2685 1178 2713 1234.

276 2930 296 2953 1.
313 2930 387 2953 Avec
402 2929 426 2952 la
442 2929 505 2952 date
521 2931 547 2953 11
562 2931 698 2953 kalendae
711 2931 809 2954 martii
824 2929 863 2960 (28
879 2929 998 2960 fevi-ier).

1337 337 1537 370 Gothlandiae,
1557 338 1742 371 Vinlandiae,
1766 338 1911 371 Estoniae,
1928 338 2113 373 Semigaliae,
2130 337 2299 364 Cui-landiae
2314 341 2342 365 et

1336 392 1495 415 ceterarum
1514 389 1722 424 neophytorum
1736 393 1764 416 et
1778 397 1954 424 paganorum
1967 388 2178 423 provinciarum
2188 396 2221 415 ac
2233 388 2343 415 insula-

1337 445 1399 463 rum
1417 437 1701 472 circumpositarum,
1714 438 1870 464 commisso
1886 437 1940 464 sibi
1954 438 2052 472 plenae
2068 437 2219 471 legationis
2233 437 2340 469 officio,

1336 493 1351 511 a
1369 484 1442 511 Sede
1456 485 1622 520 Apostolica
1638 486 1852 518 transmissum,
1871 486 1964 520 ipsius
1981 485 2197 520 Semigaliensis
2212 485 2342 520 episcopi

1337 534 1489 567 legationis
1511 534 1614 564 ossicio,
1633 538 1661 560 et
1677 534 1795 560 directis
1810 534 1843 560 nd
1861 534 1954 568 ipsum
1971 542 2058 568 super
2075 533 2241 560 limitatione
2264 535 2343 568 epis-

1336 584 1490 614 copatuum
1507 586 1533 607 et
1549 582 1612 607 aliis
1628 582 1762 608 omnibus
1779 591 1795 608 a
1810 581 1883 607 Sede
1896 582 2062 616 Apostolica
2077 582 2178 608 litteris
2190 582 2341 614 revocatis,

1337 635 1470 664 tanquam
1488 630 1612 663 legatum
1630 629 1713 656 Sedis
1732 630 1918 664 Apostolicae
1934 630 2076 664 recipiens
2095 630 2221 656 hilariter
2243 634 2272 656 et
2287 631 2342 657 ho-

1337 682 1418 704 neste
1435 682 1622 712 pertractans,
1639 678 1716 704 illius
1732 679 1848 704 monitis
1864 682 1892 704 et
1903 678 2044 705 mandatis
2055 678 2183 706 intendat
2198 679 2344 706 humiliter

1335 730 1364 752 et
1386 726 1498 752 devote.
1516 740 1548 746 -—
1564 725 1647 758 (Rae.
1674 726 1719 758 17,
1741 727 1760 752 f.
1783 727 1832 753 ι150
1850 733 1897 758 v⁰;
1918 735 1983 754 ann.
2008 726 2079 759 Vlt,
2097 735 2122 754 c.
2145 727 2213 759 557;
2231 743 2263 746 —
2279 727 2342 754 Mo-

1336 784 1405 802 nsAu
1425 775 1500 806 ¹188,
1519 775 1537 802 f.
1553 774 1625 807 32²3.)

1378 888 1390 902 «
1416 899 1435 904 ..
1458 876 1673 914 Semiyaliensi
1694 877 1838 914 episcopo.
1857 877 1940 907 Cum
1956 876 2158 907 venerabilis
2175 877 2277 907 frater
2292 894 2342 906 —.

1335 930 1408 958 Dat.
1428 929 1594 964 Laterani,
1611 929 1639 959 V
1654 928 1729 959 idus
1743 929 1917 965 februarii,
1936 938 2022 959 anno
2038 929 2188 967 septimo.
2209 941 2221 956 »ι

1410 1100 1526 1129 181ἵ
1892 1099 2006 1132 Latrim,
2024 1099 2054 1126 21
2073 1100 2176 1126 sevrier
2197 1100 2272 1128 1234.

1371 1161 1523 1188 Universis
1539 1161 1646 1188 Christi
1667 1161 1799 1188 fidelibus
1815 1169 1864 1195 per
1885 1161 2048 1193 Livoniam,
2066 1161 2232 1191 Pruseiam,
2252 1160 2347 1188 Goth-

1335 1209 1472 1241 landiam,
1493 1209 1688 1242 Vinlandiam,
1713 1209 1876 1242 Estoniam,
1894 1209 2093 1243 Semigaliam,
2113 1209 2295 1236 Cui-{audiam
2315 1212 2345 1236 et

1336 1262 1446 1284 ceteras
1477 1259 1683 1293 neophytorum
1715 1263 1743 1284 et
1773 1266 1947 1292 paganorum
1982 1257 2144 1292 provincias
2173 1266 2207 1284 ac
2234 1257 2345 1285 insulas

1335 1306 1502 1333 constitutis
1519 1307 1631 1332 mandat
1647 1310 1790 1340 quatenus
1805 1305 1996 1338 Willelmum⁷
2016 1306 2185 1340 episcopum
2200 1305 2345 1340 quondam

1337 1354 1547 1382 Mutinensem.
1565 1355 1598 1381 ari
1615 1355 1695 1389 ipsos
1711 1355 1844 1387 missum,
1861 1358 1995 1388 tanquam
2013 1355 2138 1388 legatum
2154 1354 2344 1388 apostolicum

1337 1404 1486 1438 recipiant,
1503 1404 1626 1437 ejusque
1642 1403 1758 1430 monitis
1775 1406 1802 1429 et
1818 1403 1959 1429 mandatis
1976 1404 2074 1437 pronis
2091 1403 2236 1429 mentibus
2251 1402 2345 1429 inten-

1336 1451 1414 1479 dant.
1427 1451 1558 1485 -(1ὶεο.
1578 1452 1620 1483 17,
1638 1451 1656 1478 f.
1678 1451 1725 1478 150
1740 1458 1786 1482 v⁰;
1803 1459 1869 1477 ann.
1886 1450 1987 1483 V11,c.
2001 1449 2247 1482 5583—Monsm
2264 1450 2343 1482 1188,

1336 1500 1355 1526 f.
1373 1499 1420 1526 341
1437 1509 1442 1531 ;
1460 1500 1496 1526 cl'.
1515 1500 1571 1525 ibid
1587 1521 1592 1532 ,
1615 1500 1633 1526 f.
1650 1499 1718 1531 3¹13;
1742 1513 1777 1520 -
1800 1499 1945 1527 porram
1960 1499 2046 1530 911<13;
2063 1513 2096 1519 —
2112 1499 2216 1531 sraqm.
2234 1498 2262 1524 in
2283 1497 2346 1525 Ro-

1337 1557 1459 1575 nsssnsno
1476 1549 1527 1575 575
1544 1549 1574 1581 ¹.)

1379 1662 1391 1676 ιι
1419 1650 1573 1678 [niver-sis
1599 1650 1713 1679 Christi
1732 1650 1871 1686 fidelibus
1886 1658 1942 1687 per
1963 1650 2143 1684 Livoniam,
2171 1650 2344 1684 Prusciam,

1338 1703 1570 1739 Gothlandicwn,
1599 1703 1808 1736 Vinlandiam,
1833 1703 2005 1736 Estonia'm,
2029 1701 2242 1740 Semiqalfflm,
2267 1702 2346 1732 Cur-

1337 1757 1475 1785 [audiam
1489 1779 1494 1791 ,
1517 1761 1542 1785 et
1559 1761 1670 1785 celeras
1685 1757 1899 1794 neophitorum
1916 1760 1942 1784 et
1955 1744 2151 1793 paganorum
2166 1755 2346 1792 provincias

1336 1818 1371 1838 ac
1389 1810 1506 1838 insulas
1523 1810 1707 1838 constitutis.
1726 1807 1912 1838 Ineffabilis
1928 1807 2101 1846 dispositio
2115 1807 2281 1838 Creatoris
2295 1824 2342 1836 —-.

1337 1861 1518 1892 Suscitavit
1540 1861 1619 1891 olim
1642 1861 1804 1891 Dominus
1827 1861 1983 1899 spiritum
2006 1860 2209 1891 venerahilis
2231 1860 2346 1890 fratris

1337 1915 1442 1944 nostri
1458 1913 1632 1949 Willelmi,
1652 1914 1797 1952 episcopi
1813 1914 1979 1952 quondam
1997 1912 2209 1948 Mutinensis,
2229 1913 2286 1951 qui
2307 1912 2347 1942 de

1336 1967 1491 1996 mandato
1516 1967 1610 1997 Sedis
1634 1967 1823 2005 Apostolice
1845 1967 1886 1996 ad
1907 1975 2052 2005 paganos
2073 1965 2149 1996 illos
2173 1965 2345 2003 accedens,

1337 2020 1392 2058 qui
1410 2020 1497 2049 circa
1513 2019 1666 2057 regiones
1681 2024 1809 2049 vestras
1825 2019 1982 2054 existunt,
2001 2028 2067 2048 non
2083 2018 2244 2048 modicam
2264 2017 2346 2048 mul-

1337 2072 1512 2102 titudinem
1537 2073 1717 2102 eorundem
1737 2073 1777 2102 ad
1800 2073 2004 2110 agnitionem
2027 2071 2178 2102 veritatis
2199 2070 2344 2105 adduxit,

1336 2125 1515 2155 mullorum
1530 2125 1564 2154 in
1579 2125 1627 2155 eis
1644 2134 1793 2155 errorum
1810 2125 1989 2163 generibus
2005 2124 2206 2162 exstirpatis,
2224 2123 2347 2162 quibus

1337 2178 1382 2207 ita
1405 2178 1520 2207 miseri
1542 2178 1741 2207 tenebantur
1763 2177 1937 2216 impliciti,
1961 2181 2007 2211 ut¹¹
2028 2177 2153 2207 cultum
2169 2175 2347 2207 christiani

1337 2231 1482 2260 nominis
1498 2239 1560 2260 non
1576 2231 1746 2266 habentes,
1761 2239 1891 2260 omnem
1904 2230 2125 2260 intentionem
2136 2238 2230 2260 suam
2241 2228 2347 2259 cultui

1337 2287 1465 2312 tantum
1481 2283 1665 2312 visibilium
1683 2283 1896 2321 applicarent.
1915 2284 2040 2313 Verum
2055 2282 2143 2312 idem
2159 2281 2343 2320 episcopus,

1337 2335 1474 2365 elevatis
1499 2336 1604 2366 oculis
1627 2336 1742 2365 videns
1764 2335 1849 2374 quod
1870 2335 2023 2373 regiones
2043 2339 2151 2365 vestre
2174 2334 2247 2364 albe
2268 2338 2347 2364 sunt

1332 2389 1400 2427 jam
1424 2389 1464 2417 ad
1489 2398 1648 2424 messem,
1671 2397 1743 2417 cum
1767 2388 1890 2418 Jhesus
1913 2388 2086 2423 Christus,
2111 2388 2200 2417 Deus
2220 2390 2343 2423 noster,

1336 2441 1421 2471 sicut
1439 2441 1642 2478 accepimns,
1666 2449 1764 2478 super
1780 2444 1910 2478 gentem
1927 2444 2070 2470 vestram
2092 2439 2271 2469 clementer
2291 2447 2346 2469 re-

1337 2494 1493 2532 spiciens,
1507 2493 1629 2522 ostium
1641 2493 1712 2532 eJ'us
1725 2492 1920 2523 salvationis
1931 2493 2086 2529 dignatus
2100 2492 2143 2522 sit
2155 2491 2294 2530 aperire,
2308 2499 2346 2521 ac

1336 2546 1375 2576 ad
1398 2543 1588 2584 spirituales
1611 2546 1765 2581 delicias,
1790 2545 2041 2575 conversionem
2062 2543 2216 2574 videlicet
2236 2543 2346 2582 gentis

1335 2598 1502 2638 ejusdem,
1523 2599 1600 2628 totis
1616 2598 1792 2628 desideriis
1813 2597 1957 2636 totisque
1977 2597 2081 2626 animi
2096 2596 2252 2627 medullis
2269 2604 2344 2626 sus-

1334 2651 1463 2690 pirans,
1485 2651 1580 2681 nobis
1598 2669 1635 2672 -
1651 2660 1726 2680 cum
1746 2650 1850 2680 multa
1865 2658 1998 2688 precum
2015 2649 2176 2679 instantia
2194 2653 2226 2679 et
2242 2649 2345 2679 lacri-

1335 2713 1462 2733 marum
1487 2704 1655 2733 affluentia
1677 2703 1875 2742 supplicavit
1897 2707 1932 2733 ut
1952 2720 1991 2724 —-
2009 2702 2134 2741 ipsum,
2152 2696 2344 2740 episcopatu

1334 2760 1466 2795 propter
1482 2765 1538 2787 vos
1557 2756 1741 2787 Mutinensi
1763 2756 1917 2791 dimisso,
1942 2759 2094 2794 paratum
2110 2763 2169 2793 pro
2184 2754 2295 2790 vohis,
2313 2753 2345 2784 si

1368 2888 1388 2912 1.
1408 2887 1553 2912 Porrrms'r
1568 2890 1594 2912 et
1612 2887 1787 2912 Ronsnnssnc
1802 2887 1926 2911 donnent
1941 2886 2061 2915 l'incz'pit
2081 2894 2087 2909 :
2109 2893 2121 2908 «
2140 2884 2291 2914 Quoniam,
2311 2886 2345 2908 ut

1335 2932 1401 2957 ait...
1416 2940 1439 2961 υ,
1455 2932 1501 2962 qui
1517 2934 1587 2956 u‘est
1604 2938 1653 2962 pas
1667 2932 1692 2955 le
1707 2931 1849 2955 veritable.

2495 3215 2498 3225 -
2487 3165 2498 3180 ι
2478 2920 2498 3146 -.4-⁴-·-4.t.;.-1
2493 2819 2498 2902 --.,-
