2498 3242
157 306 215 336 877
1015 298 1228 336 SEPTIEME
1250 298 1410 336 ANNEE.
2207 309 2265 339 878

160 372 266 402 tribus
282 372 420 403 milibus
439 372 620 403 solidorum
644 372 862 403 rendualibus
879 373 917 403 de
938 372 1034 402 bonis
1056 380 1169 402 mense

158 424 323 464 deputatis
349 429 542 456 conventus.
566 425 631 455 sibi
649 426 747 455 annis
768 425 912 463 singulis
929 424 1168 464 persolvendis.

159 477 229 507 suis
243 477 361 508 usibus
378 477 563 516 applicatis,
579 478 612 507 in
631 479 785 508 manibus
802 482 984 508 conventus
1001 477 1099 508 cessit
1118 486 1171 507 re-

158 530 277 569 gimini
298 530 441 561 abbatie.
463 531 574 563 Unde,
598 540 672 560 cum
695 532 868 561 occasione
890 530 1079 570 hujusmodi
1100 539 1170 568 prc-

158 582 282 613 dictum
300 584 540 613 monasterium
557 584 637 614 adeo
649 584 690 614 sit
704 593 898 622 oppressum
915 584 1012 623 quod,
1031 584 1095 613 nisi
1113 593 1171 622 per

157 635 400 674 providentiam
430 635 526 666 Sedis
555 636 743 674 Apostolico
773 637 926 667 celeriter
957 641 1171 666 succurratur

158 688 277 724 eidem,
296 697 355 719 nec
375 689 485 727 ipsum
501 698 519 719 a
539 689 661 719 debitis
678 689 818 719 relevari
837 698 895 719 nec
911 689 990 719 orslo
1007 689 1170 726 regularis

158 740 329 778 observari
346 742 465 780 poterit
483 741 695 781 aliquatenus
713 742 745 771 in
764 743 889 774 eodem,
913 752 929 772 a
947 742 1042 772 nobis
1059 742 1170 771 humi-

158 793 234 824 liter
250 794 461 833 postulabant
476 799 509 824 ut
523 795 695 833 providere
712 804 810 833 super
826 795 894 825 hiis
910 795 949 825 de
963 795 1170 833 benignitate

158 846 253 877 Sedis
272 847 460 885 Apostolice
477 847 702 885 dignareiuu1·.
718 848 786 878 Nos
802 848 905 885 igitur
920 865 959 869 —
974 847 1169 877 mandamus

157 904 339 939 quatenus.
365 900 405 929 ad
435 900 675 930 monasterium
706 905 923 930 ununoratum
951 900 1171 938 personaliter

158 953 352 983 accedentes
369 956 400 983 et
417 952 579 982 habentes
596 962 653 991 pre
669 953 774 983 oculis
791 953 898 983 solum
917 954 1038 988 Deum‚
1061 953 1169 992 inqui-

157 1006 239 1035 ratis
263 1006 301 1035 de
326 1006 501 1044 premissis
524 1005 679 1036 omnibus
704 1006 900 1044 diligentius
923 1006 1113 1041 veritatem,
1138 1010 1170 1036 et

158 1058 306 1098 hiisque
323 1059 361 1089 de
384 1059 480 1089 honis
502 1059 650 1098 ejusdem
669 1059 813 1089 alienata
834 1059 1032 1089 inveneritis
1052 1058 1169 1089 illicite

156 1111 207 1142 vel
224 1112 394 1147 distracta,
412 1112 452 1142 ad
465 1112 520 1151 jus
537 1116 567 1141 ct
583 1111 818 1150 proprietatem
835 1112 941 1150 ipsius
957 1111 1105 1149 legitime
1122 1121 1169 1141 re-

159 1165 298 1199 vocatis,
318 1174 354 1195 ac
372 1165 562 1203 provisione
586 1165 767 1202 supradicti
783 1164 947 1194 VVillelmi
964 1165 1058 1193 irrita
1075 1165 1170 1202 peni-

157 1223 209 1247 tus
222 1218 386 1253 nuntiata,
400 1227 474 1248 cum
487 1217 657 1256 proprium
675 1217 867 1247 nullatenus
883 1217 997 1247 debeat
1012 1217 1167 1253 retinere,

157 1279 272 1301 omnes
288 1270 438 1300 redditus
457 1270 642 1300 antedictos
664 1270 699 1299 in
719 1270 918 1299 solutionem
935 1269 1121 1299 debitorum
1138 1275 1170 1301 et

157 1322 337 1353 utilitatem
353 1323 549 1353 monasterii
569 1323 709 1361 sepefati
725 1323 890 1357 converti,
909 1322 1038 1352 sublato
1057 1323 1169 1362 cujus-

155 1375 237 1406 libet
261 1375 494 1414 appellationis
522 1375 709 1411 obstaculo,
735 1375 883 1410 faciatis,
908 1375 1112 1413 corrigentes
1138 1380 1170 1406 et

157 1428 377 1459 reformantes
393 1428 533 1463 ibidem,
553 1432 620 1457 tam
641 1428 675 1457 in
699 1428 805 1471 capite
822 1436 921 1466 quam
941 1428 976 1457 in
995 1428 1166 1463 membris,

156 1490 220 1520 que
233 1481 450 1512 correctionis
469 1485 500 1511 et
515 1480 764 1511 reformationis
780 1480 887 1511 officio
902 1481 1064 1511 noveritis
1079 1481 1168 1510 indi-

155 1542 243 1572 gere.
261 1535 335 1564 Dat.
360 1534 527 1569 Laterani,
544 1535 608 1564 VII
631 1533 791 1564 kalendas
811 1534 1008 1570 decembris,
1032 1534 1166 1572 pontifi-

153 1591 247 1618 catus
264 1587 370 1617 nostri
387 1596 473 1618 anno
488 1587 640 1626 septimo.
660 1599 673 1613 n

225 1786 344 1815 1590

189 1848 372 1876 Patriarchae
396 1849 586 1884 Aquilegensi
612 1849 728 1876 mandat
749 1853 894 1884 quatenus
913 1851 1077 1877 cessionem
1096 1851 1166 1877 Ter-

153 1898 260 1932 gestiui
276 1898 370 1929 electi,
390 1902 505 1933 propter
522 1899 587 1933 ejus
604 1898 799 1924 infirmitatem
815 1898 1018 1930 incurabilem,
1037 1900 1165 1934 recipiat,

153 1947 278 1981 capitulo
298 1946 471 1980 Tergestino
492 1946 651 1981 injungens
676 1950 705 1973 ut
725 1946 780 1973 sibi
803 1950 832 1973 et
854 1946 948 1973 eidem
969 1947 1111 1974 ecclesiae
1131 1947 1167 1974 de

154 2004 277 2031 persona
292 1994 395 2022 idonea
412 1995 581 2030 provideant
596 1996 623 2022 in
642 1999 798 2030 pastorem.
813 2009 848 2015 —
863 1995 946 2029 (Rau.
967 1996 1007 2028 17,
1025 1997 1042 2023 f,
1060 1997 1104 2023 101
1118 2003 1165 2031 v⁰;

153 2052 219 2071 aun.
240 2043 305 2076 V11,
323 2052 349 2072 c.
366 2044 433 2075 3562
452 2059 483 2064 —-
503 2043 649 2071 Po'rmas'r
664 2044 756 2077 9330.)

654 1787 769 1819 Lau-an,
787 1787 820 1814 23
841 1788 997 1814 novembre
1017 1788 1092 1816 1233.

158 2140 166 2143 ’
197 2166 210 2180 α
237 2177 254 2182 ..
278 2154 458 2191 patriarche
476 2154 681 2191 Aquiteqensi.
703 2154 749 2183 Ex
770 2157 862 2192 parte
885 2153 998 2184 dilecti
1018 2171 1064 2182 —.
1091 2155 1164 2184 Dat.

155 2206 326 2241 Laterani,
344 2207 443 2236 VIIII
466 2205 625 2236 kalendas
646 2206 847 2242 decembris,
865 2215 952 2236 anno
972 2207 1124 2246 septimo.
1151 2219 1164 2234 n

228 2411 344 2440 1591

189 2473 329 2501 Potestati
350 2477 378 2499 et
397 2473 502 2508 populo
525 2473 717 2500 Anconitanis
733 2473 787 2500 sub
805 2481 895 2508 poena
913 2474 989 2500 mille
1005 2482 1166 2502 marcarum

153 2522 266 2556 argenti
284 2520 424 2556 praecipit
444 2523 589 2555 quatenus
604 2520 676 2547 infra
693 2528 822 2547 mensem
839 2522 1002 2548 cautionem
1018 2525 1168 2557 praestent

153 2570 189 2597 de
218 2570 320 2597 stando
345 2568 476 2605 praecise
501 2568 670 2604 apostolicis
695 2569 857 2604 mandatis5
885 2571 947 2605 ipsa
973 2573 1112 2605 potestas,
1139 2575 1168 2598 et.

153 2619 294 2655 syndicus
305 2623 333 2646 et
344 2627 395 2645 sex
410 2618 446 2645 de
462 2617 620 2652 majoribus
632 2619 758 2645 civitatis
770 2619 804 2646 ad
819 2619 984 2655 purgandos
999 2628 1032 2647 se
1046 2621 1081 2647 de
1097 2629 1167 2648 cou-

150 2667 347 2704 jurationibus
371 2675 443 2702 quas
462 2670 562 2693 contra
584 2665 792 2694 Belvacensem
808 2667 990 2703 episcopum,
1007 2668 1074 2695 olim
1091 2668 1167 2695 Mar-

154 2717 236 2744 chiae
261 2721 414 2747 rectorem,
440 2718 469 2742 et
494 2719 593 2750 postea
616 2719 716 2742 contra
741 2716 966 2743 constitutiones
989 2715 1165 2752 Jsohannis]‚

155 2766 228 2793 tituli
241 2765 365 2792 Sanctae
378 2763 518 2790 praxedis
530 2764 691 2799 presbyteri
702 2763 866 2796 cardinalis,
880 2764 1023 2791 Mai-chiac
1035 2765 1166 2798 rectoris,

155 2814 287 2846 inierant,
299 2813 333 2839 ad
345 2813 451 2840 Sedent
465 2812 660 2848 Apostolicam
673 2813 823 2840 accedant.
834 2828 864 2832 —
876 2813 959 2848 (Rho.
976 2815 1015 2846 17,
1029 2814 1048 2842 s.
1064 2814 1165 2846 101v0;

154 2871 221 2890 nnn.
240 2862 310 2890 VIl.
328 2870 354 2890 c.
371 2861 438 2891 357:
454 2875 488 2881 —
511 2861 655 2888 ΡοττιιΛετ
675 2861 761 2894 932&
778 2875 814 2882 -
830 2861 998 2889 Ronsunanu
1016 2862 1088 2896 562.)

662 2410 774 2444 Lati-an,
792 2410 824 2438 22
841 2411 997 2438 novembre
1017 2411 1092 2439 1233.

198 2983 211 2999 α
246 2994 263 3001 ..
291 2971 432 3010 potestati
460 2975 487 3000 et
507 2971 619 3008 populo
642 2971 846 3000 Anconitanis
869 2971 1015 3008 spiritum
1043 2972 1168 3001 consilii

1252 373 1398 401 sanioris.
1421 373 1550 402 Vestris
1577 378 1623 403 est
1651 374 1840 404 excessibus
1868 392 1916 403 —-.
1944 376 2016 404 Dat.
2044 375 2209 408 Laterani,
2234 376 2263 405 X

1253 424 1412 455 kalendas
1428 425 1624 457 decembris.
1643 435 1729 456 anno
1746 428 1896 465 ‚sc-ptimo.
1921 440 1933 453 υ

1326 610 1440 638 ¹592

1289 671 1473 700 Auximauis,
1486 673 1582 706 —qui
1601 672 1782 707 R1aynald01.
1801 678 1864 699 nato
1875 673 2125 707 Clarii-aulil.il=1‹>is
2141 674 2261 708 Spain-ti,

1760 610 1870 636 Latrau.
1888 611 1919 637 ‘22‘
1939 611 2093 637 novembr<-
2115 612 2190 639 12:323.

1253 719 1400 746 Ecclesiae
1417 721 1543 753 inimico,
1555 721 1754 748 adhaeserant.
1766 723 1814 756 qui
1826 722 1852 748 in
1866 723 2056 748 Auximauam
2070 723 2220 748 melu-siam
2235 726 2263 748 et

1253 768 1448 795 Auximanum
1480 769 1649 804 episcopum
1679 771 1905 799 iustu-rexerant,
1936 771 2131 796 cumbum-udo
2161 771 2262 796 domos

1252 815 1346 851 ipsius
1370 817 1511 843 ecclcsiae
1535 820 1562 844 et
1587 826 1729 844 cameram
1756 819 1848 853 ipsius
1868 819 1996 853 episcopi
2018 819 2179 853 spoliando.
2202 819 2260 852 qui,

1252 864 1345 890 eidem
1363 865 1501 899 episcopo
1522 871 1548 892 et
1566 866 1680 893 cion-icis
1697 868 1870 893 Auximanis
1891 867 2064 893 necessariis
2079 867 2263 892 «sanium-viis

1252 913 1430 946 interdictis,
1449 915 1475 940 in
1494 915 1803 942 excommunicationis
1818 916 1990 942 sententiam
2003 916 2037 941 ab
2052 915 2178 942 Honorio
2192 923 2262 950 papa

1252 962 1334 988 latam
1349 963 1517 995 inciderant,
1529 963 1577 998 qui
1593 964 1718 999 denique
1737 964 1912 991 Fridericum
1929 964 2036 991 dictum
2053 964 2179 995 Testam,
2194 963 2264 990 mul-

1252 1010 1340 1044 tiplici
1358 1013 1658 1040 excommunicatione
1673 1017 1817 1045 notatum,
1834 1014 1883 1048 qui
1900 1014 2028 1048 ipsorum
2045 1013 2170 1038 civitatis
2187 1011 2263 1046 regi-

1252 1059 1321 1085 mini
1353 1060 1530 1094 praefuerat,
1561 1061 1689 1087 scienter
1720 1066 1819 1088 contra
1848 1062 2048 1088 inhibitionem
2079 1066 2107 1087 et
2137 1062 2261 1087 bannum

1250 1107 1431 1142 JIobanuisl,
1449 1109 1523 1135 tituli
1539 1109 1662 1136 Sanctae
1681 1109 1817 1137 I'raxedis
1834 1110 1995 1145 presbyteri
2011 1110 2180 1139 cardinalis,
2198 1118 2262 1136 rcc-

1251 1157 1323 1183 toris
1336 1157 1488 1186 Mai-chiae.
1503 1159 1528 1184 in
1543 1163 1714 1193 potestatem
1732 1163 1993 1194 rcassumpseraut,
2006 1163 2034 1186 ct
2045 1159 2262 1193 conjurationes

1251 1213 1317 1232 cnm
1335 1206 1526 1234 Anconitauis
1543 1212 1571 1234 et
1588 1208 1706 1234 Aesinis
1722 1212 1821 1234 contra
1837 1208 1970 1234 eumdem
1991 1208 2164 1234 cardinalem
2187 1208 2261 1234 inie-

1252 1259 1332 1287 rant,
1358 1270 1391 1274 —
1416 1256 1516 1282 eadem
1543 1258 1681 1292 praecipit
1709 1266 1783 1292 quae
1812 1266 1898 1292 supra
1930 1257 2135 1286 Anconitanis.
2165 1257 2261 1283 verbis

1251 1304 1384 1334 mutatis:
1401 1305 1526 1340 alioquin
1545 1307 1676 1332 noverint
1694 1307 1788 1341 ipsum
1814 1315 1913 1342 papam
1939 1307 2048 1333 Aesino
2073 1308 2210 1342 episcopo
2233 1311 2261 1333 et

1253 1353 1390 1387 magistro
1401 1354 1546 1387 Caesario,
1559 1354 1691 1389 ejusdem
1705 1354 1857 1387 Joliannis⁷
1876 1355 2019 1381 Mai-chiae
2036 1356 2166 1386 rectoris,
2185 1355 2261 1381 vica-

1250 1402 1303 1434 rio,
1335 1403 1486 1429 mandasse
1513 1408 1542 1430 ut
1566 1404 1646 1438 ipsos
1676 1408 1704 1430 et
1729 1404 1862 1430 eumdem
1889 1403 2063 1430 Fridericnm
2091 1412 2261 1431 excommu-

1250 1451 1361 1478 nicatos
1387 1460 1437 1486 per
1462 1456 1549 1479 totam
1575 1453 1732 1480 dioecesim
1758 1453 1950 1479 Auximanam
1977 1456 2005 1478 et
2030 1457 2126 1487 partes
2151 1453 2260 1480 vicinas

1250 1500 1424 1527 nuntiarent.
1448 1517 1481 1521 —
1499 1501 1583 1535 (Rea.
1604 1503 1643 1532 17,
1666 1503 1684 1530 f.
1708 1503 1755 1529 102
1776 1510 1818 1534 r0;
1835 1511 1899 1529 ann.
1922 1501 2033 1535 V11‚c.
2051 1502 2116 1535 3583
2133 1517 2166 1522 —
2185 1502 2257 1530 Por-

1247 1558 1335 1577 THAST
1350 1550 1452 1583 ‘ze-23&
1471 1566 1502 1570 —
1519 1551 1689 1578 Ronamnsno
1707 1551 1778 1584 563.)

1290 1663 1303 1678 κ
1326 1652 1440 1689 Populo
1460 1653 1636 1682 [turiniano
1656 1654 1801 1690 spiritum
1823 1654 1947 1683 consilii
1963 1655 2108 1684 sanioris.
2129 1655 2258 1685 Vestris

1247 1708 1308 1734 etc.
1326 1722 1376 1733 —.
1393 1705 1468 1734 Dat.
1485 1709 1521 1734 ut
1537 1714 1648 1744 supra.
1674 1717 1687 1732 n

1285 1831 1388 1855 1593.
1409 1840 1441 1844 -—
1461 1825 1607 1860 Scriptum
1631 1830 1676 1852 est
1697 1834 1787 1861 super
1804 1826 1857 1853 hoc
1877 1827 1977 1853 eisdem
1998 1828 2086 1861 [Esino
2103 1829 2220 1862 episcopo
2235 1831 2259 1854 ει

1248 1877 1381 1909 mayistro
1397 1876 1526 1908 Cesario].

1322 2056 1342 2083 1
1349 2054 1438 2082 594

1286 2119 1424 2145 Potestati
1440 2122 1468 2146 et
1483 2119 1588 2154 populo
1604 2119 1723 2146 Aesinis
1739 2119 1838 2146 eadem
1854 2128 1927 2154 quae
1944 2121 2145 2154 Anconitanis,
2163 2123 2260 2150 verbis

1249 2168 1382 2199 mutatis,
1400 2167 1510 2194 scribit.
1527 2182 1560 2186 —
1579 2167 1663 2200 (Rea.
1685 2168 1730 2200 17,
1754 2168 1771 2194 f.
1796 2168 1844 2195 102
1862 2174 1905 2199 νος
1923 2177 1989 2196 ann.
2006 2169 2076 2201 V11,
2094 2178 2120 2197 e.
2142 2171 2208 2201 3592
2224 2185 2261 2192 —

1248 2216 1418 2244 Ronssmsenc
1435 2215 1508 2251 564.)

1763 2054 1874 2087 Latran,
1889 2055 1921 2082 ⁶22
1936 2056 2092 2083 novembre
2111 2057 2186 2085 1233.

1290 2330 1303 2345 «
1330 2341 1349 2347 ..
1371 2319 1513 2356 potestati
1527 2323 1552 2348 et
1567 2319 1677 2356 populo
1692 2320 1794 2349 Esinis
1809 2321 1955 2358 spiritum
1973 2323 2095 2351 consilii
2113 2324 2257 2352 sanioris.

1247 2371 1322 2402 Non
1338 2371 1518 2402 diffitemur
1534 2371 1615 2411 quin
1632 2388 1680 2401 —.
1698 2372 1772 2402 Dat.
1790 2376 1825 2402 ut
1841 2381 1952 2412 supra.
1979 2385 1992 2400 ι)

1323 2557 1438 2586 1595

1285 2618 1461 2646 Hominibus
1481 2620 1592 2646 insulae
1612 2619 1756 2646 Martanae
1773 2620 1811 2654 (in
1829 2620 1890 2647 tacu
1910 2620 2109 2654 Volsiniensi),
2127 2622 2260 2651 fidelibus

1249 2668 1327 2700 suis,
1345 2668 1491 2703 significat
1506 2677 1548 2701 sc,
1565 2668 1599 2695 ad
1616 2669 1706 2695 instar
1722 2668 1895 2702 lsnnocentii
1914 2670 1998 2704 tertii]
2018 2679 2121 2705 papae,
2140 2672 2260 2706 praede-

1249 2717 1378 2744 cessoris
1393 2717 1450 2749 sui,
1468 2725 1567 2743 eorum
1585 2717 1812 2744 consuetudines
1824 2717 1964 2744 hactenus
1976 2718 2144 2746 observatas
2155 2720 2261 2747 confir-

1250 2773 1339 2792 mare.
1356 2779 1391 2785 —
1409 2765 1491 2797 (Ruso.
1513 2766 1551 2797 17,
1569 2765 1588 2792 s.
1609 2765 1654 2791 102
1673 2771 1717 2795 νος
1735 2774 1800 2792 ann.
1823 2765 1891 2798 Vll,
1908 2774 1934 2795 c.
1951 2766 2023 2798 360.)

1756 2557 1869 2590 Latran,
1886 2558 1919 2585 26
1936 2558 2091 2586 novembre
2111 2559 2187 2588 1-233.

1293 2878 1306 2893 α
1330 2866 1513 2896 Hominibus
1534 2867 1632 2895 insule
1655 2867 1803 2901 Mat-tane,
1827 2867 1966 2904 fidelibus
1988 2870 2110 2898 nostris.
2135 2869 2218 2900 Cum
2241 2879 2259 2900 a

1250 2918 1348 2949 nobis
1362 2935 1412 2947 —.
1429 2919 1503 2950 Dat.
1522 2918 1692 2954 Laterani,
1710 2919 1754 2949 VI
1776 2918 1934 2950 kalendas
1954 2919 2154 2954 decembris.
2173 2931 2260 2954 anno

1250 2971 1402 3010 septimo.
1427 2983 1440 2998 1)
