2498 3242
239 290 293 319 971
966 288 1206 321 0001511105
1228 287 1284 318 DE
1307 279 1528 318 GREGOIRE
1552 289 1610 318 lx.
2279 289 2337 319 972

241 364 295 385 eos
312 354 527 385 reconciliare
540 355 691 386 Domino.
708 365 848 395 quorum
861 360 988 386 mentes
1000 355 1138 393 angelus
1155 359 1247 385 tene-

240 407 374 437 brarum
401 416 574 443 execransy
597 417 614 437 a
639 408 828 446 cognitione
849 409 919 438 veri
945 407 1083 437 luminis
1106 406 1246 437 reddidit

241 459 378 489 alienos.
397 464 429 489 ut
447 468 510 489 non
528 460 612 490 sicut
630 470 745 491 servus
760 462 816 500 qni
833 461 898 491 sibi
913 460 1072 490 talentum
1086 459 1247 490 creditum

241 521 306 542 non
320 512 452 541 tradidit
468 513 719 543 0110111111101115ι
734 514 773 543 ad
787 523 917 544 usuras.
929 513 986 543 sed
998 513 1031 542 in
1046 512 1180 543 sudario
1195 520 1248 542 re-

240 564 392 602 legat-ist
411 565 546 603 possitis
561 565 731 603 redargui:
750 566 964 605 quimpotius.
979 566 1065 596 sicut
1081 564 1136 595 ille
1150 573 1248 603 quem

241 617 367 647 invenit
395 618 556 648 Dominus
586 627 686 657 super
712 628 815 657 pauca
843 618 988 651 fidelem,
1018 627 1117 656 super
1145 616 1249 647 multa

241 670 398 700 constitui
413 675 441 700 et
460 671 500 700 ad
513 677 624 701 eterna
642 671 838 702 mereamini
853 671 971 710 gaudia
991 670 1170 701 sublevari.
1187 671 1264 701 Ce-'

241 728 363 753 terum.
382 723 459 762 quia
476 723 554 753 dicti
572 724 692 754 fratres
710 733 747 754 eo
764 729 841 754 sunt
858 723 898 754 ad
914 724 1132 754 confutandos
1153 723 1250 754 here-

242 775 323 805 ticos
341 776 494 813 aptiores.
514 786 578 815 quo
594 777 699 814 magis
717 777 750 806 in
768 777 816 807 eis
830 777 1053 807 vivificatvita
1066 776 1248 806 doctrinam

241 833 270 858 et
288 829 437 858 doctrina
453 829 553 859 vitam
569 830 736 860 informat.
754 829 831 859 dum
845 829 905 859 hoc·
921 829 956 858 in
972 838 1086 860 eorum
1102 829 1249 859 moribus

241 881 374 919 legitur.
395 882 481 920 quod
498 882 708 912 sermonibus
726 881 919 920 explicatur,
938 882 1069 920 negotio
1085 882 1161 912 fidei
1179 891 1250 912 cre-

242 934 351 964 dimus
371 934 450 964 utile
468 940 500 963 ut
519 944 573 964 eos
591 935 631 964 ad
649 935 859 973 extirpandos
876 943 1004 965 errores
1020 943 1249 973 perversorum

242 987 446 1025 dogmatum.
475 988 558 1016 sieut
589 987 742 1026 expedire
767 987 938 1022 videritis,
965 987 1143 1017 advocetis.
1175 987 1248 1017 Dat.

243 1040 408 1069 Laterani.
428 1041 458 1069 II
477 1049 581 1069 nonas
599 1039 772 1075 februarii,
791 1048 877 1070 anno
896 1039 1046 1078 septimo.
1067 1052 1080 1066 n

317 1217 431 1245 ¹⁷64

280 1278 371 1305 Priori
392 1279 558 1313 provinciali
576 1279 685 1305 ordinis
700 1279 820 1305 fratrum
837 1279 1070 1306 Praedicatorum
1086 1280 1114 1306 in
1132 1279 1252 1307 Francia

242 1326 278 1352 de
299 1326 399 1352 eadem
423 1335 453 1352 re
474 1327 621 1355 scribens.
647 1327 761 1354 mandat
783 1332 941 1362 quatenus,
966 1328 1112 1363 praedicto
1136 1329 1251 1363 negotio

242 1379 380 1408 quantum
397 1375 430 1400 ad
448 1374 648 1401 senonensem
670 1376 847 1410 provinciam
865 1376 1058 1410 supersedere
1077 1384 1250 1410 procurans,

241 1430 273 1449 se
290 1424 383 1457 ipsum
401 1432 489 1458 super
506 1424 674 1458 praemissis
691 1424 813 1450 ulterius
827 1433 881 1451 non
894 1425 1065 1452 intromittat
1077 1434 1129 1451 nec
1140 1426 1251 1460 aliquos

243 1472 345 1498 fratres
362 1479 432 1498 suos
448 1472 639 1498 intromittere
656 1473 794 1507 patiatur,
812 1473 866 1499 nisi
884 1473 978 1500 forsan
1000 1473 1138 1508 praedicti
1157 1474 1251 1500 archi-

243 1520 399 1554 episcopus
416 1519 596 1546 Senonensis
611 1524 639 1546 et
654 1522 720 1555 ejus
735 1520 909 1555 suffraganei
923 1521 958 1548 ad
974 1522 1028 1548 hoc
1042 1522 1189 1556 negotium
1205 1522 1251 1558 ip-

243 1576 307 1594 sum
329 1568 373 1594 vel
389 1569 517 1603 ipsorum
535 1569 658 1603 aliquem
675 1569 809 1595 duxerint
829 1569 1037 1596 advocandum.
1055 1585 1086 1589 —
1102 1570 1184 1604 (Rm.
1205 1571 1250 1602 17,

244 1617 261 1643 f.
285 1617 330 1643 tt?
347 1623 386 1644 ro:
403 1625 470 1643 ann.
491 1616 554 1644 vlt.
571 1620 627 1650 post
645 1625 669 1643 c.
689 1617 758 1647 513;
776 1632 808 1637 -
826 1617 1167 1652 31005101188,1“.317.)

801 1217 914 1250 Lati-an,
934 1219 964 1245 15
981 1219 1085 1245 fevrier
1101 1218 1179 1246 1234.

286 1732 297 1743 s«
318 1719 355 1748 In
369 1720 380 1739 ³
397 1718 536 1748 eundem
554 1719 623 1748 fere
639 1719 772 1749 modum
789 1720 947 1758 scriptum
962 1723 1009 1750 est
1027 1722 1164 1758 ..priori
1178 1729 1252 1758 pro-

246 1773 375 1800 vinciali
388 1772 507 1801 ordinis
518 1773 654 1807 fratrum
669 1773 898 1802 medicatorum
915 1774 946 1802 in
958 1773 1102 1807 Francia,
1122 1782 1227 1812 usque
1244 1783 1249 1802 :

242 1833 316 1853 cuni
337 1823 480 1853 viderint
503 1824 668 1862 expedire.
690 1825 851 1861 Quocirca
870 1825 1067 1855 mandamus
1087 1830 1251 1864 qnatenus

242 1893 290 1904 —.
305 1877 376 1905 Dat.
392 1877 557 1906 Laterani.
573 1877 634 1906 XV
648 1876 807 1907 kalendas
825 1878 948 1913 martii,
967 1887 1053 1908 anno
1070 1878 1221 1916 septimo.
1237 1890 1250 1904 ›>

315 2055 429 2083 ¹265

277 2118 382 2144 Abbati
405 2122 433 2143 et
455 2118 541 2152 priori
559 2118 656 2144 Sancti
674 2117 778 2143 Melani
798 2117 990 2149 Redonensis,
1007 2122 1036 2144 et
1051 2118 1252 2144 archidiacono

818 2055 931 2087 Leman,
944 2048 964 2082 '3
981 2056 1085 2082 sevae·-
1104 2056 1180 2083 1-234.

242 2166 410 2192 Redonensi
426 2166 542 2192 mandat
557 2171 702 2200 quatenus
722 2166 883 2192 sententias
899 2166 1208 2193 excommunicationis
1224 2167 1250 2193 in

241 2214 433 2248 OJttveritnnj.
447 2214 594 2241 dominum
607 2215 642 2240 de
659 2214 756 2241 ttocca
771 2214 898 2245 Deriani.
911 2216 1079 2249 episcopum
1094 2214 1253 2241 'l'recoren-

240 2271 302 2290 seni
320 2264 535 2294 molestantem.
554 2268 582 2289 et
603 2263 749 2289 interdicti
773 2263 800 2288 in
825 2263 902 2289 iltius
923 2267 1026 2289 terram
1046 2264 1251 2298 promulgatas,

241 2311 346 2338 faciant
361 2312 520 2338 observari.
540 2326 573 2332 —
593 2311 675 2343 (Res.
694 2312 735 2343 17‚
753 2312 772 2338 f.
792 2311 841 2338 142
855 2318 897 2343 rog
915 2320 982 2338 ann.
999 2311 1070 2344 VII⁷
1093 2320 1118 2339 c.
1136 2312 1202 2345 514;
1220 2327 1252 2332 —

241 2359 361 2387 Monmc
382 2360 455 2387 1108.
474 2360 492 2386 f.
510 2360 576 2387 300:
594 2375 626 2379 —
643 2360 680 2387 cf.
698 2367 793 2393 supra,
813 2367 844 2386 no
863 2360 950 2392 1703.)

290 2475 294 2483 ι
317 2485 335 2489 ..
355 2462 456 2489 abbati
475 2467 500 2489 ct
523 2484 541 2489 ..
557 2462 660 2498 priori
676 2461 783 2490 Sancti
797 2461 924 2495 Melani,
944 2461 1063 2490 ordinis
1079 2463 1179 2491 sancti
1198 2463 1251 2490 Be-

243 2515 369 2542 rudini.
389 2520 414 2542 re
430 2537 450 2541 ..
469 2514 688 2542 archidiacono
710 2514 885 2542 Redoncnsi.
905 2513 1060 2543 Exhibita
1082 2514 1176 2543 nobis
1197 2523 1251 2544 ve-

241 2566 400 2596 nerabilis
422 2566 534 2595 fratris
561 2566 665 2595 nostri
688 2589 707 2594 ..
732 2566 945 2595 Treeorensis
967 2566 1112 2604 episcopi
1135 2567 1251 2605 petitio

241 2619 429 2649 continel‘et
448 2619 544 2658 quod.
565 2619 739 2658 questione
758 2619 846 2648 inter
863 2618 947 2649 bone
962 2620 1120 2649 memorie
1140 2643 1158 2647 ..
1176 2629 1250 2658 pre-

240 2672 447 2702 decessorem
472 2681 586 2701 snum.
606 2676 637 2702 et
653 2671 817 2710 quondam
835 2672 883 2707 E..
902 2671 1072 2701 dominum
1089 2672 1127 2702 ‹le
1144 2673 1249 2702 Bocca

242 2724 421 2762 Derian2i]⁷
440 2724 653 2754 Tre-cerensis
673 2724 830 2758 diocesis.
855 2732 953 2762 super
973 2724 1113 2762 quodam
1136 2729 1247 2762 portu,

273 2856 292 2879 1.
313 2856 355 2879 Cf.
372 2855 467 2884 Mart„
484 2855 569 2885 XXV,
583 2855 621 2880 -27,

271 2900 292 2923 ζ’,
313 2900 353 2923 Cf.
369 2899 445 2928 Led,
463 2900 535 2929 XIX,
551 2900 588 2923 Ἦ).

272 2944 293 2967 3.
312 2943 360 2968 Cet
379 2946 406 2966 lit
422 2945 544 2967 eundern
560 2946 675 2967 modurn
692 2951 706 2967 a
720 2944 762 2967 ete
778 2943 869 2974 ajoute
884 2943 952 2967 dans
968 2943 993 2966 la
1009 2950 1108 2973 margo.

1333 353 1442 388 terris,
1456 353 1641 384 redditibus
1655 359 1686 385 et
1695 354 1795 385 rebus
1809 353 1885 384 aliis
1898 362 2007 384 coram
2018 354 2339 394 dive1·sisjudicibus

1329 414 1388 444 per
1403 405 1552 436 diversas
1571 406 1768 445 apostolicas
1788 406 1917 437 litteras
1940 406 2080 444 agitata,
2098 411 2170 445 post
2190 406 2338 438 diversos

1330 458 1463 488 tandem
1492 468 1668 497 processus
1697 460 1783 490 idem
1815 459 1988 498 episcopus
2020 468 2153 489 causam
2181 459 2288 498 ipsam
2317 483 2336 490 ..

1331 511 1442 541 abbati
1459 512 1559 541 Beate
1580 512 1683 543 Marie
1704 513 1742 543 de
1759 512 1903 543 Ebronio
1920 512 2057 551 suisque
2075 512 2304 552 conjudicibus
2320 522 2340 543 a

1331 563 1426 593 nobis
1439 563 1584 593 obtinuit
1596 563 1741 602 delegari
1753 575 1758 600 3
1773 565 1829 603 qui
1843 565 1906 594 rite
1919 564 1953 593 in
1969 564 2100 602 negotio
2110 565 2336 603 procedentes,

1330 624 1441 645 veram
1458 625 1567 646 rerum
1579 616 1757 654 petitarum
1769 616 2024 655 possessionem,
2039 616 2073 646 in
2085 625 2195 656 quam,
2209 617 2248 647 oh
2260 626 2338 648 con-

1331 668 1508 697 tumaciam
1525 668 1628 706 partis
1645 668 1794 704 alterius,
1811 669 1918 699 dictus
1937 669 2149 707 predecessor
2164 673 2195 699 et
2211 669 2339 709 capitu-

1330 719 1400 749 lum
1415 729 1512 750 suum
1530 729 1588 759 per
1605 743 1623 750 ..
1643 720 1795 751 abbatem
1813 721 1926 752 Sancti
1941 721 2070 753 Juliani
2087 722 2291 753 Turonensis
2307 727 2339 753 et

1332 772 1521 812 conjudices
1546 773 1617 812 ejus
1642 773 1770 803 inducti
1794 775 1941 809 fuerant,
1967 774 2193 813 adjudicantes
2218 775 2336 811 eidem,

1332 826 1573 855 mandaverunt
1596 835 1654 865 per
1683 849 1702 855 ..
1730 825 1883 856 abbatem
1910 830 1941 857 et
1963 849 1983 856 ..
2013 827 2157 865 priorem
2181 827 2220 857 de
2247 827 2340 858 Bello

1333 879 1434 908 Portu
1457 879 1599 909 eundem
1621 879 1811 917 episcopum
1831 879 1866 908 in
1886 879 1959 918 ipsa
1980 879 2190 918 possessione
2207 879 2341 910 defendi

1333 935 1363 961 et
1389 931 1424 960 in
1452 931 1698 969 perturbatores
1727 931 2079 962 excommunicationis
2109 936 2140 962 et
2170 932 2341 963 interdicti

1333 985 1517 1014 sententias
1532 984 1753 1022 promulgari;
1770 985 1827 1023 qui
1847 984 1882 1014 in
1901 984 2046 1015 nobilem
2063 984 2169 1014 virum
2183 984 2234 1015 O..
2252 994 2357 1016 nunc*

1333 1036 1480 1076 ejusdem
1505 1038 1610 1067 Rocce
1629 1037 1817 1072 dominum,
1834 1036 2079 1076 possessionem
2095 1037 2201 1075 ipsam
2217 1041 2341 1068 temere

1333 1089 1598 1128 perturbantem,
1623 1089 1976 1120 excommunicationis
1997 1093 2028 1120 et
2049 1089 2083 1119 in
2105 1093 2226 1120 terram
2247 1098 2342 1120 suam

1333 1142 1501 1172 interdicti
1519 1143 1703 1185 sententias
1718 1141 1938 1180 protulerunt.
1956 1142 1996 1172 Et
2009 1142 2088 1180 quia
2103 1142 2191 1172 idern
2207 1142 2341 1178 nobilis,

1333 1194 1525 1234 hujusmodi
1553 1195 1730 1225 sententiis
1759 1195 1793 1224 in
1821 1194 1932 1224 anime
1962 1203 2020 1224 sue
2050 1194 2234 1232 periculum
2264 1194 2342 1225 vili-

1333 1247 1458 1286 pensis.
1487 1247 1628 1277 eundem
1655 1247 1846 1286 episcopum
1873 1255 1972 1285 super
2003 1247 2176 1285 premissis
2207 1247 2342 1285 gravius

1334 1300 1431 1331 solito
1454 1300 1649 1331 molestabat
1671 1304 1701 1330 et
1724 1300 1831 1330 adhuc
1852 1308 1918 1330 non
1939 1299 2062 1330 desinit
2083 1299 2274 1336 molestare,
2302 1299 2343 1330 ad
2369 1296 2373 1301 ’

1333 1353 1440 1392 ipsius
1457 1353 1676 1383 emoliendam
1696 1353 1865 1388 duritiam,
1883 1353 1922 1383 de
1939 1361 2000 1383 sua
2016 1357 2102 1383 terra
2118 1356 2340 1388 extraxerunt,

1335 1406 1373 1435 de
1395 1406 1596 1444 prudentum
1615 1405 1772 1441 consilio,
1790 1414 1865 1436 cum
1883 1405 2128 1443 sollempnitate
2144 1405 2255 1435 dehita
2269 1414 2342 1436 cor-

1334 1468 1395 1497 pus
1420 1458 1558 1489 Christi.
1591 1459 1699 1495 Quare
1726 1458 1813 1488 idem
1843 1458 2016 1497 episcopus
2046 1458 2141 1488 nobis
2170 1457 2343 1489 humiliter

1335 1511 1533 1550 supplicavit
1544 1515 1579 1541 ut
1591 1512 1775 1542 faceremus
1787 1511 1951 1550 predictas
1964 1511 2147 1542 sententias
2159 1511 2340 1541 observari.

1334 1565 1384 1594 Ne
1408 1565 1512 1602 igitur
1540 1564 1628 1594 idem
1656 1564 1778 1594 nobilis
1810 1564 1848 1594 de
1875 1573 1936 1594 sua
1961 1563 2146 1602 pertinacia
2170 1563 2341 1602 glorietur,

1334 1617 1531 1647 mandamus
1545 1621 1720 1656 quatenus,
1739 1611 1870 1646 easdem
1888 1616 2083 1651 sententias,
2097 1616 2183 1646 sicut
2196 1615 2344 1646 rationa-

1334 1669 1446 1699 biliter
1460 1673 1537 1699 sunt
1547 1668 1684 1707 prolate,
1699 1668 1841 1707 singulis
1853 1668 1970 1698 diebus
1982 1668 2158 1698 dominicis
2171 1670 2202 1698 et
2212 1668 2344 1699 festivis

1335 1722 1563 1760 sollempniter
1584 1721 1809 1760 publicantes,
1827 1721 1959 1751 faciatis
1980 1729 2035 1751 eas
2057 1729 2163 1760 usque
2184 1720 2224 1750 ad
2244 1720 2344 1751 satis-

1334 1775 1513 1805 factionem
1529 1774 1745 1811 condignam,
1766 1773 1985 1812 appellatione
2003 1777 2146 1809 remota,
2164 1773 2344 1803 inviolabi-

1333 1827 1410 1857 liter
1438 1826 1625 1861 observari,
1652 1826 1781 1855 brachii
1809 1825 1970 1856 secularis
1993 1825 2117 1856 auxilio
2145 1825 2185 1856 ad
2209 1825 2287 1862 hoc,
2314 1825 2344 1856 si

1335 1888 1471 1910 necesse
1491 1879 1609 1914 fuerit,
1627 1879 1789 1908 invocato.
1813 1878 1908 1914 Quod
1923 1877 1951 1907 si
1973 1886 2038 1908 non
2057 1887 2172 1908 omnes
2189 1882 2250 1908 etc.
2267 1879 2340 1908 Dat.

1335 1932 1502 1968 Laterani,
1521 1932 1571 1962 III
1588 1940 1693 1961 nonas
1707 1930 1878 1966 februarii,
1897 1939 1983 1960 anno
2002 1931 2153 1969 septimo.
2173 1943 2186 1958 »

1409 2097 1523 2125 1⁸26ss

1370 2158 1513 2193 Episcopo
1538 2157 1690 2184 Leodiensi
1714 2157 1828 2184 mandat.
1845 2161 1989 2192 qnatenus
2009 2157 2035 2182 in
2059 2157 2234 2183 monasterio
2253 2156 2345 2183 Gem-

1337 2202 1462 2233 bl‘acensi
1489 2207 1658 2241 corrigenda
1684 2211 1712 2232 et
1733 2206 1913 2232 reformanda
1937 2205 2061 2240 corrigat
2087 2209 2116 2231 et
2139 2205 2284 2232 reformet.
2310 2219 2343 2225 ——

1336 2255 1419 2288 (Rae.
1442 2257 1481 2287 17,
1500 2255 1516 2281 f.
1539 2254 1584 2282 1th
1602 2260 1643 2286 r⁰;
1660 2263 1726 2280 ann.
1747 2253 1811 2286 Vll,
1828 2261 1853 2281 c.
1871 2254 1946 2286 515.)

1887 2094 2000 2127 Latran,
2018 2094 2048 2121 31
2062 2095 2176 2129 janvier
2196 2094 2271 2122 1234.

1377 2370 1389 2382 <t
1422 2380 1440 2384 ..
1470 2357 1604 2394 episcopo
1631 2356 1795 2385 Leodz'ensi.
1829 2354 1978 2384 Dilectus
2008 2354 2098 2384 filius
2124 2353 2341 2394 J[0hannes]‚

1335 2409 1436 2439 abbas
1467 2408 1734 2442 Gembtacensis.
1770 2407 1963 2437 Lcodiensis
1992 2406 2150 2442 diocesis,
2182 2406 2278 2436 nobis
2306 2405 2342 2436 in

1334 2467 1447 2491 nostra
1469 2461 1637 2499 presentia
1658 2460 1858 2490 constitutus
1880 2459 2029 2497 exposuit
2050 2458 2152 2497 quod,
2176 2467 2250 2488 cum
2272 2467 2343 2488 mo-

1335 2514 1518 2544 nasterium
1541 2522 1638 2543 suum
1660 2513 1766 2551 primo
1787 2521 1844 2550 per
1869 2535 1887 2540 ..
1909 2507 2061 2541 abbatem
2077 2510 2340 2546 Florefflensem,

1335 2565 1653 2597 Premonstratensis
1673 2565 1816 2599 ordinis,
1837 2569 1867 2594 et
1889 2563 2047 2602 collegam
2064 2572 2178 2599 suum,
2197 2563 2342 2594 secundo

1332 2629 1390 2659 per
1399 2621 1459 2649 frat
1467 2628 1535 2649 rem
1546 2619 1597 2654 B..
1613 2618 1740 2648 ordinis
1751 2618 2009 2652 Predieatorum,
2022 2617 2159 2656 ejusque
2169 2615 2338 2655 collegam,

1333 2673 1463 2702 demum
1489 2681 1564 2702 vero
1586 2680 1643 2709 per
1668 2694 1687 2700 ..
1712 2671 1863 2700 abbatem
1886 2670 1925 2700 de
1947 2669 2082 2705 Vsslari,
2107 2668 2342 2700 Cisterciensis

1332 2725 1475 2759 ordinis,
1495 2728 1525 2754 et
1537 2725 1591 2759 H.‚
1610 2723 1880 2753 archidiaconum
1898 2722 2127 2758 Leoffiensem,
2145 2726 2212 2751 tam
2228 2725 2343 2752 nostra

1332 2786 1431 2816 quam
1451 2777 1563 2807 dilecti
1584 2776 1645 2805 filii
1662 2776 1767 2806 nostri
1787 2775 1841 2810 O.‚
1861 2775 1974 2806 Sancti
1994 2773 2125 2804 Nicolai
2144 2774 2179 2803 in
2201 2773 2340 2804 Cal-cere

1331 2830 1484 2860 Tulliano
1505 2829 1635 2859 diaconi
1657 2828 1850 2863 cardinalis⁷
1873 2832 1952 2857 tunc
1970 2826 2157 2866 Apostolice
2175 2825 2270 2857 Sectis
2292 2825 2341 2856 Ie-

1332 2883 1410 2921 gan.
1427 2886 1457 2912 et
1472 2887 1526 2912 tua
1542 2882 1640 2912 etiam
1655 2881 1851 2911 auctoritate
1864 2881 1966 2911 fuerit
1979 2880 2161 2914 visitatum,
2178 2882 2209 2909 et
2222 2877 2339 2909 exinde

1332 2935 1538 2973 H[en1·icus]‚
1557 2935 1723 2973 quondam
1742 2934 1843 2964 abbas
1863 2933 1984 2972 ipsius,
2003 2932 2096 2971 cujus
2116 2931 2246 2962 malitia
2265 2939 2340 2969 pre-
