2498 3242
148 293 208 325 953
1008 285 1222 325 SEPTIEME
1245 285 1405 323 ANNEE.
2203 298 2261 328 954

150 359 318 388 hominibus
343 361 408 387 suis
430 361 545 387 interim
569 361 724 390 molestare
749 364 924 396 praesumat.
950 375 984 380 —
1009 359 1093 393 (Rae.
1121 360 1164 391 17,

150 409 171 436 s.
187 409 237 437 135
254 416 295 441 r⁰;
312 417 379 436 ann.
397 408 463 441 VII,
479 417 505 437 c.
523 409 594 443 487.)

193 524 206 539 ι(
223 512 326 541 Nobili
345 512 474 541 mulieri
493 512 649 546 lohanne,
673 513 822 542 comitisse
842 512 1042 547 Flandrensi,
1062 512 1164 541 vidue.

150 564 243 594 Licet
262 564 480 595 Sacrosancta
500 565 651 595 Romana
670 582 719 594 —.
742 565 815 595 Dat.
840 565 1007 599 Laterani,
1024 565 1088 594 VII
1105 564 1166 594 ka-

148 616 266 647 lendas
283 617 457 652 februarii,
477 625 564 647 anno
578 617 730 656 septimo.
747 629 760 644 »

226 781 245 808 Ι
256 781 343 810 ‘236

187 842 304 870 Decano
319 843 472 876 Remensi,
487 848 515 870 et
528 843 666 871 Remensi
678 848 707 870 et
718 843 941 871 Cathalaunensi
955 843 1166 870 archidiaconis

149 891 266 919 mandat
283 895 428 926 quatenus
446 901 501 919 non
520 893 688 927 permittant
701 892 879 919 comitissam
896 892 1102 919 Flandrensem
1116 899 1166 918 su—

148 949 201 976 per
222 941 394 976 praemissis
414 941 550 968 omnibus
571 941 738 973 molestari;
757 941 960 976 praesentibus
983 944 1049 976 post
1073 940 1166 967 trien-

149 990 229 1017 nium
248 990 367 1017 minime
384 990 526 1018 valitnriS.
539 1006 571 1010 —
584 991 669 1024 (Rea.
685 991 727 1023 17,
741 991 760 1017 s.
774 991 824 1018 135
839 997 880 1022 r03
893 998 959 1017 ann.
973 989 1039 1022 VII,
1051 998 1078 1018 c.
1091 989 1166 1023 488.)

707 781 821 813 Lati-an,
838 782 871 810 26
883 782 998 817 Janvier
1015 781 1093 809 1234.

192 1105 205 1119 α
229 1116 248 1121 ..
275 1093 387 1122 decano
405 1094 561 1129 Remensi,
585 1098 611 1123 et
636 1116 655 1122 ..
682 1094 820 1123 Remensi
837 1098 863 1122 et
881 1116 900 1122 ..
923 1093 1166 1123 Cathalaunensi

149 1146 393 1175 archidiaconis.
421 1145 513 1175 Licet
537 1145 755 1175 Sacrosancta
779 1146 930 1175 Romana
954 1163 1003 1174 —.
1030 1146 1104 1175 Dat.
1130 1148 1167 1175 ut

150 1206 262 1237 supra.
283 1210 296 1224 ))

226 1370 338 1399 Ιῖῧῖ
707 1369 821 1402 Latmo,
839 1369 872 1397 2ss
883 1370 998 1404 janvier
1015 1370 1093 1397 1234.

185 1419 313 1460 Jotianni
333 1432 410 1459 Petri
426 1432 462 1459 de
478 1431 615 1465 Mor-aria,
633 1431 773 1458 canonico
796 1431 1003 1464 Bracharensi,
1021 1432 1167 1466 significat

150 1489 199 1514 se,
215 1481 437 1516 archiepiscopo
453 1480 643 1507 Bracharensi
659 1484 795 1516 rogante,
817 1488 882 1507 cum
900 1489 935 1507 eo
950 1480 1119 1516 dispensare
1135 1484 1167 1507 ut

147 1538 214 1558 cum
237 1529 379 1556 beneficio
402 1529 479 1564 quod
500 1533 570 1556 tunc
596 1529 761 1562 obtinebat,
792 1529 985 1564 parochialem
1011 1530 1165 1556 eeclesiam

148 1579 280 1614 recipere
296 1578 404 1612 valeat,
421 1579 446 1605 si
463 1578 496 1604 ad
513 1586 576 1604 eam
592 1578 679 1604 fuerit
697 1578 837 1604 canonice
854 1582 1070 1613 praesentatus,
1093 1586 1166 1604 con-

148 1627 301 1655 stitutione
313 1630 370 1654 tam
383 1627 498 1654 concilii
508 1626 653 1662 generalis
664 1635 750 1662 qnam
762 1627 892 1662 episcopi
902 1626 1083 1659 Sabinensis,
1096 1630 1166 1654 tunc

146 1676 234 1711 legati
250 1675 336 1703 Sedis
349 1675 546 1710 Apostolicae,
560 1684 616 1702 non
633 1675 779 1708 obstante,
795 1676 834 1702 ita
849 1675 924 1710 quod
943 1684 994 1710 per
1007 1676 1102 1710 ipsum
1119 1675 1166 1702 Jo-

145 1725 270 1752 hannem
287 1728 337 1751 aut
353 1732 405 1759 per
419 1724 556 1751 idoneum
581 1723 719 1751 vicarium
740 1724 834 1751 eidem
857 1724 998 1751 ecclesiae
1018 1732 1098 1751 more
1113 1732 1165 1751 so-

146 1774 196 1801 lito
219 1772 374 1800 serviatur.
391 1787 425 1793 —
443 1772 525 1806 (Rau.
546 1773 588 1805 17,
606 1773 625 1800 f.
645 1772 694 1800 135
711 1779 759 1805 v⁰;
777 1781 845 1800 ann.
863 1772 932 1805 VII,
950 1781 976 1799 c.
993 1772 1066 1806 489.)

189 1888 202 1902 «
219 1876 358 1905 ,Iohanni
373 1876 456 1904 Petri
470 1875 504 1904 de
519 1876 673 1909 Moraria,
694 1876 842 1905 canonico
858 1876 1075 1905 Bracharensi.
1094 1875 1164 1905 Etsi

147 1937 214 1959 non
231 1928 274 1958 sit
290 1946 339 1957 —.
358 1929 432 1958 Dat.
450 1928 619 1963 Laterani,
638 1929 701 1958 VII
713 1927 873 1958 kalendas
887 1928 1060 1963 februarii,
1077 1937 1165 1958 anno

148 1981 300 2020 septimo.
321 1993 334 2008 »

223 2142 242 2169 Ι
252 2140 339 2170 ῚΒΒ

187 2202 295 2229 Abbati
311 2202 346 2228 de
363 2201 494 2228 Certesia
517 2205 560 2234 (=
580 2201 748 2236 Chertsey),
770 2205 798 2228 et
818 2201 963 2236 prioribus
983 2201 1019 2227 de
1040 2200 1165 2228 Dovoria

149 2254 179 2279 et.
198 2251 233 2278 de
255 2251 349 2278 Ledes
370 2251 485 2278 mandat
501 2254 664 2286 quatenns,
683 2265 713 2270 —-
733 2259 799 2277 cum
817 2251 906 2277 abbas
925 2250 960 2277 de
981 2249 1164 2285 Begheham,

149 2300 341 2335 suppriorste
364 2299 454 2326 Ponte
474 2299 594 2327 Roberti
612 2301 655 2333 (=
672 2299 913 2333 Robertsbridge)
930 2302 959 2325 et
975 2298 1165 2333 Raginaldus,

149 2349 372 2376 archidiaconus
398 2348 559 2379 [lewensis.
588 2349 796 2375 monasterium
821 2348 857 2375 de
881 2348 960 2375 Bello
983 2349 1026 2383 (=
1048 2347 1165 2380 Battle),

148 2398 236 2431 cujus
251 2397 340 2423 abbas
357 2401 385 2423 et
405 2401 568 2424 conventus
580 2398 632 2432 jus
651 2396 827 2423 visitationis
845 2397 888 2423 eis
909 2396 1104 2430 denegabant,
1121 2396 1166 2422 in-

148 2445 263 2472 terdicti
282 2445 445 2472 sententiae
465 2446 710 2481 supposuissent,
725 2459 762 2466 -
776 2453 892 2472 cansam
910 2445 1085 2476 examinent,
1102 2452 1167 2471 cor-

148 2494 279 2528 rigentes
292 2498 319 2519 et
333 2494 522 2521 reformantes
535 2494 708 2529 corrigenda
721 2498 747 2521 et
764 2493 951 2521 reformanda.
971 2509 1002 2513 -—
1021 2493 1103 2526 (Rea.
1122 2493 1165 2525 17,

147 2542 165 2569 f,
190 2543 236 2570 135
255 2549 302 2573 νη
319 2551 386 2569 ann.
406 2543 470 2575 VII,
491 2552 516 2570 c.
534 2544 608 2576 490.)

707 2139 822 2171 Lati-an,
840 2139 872 2166 ‘23
885 2140 999 2174 janvier
1017 2139 1093 2167 1234.

191 2656 203 2671 t(
227 2667 246 2673 ..
270 2645 421 2674 abbatiale
442 2646 599 2680 Cer-tescia,
624 2651 648 2675 ct
674 2669 694 2675 ..
718 2646 751 2675 cle
772 2646 905 2675 Dororia
927 2650 952 2674 et
980 2668 999 2674 ..
1024 2645 1058 2674 de
1081 2644 1167 2674 Ledes

145 2699 316 2736 prioribus,
335 2699 555 2729 ll'intonicnsis
571 2705 595 2728 el
615 2700 852 2729 Cantuariensis
867 2699 1030 2728 dioc-esum.
1048 2697 1167 2734 Quam-

148 2751 201 2782 vis
221 2760 280 2782 nos
300 2751 390 2782 zelus
410 2769 459 2781 —.
484 2753 571 2783 Sane
587 2753 701 2783 dilecti
719 2752 781 2782 filii
801 2776 822 2781 ..
847 2751 948 2782 abbas
972 2756 1001 2781 et
1023 2760 1168 2781 conven-

150 2808 203 2835 tus
219 2805 416 2835 monasterii
432 2805 470 2836 de
491 2805 585 2836 Bello
601 2815 696 2836 snam
715 2806 754 2836 ad
771 2814 831 2836 nos
849 2804 1066 2835 transmisere
1085 2812 1168 2842 que-

148 2856 270 2892 relam,
295 2857 382 2897 quod
404 2858 608 2889 venerabilis
638 2860 741 2889 frater
764 2862 876 2889 noster
902 2881 921 2887 ..
945 2857 1167 2888 Cicestrcnsis

150 2910 337 2949 episcopus,
356 2910 390 2940 in
410 2911 504 2951 cujus
525 2916 603 2942 sunt
619 2911 744 2942 diocesi
767 2910 955 2946 constituti,
980 2919 1167 2949 proponens

151 2972 185 2993 se
201 2972 219 2993 a
235 2962 332 2994 nobis
343 2963 472 2995 litteras
487 2965 664 3004 recepisse,
679 2969 714 2995 ut
726 2964 928 2995 monasteria
942 2963 1006 2994 sibi
1019 2963 1167 3003 subject-a

1249 362 1280 388 et
1304 358 1461 390 ecclesias
1484 360 1651 390 seculares
1675 370 1733 391 sue
1757 361 1899 391 diocesis
1921 361 2099 399 apostolica
2118 367 2149 392 et
2170 363 2260 393 ordi-

1248 411 1343 441 naria
1359 412 1555 443 auctoritate
1571 413 1709 443 visitare
1725 413 1869 448 deberet,
1888 423 2001 444 eorum
2020 415 2261 446 monasterium

1247 472 1306 502 per
1325 487 1344 492 ..
1365 464 1516 495 abbatem
1534 465 1572 495 de
1594 465 1804 503 Beghehatn,
1828 467 2163 499 Prcmonstratensis,
2189 472 2258 498 et..

1248 517 1455 555 suppriorem
1471 518 1510 547 de
1532 519 1635 549 Ponte
1653 518 1804 553 Roberti,
1825 519 2060 549 Cisterciensis
2083 520 2258 556 ordinum,

1248 573 1279 600 ct
1295 570 1492 607 magistrum
1510 571 1748 609 Raginaldum,
1767 571 2036 601 archidiaconum
2053 574 2258 609 Lewensem,

1248 622 1379 652 visitari
1388 623 1569 653 mandavit.
1580 624 1709 661 Quibus
1721 624 1761 653 ad
1773 624 1880 654 locum
1890 630 2021 663 propter
2033 625 2093 656 hoc
2105 626 2259 656 acceden-

1247 675 1349 710 tibus,
1367 675 1486 711 iidem,
1508 685 1573 706 non
1590 680 1625 706 ut
1641 676 1786 706 debitam
1803 677 2041 707 correctionem
2058 678 2258 716 effugerent,

1248 727 1305 757 sed
1328 732 1362 757 ut
1384 727 1573 758 libertatem
1596 729 1762 767 propriam
1787 735 2036 765 conservarent,
2067 731 2260 769 excipiendo

1246 788 1429 818 proponere
1441 786 1642 811 curaverunt
1653 782 1740 821 quod
1751 782 1875 812 (lictum
1888 784 2127 814 monasterium
2141 793 2158 813 a
2172 784 2259 815 clare

1248 834 1407 864 memorie
1419 834 1604 872 W[i11e1m0
1620 836 1751 873 primo],
1773 844 1848 873 rege
1865 836 2000 873 Anglie,
2019 836 2193 866 fundatore
2210 837 2260 875 ip-

1248 886 1336 922 sius,
1360 886 1614 917 diocesanorum
1634 888 1862 926 episcoporum
1887 893 1917 918 et
1941 889 2162 927 capitulorum
2183 898 2260 920 suo-

1247 948 1321 969 rum
1335 949 1393 970 nec
1407 949 1472 971 non
1489 941 1736 980 metropolitani
1755 942 1930 972 accedente
1949 951 2134 978 consensu,
2157 942 2260 972 dona-

1248 996 1317 1022 tum
1334 993 1398 1023 fnit
1414 993 1605 1033 hujusmodi
1621 994 1791 1030 libertate,
1812 999 1847 1024 ut
1869 995 2096 1026 Cicestrenscs
2114 995 2259 1034 episcopi

1249 1045 1443 1086 nullumjns
1456 1047 1520 1077 sibi
1532 1048 1709 1078 vendicare
1719 1048 1851 1078 valeant
1862 1048 1896 1078 in
1910 1049 2042 1084 eodem3
2061 1048 2147 1087 quod
2159 1049 2260 1079 etiam

1247 1107 1306 1136 per
1337 1098 1456 1129 Sedcm
1487 1100 1710 1138 Apostolicam
1741 1101 1849 1130 extitit
1878 1100 2068 1130 roboratum
2094 1111 2100 1129 :
2127 1105 2260 1139 propter

1248 1151 1336 1190 quod
1357 1152 1478 1190 prefati
1501 1153 1647 1192 episcopi
1673 1154 1869 1183 auctoritate
1890 1154 2023 1192 procedi
2044 1163 2109 1183 non
2132 1158 2260 1193 poterat

1248 1203 1288 1233 ad
1320 1204 1547 1235 visitationem
1573 1206 1638 1245 ipsi
1671 1207 1874 1237 monasterio
1899 1207 2166 1245 impendendam.
2195 1206 2261 1237 Sed

1248 1257 1327 1295 quia
1341 1258 1514 1287 memorati
1528 1258 1641 1294 abbas,
1658 1259 1810 1298 supprior
1822 1264 1853 1290 et
1865 1259 2131 1295 archidiaconus,
2147 1269 2259 1299 excep-

1247 1310 1337 1339 tione
1354 1310 1544 1349 hujusmodi
1562 1321 1627 1341 non
1645 1312 1791 1343 admissa
1813 1317 1843 1343 et
1867 1322 1980 1343 corum
2004 1313 2201 1351 contemptis
2217 1312 2260 1342 li-

1247 1362 1444 1399 bertatibus,
1461 1365 1638 1402 procedere
1659 1366 1862 1401 nitebantur,
1884 1366 1948 1395 sibi
1964 1366 2116 1404 rescripti
2134 1370 2261 1404 aposto-

1245 1415 1303 1446 lici
1340 1417 1450 1454 copia,
1490 1426 1590 1456 quam
1627 1427 1798 1457 nunquam
1834 1418 2038 1454 habuerant,
2077 1419 2257 1456 denegata,

1244 1470 1395 1509 jamdicti
1412 1470 1513 1500 abhas
1530 1475 1560 1501 et
1574 1477 1757 1502 conventus
1771 1472 1810 1501 ad
1825 1476 1972 1502 nostram
1986 1472 2192 1502 audientiam
2206 1481 2259 1511 ap-

1246 1522 1431 1561 pellarunt,
1455 1532 1596 1562 quorum
1616 1524 1837 1563 appellatione
1855 1529 2059 1564 contempta,
2078 1525 2127 1555 illi
2149 1525 2259 1555 nichi-

1246 1575 1392 1606 lominus
1423 1581 1669 1615 supposuerunt
1692 1577 1801 1616 ipsum
1827 1579 2066 1608 monasterium
2093 1578 2259 1609 sententie

1246 1629 1429 1659 interdicti.
1448 1630 1544 1660 Unde
1563 1639 1637 1660 cum
1654 1630 1758 1661 multa
1777 1640 1912 1670 precum
1930 1631 2092 1661 instantia
2111 1630 2260 1669 postula-

1246 1686 1325 1712 runt
1341 1692 1359 1712 a
1376 1682 1472 1712 nobis
1488 1687 1523 1712 ut
1546 1683 1594 1713 sie
1612 1683 1646 1713 in
1667 1683 1729 1714 hoc
1752 1684 1891 1714 articulo
1914 1684 2128 1722 dignaremur
2149 1684 2260 1723 provi-

1247 1735 1335 1771 dere,
1353 1736 1440 1775 quod
1456 1745 1511 1766 eos
1525 1741 1556 1767 et
1571 1737 1719 1776 ipsorum
1735 1738 1976 1768 monasterium
1992 1738 2027 1767 in
2044 1738 2114 1768 suis
2127 1738 2260 1768 liberta-

1246 1788 1336 1818 tibus
1361 1778 1608 1819 conservemus.
1630 1790 1792 1827 Quocirca
1816 1791 2013 1821 mandamus
2030 1796 2210 1830 quatenus,
2231 1791 2261 1821 si

1246 1841 1446 1872 inveneritis
1471 1842 1517 1872 ita
1547 1852 1640 1879 esse,
1674 1843 1912 1874 denuntiantes
1941 1844 2063 1874 dictam
2090 1844 2261 1875 interdicti

1247 1895 1449 1925 sententiam
1466 1904 1538 1926 esse
1556 1896 1683 1926 nullam
1703 1900 1733 1927 et
1753 1901 1947 1928 revocantes
1969 1898 2005 1927 in
2028 1902 2151 1928 statum
2167 1897 2261 1928 debi-

1247 1951 1328 1983 turn,
1347 1948 1375 1978 si
1391 1949 1471 1987 quid
1487 1949 1578 1979 aliud
1591 1954 1663 1988 post
1681 1950 1938 1989 appellationem
1957 1951 2150 1990 th'usmodi
2165 1951 2260 1981 inve-

1246 2001 1366 2031 neritis
1392 2006 1515 2032 temere
1546 2007 1795 2042 attemptatum,
1827 2004 2023 2034 auctoritate
2047 2009 2161 2035 nostra
2188 2014 2261 2035 cor-

1246 2053 1364 2091 rigatis
1400 2058 1431 2084 et
1469 2055 1659 2086 reformetis
1695 2056 1731 2086 in
1767 2056 1839 2095 ipso
1876 2066 1939 2096 que
1976 2058 2193 2088 correctionis
2230 2062 2260 2089 et

1247 2107 1496 2137 reformationis
1512 2108 1620 2138 officio
1636 2109 1797 2140 noveritis
1810 2110 1972 2148 indigere.
1992 2110 2259 2142 Contradictores

1247 2163 1308 2190 etc.
1327 2160 1421 2196 Quod
1436 2161 1465 2191 si
1482 2170 1547 2191 non
1564 2170 1679 2192 omnes
1696 2166 1756 2193 etc.
1774 2163 1848 2193 Dat.
1867 2164 2035 2199 Laterani,
2052 2164 2083 2194 X
2100 2163 2260 2195 kalendas

1246 2213 1420 2249 februarii,
1441 2223 1527 2244 anno
1544 2215 1693 2253 septimo.
1715 2228 1728 2242 »

1323 2406 1341 2433 1
1352 2406 1438 2434 *239

1284 2467 1390 2494 Abbati
1403 2467 1694 2502 praemonstratensi,
1706 2474 1771 2505 post
1783 2474 1927 2505 peractam
1941 2480 1990 2506 per
2002 2472 2099 2499 Sancti
2112 2473 2262 2501 Michaelis

1248 2516 1283 2542 de
1297 2517 1463 2552 Antwerpia
1475 2518 1549 2544 etde
1562 2518 1738 2545 Midelborch
1751 2519 1880 2552 abbates,
1895 2529 1947 2547 nec
1960 2530 2015 2548 non
2033 2526 2061 2548 et
2078 2531 2126 2557 per
2141 2523 2261 2550 abbates

1249 2564 1381 2592 Fulcardi
1403 2566 1510 2593 Montis
1533 2571 1561 2593 et
1583 2566 1690 2601 Frigidi
1712 2567 1833 2600 Montis,
1856 2570 1906 2603 qui
1927 2569 2022 2596 abbati
2044 2570 2142 2597 Sancti
2164 2571 2260 2598 Alexii

1249 2613 1284 2640 de
1301 2613 1380 2640 Urbe
1401 2615 1551 2649 subrogati
1569 2616 1695 2648 inerant,
1715 2617 1946 2644 reformationem
1963 2618 2262 2646 Praemonstratensis

1249 2662 1374 2695 ordinis,
1392 2663 1505 2690 mandat
1521 2669 1665 2699 quatenus
1681 2668 1788 2691 statuta
1803 2666 1962 2700 apostolica
1981 2667 2009 2693 in
2031 2667 2156 2702 capitulo
2172 2676 2262 2702 gene-

1248 2711 1299 2737 rali
1314 2720 1329 2737 a
1346 2712 1481 2746 praefatis
1499 2718 1622 2747 quatuor
1637 2713 1791 2740 abbatibus
1812 2715 2005 2749 promulgata.
2023 2716 2160 2743 observet
2178 2721 2205 2743 et
2226 2717 2261 2743 ab

1249 2759 1385 2787 omnibus
1407 2761 1555 2788 observari
1579 2762 1673 2788 saciat.
1691 2762 1825 2795 -(1tso.
1855 2764 1898 2796 17,
1921 2764 1940 2789 1⁶.
1967 2764 2016 2791 13ss
2038 2771 2083 2796 r⁰;
2104 2773 2171 2793 ann.
2190 2765 2261 2799 VII,

1249 2816 1274 2835 c.
1291 2808 1339 2837 491
1354 2817 1360 2841 ς
1377 2825 1411 2830 -
1429 2810 1575 2837 t’orrfflsr
1589 2811 1676 2839 9379:
1694 2826 1726 2830 -——
1743 2811 1780 2839 cf.
1797 2819 1893 2845 supra,
1912 2819 1942 2838 no
1963 2813 2051 2846 1¹98.)

1803 2408 1917 2441 Lan-an,
1933 2409 1967 2436 ‘26
1979 2410 2094 2444 janvier
2113 2411 2188 2439 1234.

1293 2923 1305 2938 «
1335 2933 1356 2942 ..
1379 2913 1480 2943 abbati
1500 2914 1786 2944 Premonstratcnszt.
1812 2915 1902 2945 Sicut
1925 2915 1959 2946 in
1980 2921 2092 2947 nostra
2115 2935 2164 2948 —.
2187 2919 2260 2949 Dat.

1250 2964 1418 3001 Laterani,
1436 2967 1499 2996 ΥΙΙ
1513 2966 1672 2997 kalendas
1692 2967 1865 3002 februarii,
1884 2977 1971 3000 anno
1988 2970 2138 3009 septimo.
2158 2984 2170 2998 »
