2498 3242
159 273 234 304 1173
1012 262 1229 302 HUITIEME
1250 263 1411 301 ANNEE.
2190 277 2264 307 1174

158 338 295 370 luerunt
311 338 470 377 templum
487 343 639 370 sanctum
656 343 749 370 tuum
763 341 773 361 ¹
793 352 806 366 a>
818 339 832 368 ⁸?
849 338 895 369 O!
920 342 1081 378 quantum
1097 345 1172 376 pro-

159 391 326 430 genitores
346 391 394 421 tui
410 401 468 430 pro
482 391 574 422 illius
594 396 679 423 terre
697 393 848 423 subsidio
864 389 1075 421 laborarunt!
1094 393 1171 428 quot

159 453 218 483 pro
235 444 485 483 recuperatione
504 445 612 483 ipsius
631 455 803 484 expensas,
825 449 903 484 quot
918 444 1048 474 labores
1068 447 1098 473 et
1117 451 1173 481 pe-

160 497 267 527 ricula
284 496 476 527 subierunt!
495 498 614 528 Nonne
633 498 720 528 clare
738 498 896 528 memorie
913 501 1005 536 pater
1024 501 1099 526 tuus
1115 504 1174 534 pro

161 549 225 580 fide
242 549 421 585 catholica,
440 550 541 580 immo
565 550 599 580 in
622 551 816 581 defensione
843 550 917 580 [idei
945 550 1030 579 diem
1055 548 1174 578 clausit

163 603 373 634 extremum?
401 604 509 633 Tuum
533 613 610 642 ergo
638 605 757 643 expetit
787 609 817 634 et
841 607 987 642 expectat
1012 602 1174 633 auxilium

163 655 334 694 negotium
350 655 455 686 Jhesu
470 656 608 692 Christi,
627 661 658 686 et
675 661 841 695 expertam
858 657 974 686 domus
989 660 1043 685 tue
1059 659 1175 694 poten-

162 708 254 744 tiam,
268 708 364 747 quasi
378 708 452 748 jure
469 710 686 744 successorio,
701 710 866 739 desiderat
878 710 979 739 Terra
993 709 1124 740 Sancta,
1140 712 1176 737 ut

161 766 341 801 propagata
367 762 540 792 devotione
563 767 738 801 parentum
762 763 794 792 in
814 763 916 797 filios,
939 772 995 802 per
1017 766 1062 797 te,
1086 761 1177 791 velut

162 814 349 845 devotionis
366 814 534 851 heredem,
556 815 785 851 subveniatur,
806 816 840 845 in
860 820 947 845 tante
965 815 1176 845 necessitatis

162 867 318 902 articulo,
337 868 504 897 crucifixo.
523 868 605 899 Cum
626 869 728 906 igitur
746 868 838 898 illius
861 869 948 898 vices
969 876 1122 906 geramus
1141 867 1175 896 in

162 920 277 956 terris,
308 920 383 950 licet
409 921 584 957 immeriti,
612 922 669 961 qui
697 926 827 961 peccata
858 925 969 951 nostra
994 931 1051 960 pro
1079 921 1175 951 nobis

161 973 297 1012 pertulit
314 984 413 1012 super
430 974 569 1012 lignum,
587 979 616 1005 et
636 984 694 1013 per
710 975 770 1004 hoc
789 975 884 1004 nobis
902 974 1071 1004 incumbat
1087 973 1176 1003 exci-

163 1030 232 1057 tare
248 1027 363 1057 fideles
380 1027 419 1057 ad
434 1027 575 1066 prelium
593 1028 726 1058 Domini
742 1027 967 1066 preliamlum,
989 1031 1019 1057 et
1038 1031 1176 1064 treugue

162 1079 251 1110 inter
273 1080 485 1110 carissimum
509 1081 544 1110 in
570 1081 704 1112 Christo
730 1081 835 1111 tilium
857 1085 1007 1110 nostrum
1030 1080 1177 1110 Frideri-

163 1141 236 1162 curn
255 1137 333 1168 etc.,
356 1137 386 1163 et
410 1133 584 1164 soldanum
607 1134 689 1163 inite
715 1134 749 1163 in
771 1134 919 1172 proximo
936 1133 1175 1172 compleantur,

165 1194 201 1215 ac
221 1195 280 1224 per
296 1185 357 1215 hoc
378 1195 419 1216 ne
442 1186 634 1216 inveniat-ur
652 1186 866 1217 Christianus
885 1186 1026 1224 populus
1044 1187 1177 1224 inpara-

165 1243 229 1274 tus,
247 1239 372 1277 ubique
387 1239 551 1277 predicari
569 1239 840 1268 mandaverimus
856 1239 993 1268 verbum
1007 1240 1126 1275 crucis,
1142 1244 1178 1270 ut

165 1291 205 1322 ad
225 1296 313 1321 tante
331 1291 503 1321 felicitatis
520 1291 673 1321 bravium
690 1291 782 1321 tollat
809 1291 915 1320 fidelis
939 1291 1080 1330 quilibet
1102 1301 1178 1321 cru-

165 1352 236 1374 cem
258 1353 351 1373 suani
379 1348 407 1373 et
433 1348 592 1382 sequatur
608 1343 765 1373 vexillum
790 1343 893 1381 glorie
917 1345 1039 1373 summi
1062 1345 1150 1381 regis
1171 1355 1177 1373 :

164 1397 311 1435 regalem
327 1396 557 1427 excellentiam
574 1406 744 1434 rogamus,
764 1406 937 1426 monemus
954 1400 985 1426 et
1008 1397 1180 1427 hortamur

165 1453 289 1480 attente
303 1458 338 1479 ac
356 1449 390 1478 in
407 1449 640 1479 remissionem
657 1449 866 1488 injungimus
882 1453 1103 1487 peccatorum,
1121 1450 1180 1480 ol)-

165 1507 334 1533 secrantes
351 1512 409 1541 per
425 1503 574 1539 Patrem,
593 1507 621 1533 et
638 1502 761 1532 Filium
781 1507 811 1532 et
829 1503 991 1541 Spiritum
1008 1503 1177 1539 Sanctum,

164 1559 196 1586 et
212 1564 271 1594 per
287 1555 514 1594 aspersionem
531 1555 707 1594 sanguinis
721 1555 828 1586 Jhesu
841 1555 980 1591 Christi,
997 1560 1177 1594 quatenus,

165 1609 205 1640 ad
220 1609 429 1639 ulciscendas
447 1609 589 1649 injurias
606 1609 732 1640 Christi
752 1609 800 1639 tui
816 1609 971 1647 accingas
991 1613 1020 1639 te
1037 1609 1181 1639 viriliter

165 1666 196 1693 et
217 1666 380 1701 potenter,
400 1666 436 1692 ut
451 1662 486 1691 in
506 1661 655 1700 generali
674 1662 829 1701 passagio
846 1662 932 1701 quod
951 1663 1101 1692 Romana
1118 1663 1180 1692 Ec-

164 1715 267 1746 clesia
282 1715 412 1745 duxerit
429 1715 669 1753 prefigendum,
686 1724 744 1754 per
761 1719 791 1745 te
810 1715 862 1745 vel
878 1724 936 1753 per
955 1719 1029 1745 tuos
1047 1724 1180 1753 magna—

165 1768 302 1798 nimiter
326 1777 521 1798 succurrere
547 1767 658 1798 valeas
678 1767 729 1797 illi
752 1772 858 1803 terre;
877 1773 922 1803 et,
943 1777 983 1797 ne
1003 1772 1067 1797 tam
1089 1768 1180 1806 pium

165 1822 352 1860 negotium,
377 1821 465 1860 quod
483 1825 533 1851 est
552 1821 685 1859 proprie
708 1821 879 1859 proprium
905 1820 1012 1851 Jhesu
1035 1820 1178 1856 Christi,

165 1874 339 1905 occasione
361 1873 510 1912 qualibet
531 1873 640 1903 valeat
664 1873 836 1912 impediri,
864 1873 1017 1903 volumus
1038 1877 1068 1903 et
1092 1882 1110 1902 a
1132 1878 1177 1909 te,

165 1926 456 1958 Christianissime
480 1926 680 1964 principum,
707 1926 873 1955 instanter
896 1926 1104 1963 exposcimus
1126 1930 1176 1961 ut,

163 1989 278 2019 pacem
308 1979 342 2009 in
370 1987 472 2017 regno
500 1983 556 2009 tuo
586 1987 802 2013 conservans,
835 1987 909 2008 cum
939 1978 1113 2008 carissimo
1144 1978 1179 2007 in

164 2032 298 2064 Christo
319 2031 388 2061 filio
409 2035 522 2061 nostro
543 2054 560 2060 ..
582 2031 707 2061 illustri
724 2040 801 2069 rege
816 2030 937 2069 Anglie
960 2030 1051 2069 pacis
1067 2031 1179 2061 federa

165 2085 298 2116 studeas
316 2085 508 2120 reformare,
527 2083 579 2114 vel
596 2083 724 2119 saltem,
741 2088 775 2113 ut
793 2084 928 2114 interim
944 2083 983 2113 de
1001 2092 1079 2121 pace
1094 2088 1180 2113 trac-

163 2143 252 2170 tetur
267 2148 341 2169 cum
359 2147 406 2174 eo,
427 2142 560 2175 treugas
578 2138 674 2167 ineas
691 2141 927 2175 competentes,
948 2141 1044 2175 prout
1060 2137 1094 2166 in
1114 2141 1179 2167 toto

164 2192 243 2223 orbe
262 2192 302 2221 ab
322 2191 488 2221 universis
505 2190 631 2221 Christi
648 2190 802 2220 fidelibus
819 2190 892 2219 fieri
909 2189 1105 2219 mandamus
1122 2199 1180 2228 per

164 2250 296 2276 nostras
312 2244 442 2274 litteras
460 2243 652 2282 generales,
670 2248 706 2273 ut
722 2252 759 2273 ex
777 2242 838 2272 hoc
854 2242 905 2271 illi
922 2247 1052 2280 gratum
1071 2243 1180 2272 samu-

162 2298 268 2329 latum
284 2297 468 2336 impendas,
489 2297 547 2336 qui
565 2302 594 2326 te
611 2305 669 2326 sue
686 2295 820 2325 virtutis
842 2295 991 2333 potentia
1009 2295 1126 2325 extulit
1144 2295 1179 2324 in

165 2351 320 2382 sublime.
338 2352 411 2380 Dat.
429 2349 573 2384 Perusii,
598 2350 678 2379 VIII
695 2349 770 2378 idus
788 2347 989 2382 novembris,
1005 2348 1180 2386 pontifica-

166 2409 220 2435 tus
236 2403 342 2434 nostri
359 2411 445 2433 anno
463 2406 589 2432 octavo.
611 2414 624 2428 »

203 2554 308 2579 2¹8¹.
326 2566 359 2570 -
375 2550 530 2577 Monitorie
546 2557 636 2584 super
651 2548 750 2575 eodem
769 2569 786 2575 ..
805 2548 1006 2581 archiepiscopo
1020 2548 1178 2575 senonensi.

168 2601 255 2628 Zelus
276 2600 392 2626 Domini
414 2600 596 2626 exercituum
611 2602 678 2631 etc.,
697 2606 790 2632 usque
808 2597 835 2623 in
858 2597 923 2629 fine,
945 2597 1042 2624 verbis
1062 2605 1181 2632 compe-

168 2653 263 2677 tenter
280 2649 408 2676 mutatis.

203 2701 308 2726 2¹82.
326 2712 359 2716 —
375 2696 449 2724 Item
466 2696 618 2723 monitorie
634 2703 723 2730 super
736 2694 837 2721 eodem
851 2715 868 2721 ..
882 2695 1002 2729 episcopo
1018 2694 1179 2722 varisiensi.

203 2750 309 2775 2¹83.
326 2761 359 2767 —
375 2745 407 2772 Iu
429 2745 564 2773 eumdem
586 2744 702 2771 modum
719 2743 872 2770 monitorie
895 2764 913 2770 ..
934 2744 1055 2777 episcopo
1075 2744 1182 2770 Carno-

163 2792 250 2824 tensi.

204 2938 225 2963 1.
245 2938 300 2968 Ps.‚
317 2942 439 2965 Lxxvnt,
458 2936 478 2960 t.

1291 340 1395 364 2¹84.
1413 353 1447 357 —
1462 337 1493 364 ln
1511 338 1636 365 eundem
1654 338 1768 365 modum
1789 360 1807 366 ..
1824 341 1943 373 episcopo
1958 340 2162 373 silvanectensi,
2177 350 2265 377 super

1255 385 1367 412 eodem.

1290 437 1394 461 2¹85.
1412 449 1445 454 —
1467 433 1497 460 In
1519 435 1642 461 eundem
1661 435 1777 462 modum
1794 437 1883 468 fratri
1900 438 2025 469 lieberto,
2045 439 2153 465 ordinis
2170 441 2267 466 precli-

1255 485 1392 514 catorwn,
1410 490 1500 518 super
1516 483 1629 510 eodem.

1292 534 1396 558 2186.
1412 546 1448 550 —
1464 531 1493 557 In
1510 532 1634 558 eundem
1652 532 1767 559 modum
1782 534 1903 567 ..priori
1918 535 2042 566 fratrum
2060 536 2267 564 Prodicacorum

1257 579 1417 611 Parz’xz‘ensi,
1435 588 1524 615 super
1540 580 1652 607 eodem.

1292 631 1396 655 2187.
1412 643 1448 648 -
1468 627 1499 654 In
1522 629 1645 655 eundem
1668 629 1727 655 fere
1748 629 1863 655 modum
1883 651 1900 656 ..
1919 633 1976 663 reqz'
1995 633 2106 664 Anytie,
2129 636 2159 658 ut
2179 641 2268 667 supra

1257 677 1318 711 regi
1345 676 1474 703 Francie.
1498 676 1586 703 Zetus
1611 677 1725 704 Domini
1749 682 1822 709 etc.,
1845 687 1937 712 usque

1258 734 1326 760 ergo
1343 730 1410 756 etc,
1429 734 1522 760 usque
1539 725 1566 752 in
1583 726 1650 753 fine.

1961 687 1968 704 :
1991 680 2153 706 subierunt.
2173 680 2267 707 Tuum

1293 777 1397 801 2¹88.
1415 789 1447 793 —
1464 774 1619 801 Monitorie
1635 782 1724 809 super
1739 775 1840 801 eodem
1858 795 1876 801 ..
1894 777 2013 809 cpt'scopo
2030 777 2152 808 [lossensi.

1293 826 1397 850 2¹82).
1414 838 1450 842 —
1465 822 1536 849 Item
1555 823 1705 849 monitorie
1722 832 1810 858 super
1827 823 1929 850 eodem
1950 845 1966 850 ..
1983 825 2149 850 cancellario
2166 825 2270 852 Londo-

1259 873 1359 898 nicnsi.

1329 1051 1452 1080 2190
1753 1051 1896 1084 Pei-ouse,
1913 1053 1928 1080 8
1945 1053 2102 1079 novembre
2120 1053 2198 1080 1234.

1296 1112 1456 1147 Episcopo,
1481 1113 1581 1147 mnjori
1603 1112 1807 1140 archidiacono
1823 1118 1851 1140 et
1869 1113 2046 1148 Reginamo,
2068 1114 2270 1141 archidiacono

1260 1161 1537 1191 Aurelianensibus,
1556 1161 1671 1188 mandat
1690 1165 1835 1196 quatenus
1853 1163 2162 1190 excommunicationis
2181 1167 2209 1189 et
2225 1164 2273 1190 in-

1260 1209 1373 1236 terdicti
1398 1211 1559 1236 sententias
1576 1210 1603 1236 in
1621 1211 1756 1236 comitem
1780 1210 1946 1237 Britanniae
1962 1215 1991 1237 et
2011 1212 2038 1238 in
2053 1213 2118 1246 ejus
2135 1217 2240 1239 terram
2256 1221 2272 1239 a

1260 1258 1473 1285 Cenomaneusi
1495 1260 1632 1293 episcopo
1653 1263 1682 1285 et
1698 1261 1764 1294 ejus
1783 1260 1952 1294 conjudice,
1970 1269 2092 1294 quorum
2108 1260 2272 1295 jurisdictio

1260 1308 1354 1334 tuerat
1379 1312 1521 1340 revocata,
1544 1309 1751 1343 promulgatas,
1775 1308 1946 1335 denuntient
1971 1317 2038 1335 esse
2063 1310 2166 1342 nullas,
2193 1314 2221 1336 et
2243 1310 2272 1337 in

1261 1363 1349 1382 causa
1366 1356 1441 1382 inter
1462 1356 1595 1382 eumdem
1621 1357 1756 1383 comitem
1776 1360 1803 1383 et
1820 1357 1986 1384 Britanniae
2002 1358 2156 1393 episcopos
2173 1362 2272 1385 exorta

1263 1403 1428 1438 procedant.
1452 1419 1488 1423 —
1508 1404 1592 1436 (RAEG.
1614 1406 1652 1435 17,
1669 1404 1688 1431 f.
1706 1405 1813 1436 2281·oe
1831 1414 1898 1431 ann.
1918 1405 2004 1438 vm,
2024 1415 2049 1432 c.
2068 1406 2134 1437 305;
2157 1421 2194 1426 —
2210 1406 2272 1434 Mo-

1262 1461 1332 1479 nEAU
1349 1452 1423 1485 1189,
1438 1453 1455 1479 s.
1470 1453 1539 1486 ‘222st
1558 1469 1588 1472 —
1606 1454 1642 1480 cf.
1655 1461 1755 1487 supra,
1775 1461 1804 1480 n⁰
1820 1454 1911 1487 2178.)

1305 1566 1316 1580 «
1344 1577 1362 1582 ..
1386 1555 1530 1592 episcopa,
1559 1577 1577 1583 ..
1602 1556 1734 1592 7n<1j0ri¹
1757 1561 1782 1584 el
1805 1556 2026 1593 ffleqfnaldop,
2053 1557 2273 1586 archidiacono

1261 1607 1545 1636 Aurelianensilues.
1562 1607 1678 1637 Oblata
1697 1608 1792 1637 nobis
1811 1608 1932 1637 nobilis
1951 1609 2013 1637 viri
2030 1610 2156 1647 P[etri],
2171 1610 2274 1639 comi-

1264 1660 1305 1690 tis
1322 1659 1509 1694 Britannie,
1527 1660 1644 1698 petitio
1659 1661 1850 1690 continebat
1865 1661 1963 1700 quod,
1977 1671 2050 1691 cum
2066 1662 2275 1693 venerabiles

1262 1713 1383 1742 fratres
1407 1712 1512 1742 nostri
1540 1736 1559 1741 ..
1588 1712 1814 1748 Redonensis,
1842 1737 1861 1742 ..
1886 1714 2104 1750 Venetensis‚
2133 1738 2152 1743 ..
2180 1715 2276 1745 Brio-

1263 1765 1385 1800 eensis,
1406 1789 1425 1794 ..
1440 1765 1686 1801 Macloviensis,
1710 1790 1727 1795 ..
1748 1766 1914 1801 Dolensis,
1935 1790 1954 1795 ..
1974 1767 2188 1797 Trecorcnsis
2205 1772 2235 1798 et
2255 1791 2274 1798 ..

1262 1818 1447 1848 Leonensis
1464 1818 1620 1856 episcopi,
1638 1822 1772 1857 propter
1787 1828 1903 1857 graves
1920 1819 2062 1858 injurias
2080 1824 2109 1849 et
2126 1819 2276 1851 diversas

1263 1871 1434 1901 molestias
1451 1880 1533 1909 quas
1551 1880 1625 1900 eum
1642 1871 1805 1906 ecclesiis,
1821 1872 1973 1910 personis
1990 1872 2228 1903 ecclesiasticis
2245 1877 2277 1903 et

1263 1923 1480 1954 ecclesiarum
1505 1923 1698 1953 hominihus
1727 1923 1882 1953 intulisse
1910 1924 2079 1960 dicebant,
2107 1925 2141 1954 in
2167 1925 2276 1963 ipsum

1263 1976 1617 2007 excommunicationis
1639 1981 1668 2006 et
1689 1981 1808 2006 terram
1832 1986 1926 2007 suam
1948 1977 2118 2007 interdicti
2140 1982 2276 2008 senten-

1262 2030 1326 2059 tias
1346 2029 1541 2059 auctoritate
1566 2029 1698 2067 propria
1719 2029 1987 2068 promulgassent
2010 2040 2016 2058 :
2041 2039 2112 2065 nos,
2136 2030 2175 2059 ad
2196 2039 2276 2060 con-

1263 2081 1471 2120 questionem
1488 2089 1619 2115 corum,
1639 2090 1737 2118 super
1758 2081 1935 2110 sententiis
1956 2080 2148 2120 hujusmodi
2169 2090 2275 2120 usque

1262 2135 1302 2164 ad
1315 2134 1576 2164 satisfactionem
1590 2134 1787 2172 condignam
1798 2134 2037 2164 inviolabiliter
2045 2134 2274 2170 observandis,

1263 2191 1293 2217 et
1316 2196 1415 2225 super
1437 2187 1691 2217 denuntiatione
1716 2187 1863 2225 ipsarum
1884 2196 1942 2225 per
1962 2187 2088 2217 vicinas
2110 2192 2219 2225 partes
2244 2191 2275 2217 et

1262 2244 1367 2270 totum
1391 2249 1530 2278 regnum
1550 2240 1688 2269 Francic
1712 2240 1875 2274 facienda,
1899 2240 1939 2269 ad
1962 2239 2185 2270 venerabilem
2208 2240 2275 2270 sra-

1262 2298 1346 2324 trem
1377 2297 1527 2323 nostrum
1559 2316 1579 2322 ..
1608 2293 1894 2323 Cenoniancnsem
1925 2293 2114 2332 episcopum
2145 2297 2174 2323 et
2204 2294 2276 2333 ers

1263 2347 1434 2385 collegam,
1449 2345 1531 2375 alias
1543 2355 1620 2376 vero
1637 2346 1676 2375 ad
1690 2345 1913 2376 venerabilem
1932 2347 2066 2376 fratrem
2086 2351 2235 2376 nostrum
2254 2369 2274 2376 ..

1263 2401 1491 2430 Turonensem
1520 2399 1807 2438 arehiepiscopum
1833 2408 1977 2438 suosque
2003 2399 2193 2439 conjudices
2220 2398 2277 2429 lit-

1262 2457 1350 2483 teras
1373 2452 1515 2482 dicimur
1537 2452 1719 2488 direxisse3
1746 2452 1820 2491 qui,
1845 2452 2037 2482 mandatum
2059 2451 2277 2491 apostolicum

1263 2509 1480 2544 exequentes,
1500 2505 1822 2535 excommunicatum
1840 2505 1989 2535 fecerunt
2006 2504 2164 2540 eundem,
2182 2505 2277 2544 juxta

1264 2558 1418 2588 traditam
1432 2558 1480 2588 eis
1492 2558 1644 2592 sormam,
1658 2566 1715 2595 per
1726 2557 1797 2587 loca
1808 2557 1953 2595 predicta
1966 2557 2097 2596 publice
2113 2557 2275 2587 nuntiari.

1263 2611 1327 2641 Sed
1344 2610 1430 2641 idem
1447 2619 1574 2645 comes,
1596 2610 1635 2639 ad
1652 2618 1707 2639 cor
1723 2609 1872 2645 rediens,
1891 2619 1948 2648 pcr
1964 2609 2159 2647 magistrum
2177 2610 2276 2639 &Ver-

1264 2663 1410 2700 nacium,
1431 2663 1627 2693 canonicum
1643 2662 1872 2696 Tervisinum,
1897 2661 2047 2692 Parisius
2069 2670 2276 2691 commoran-

1264 2719 1345 2752 tem,
1375 2720 1406 2746 et
1434 2725 1511 2746 suos
1537 2715 1727 2755 conjudices
1752 2715 1919 2753 delegatos
1947 2724 1965 2744 a
1991 2714 2102 2749 nohis,
2131 2714 2277 2744 obtinuit

1298 2843 1318 2866 1.
1335 2844 1381 2867 Sic
1397 2843 1466 2866 dans
1482 2843 1506 2866 tn
1525 2842 1686 2869 rubricotto;
1704 2842 1729 2864 ta
1747 2841 1879 2871 rubrique
1896 2843 1973 2871 porte
1990 2847 2039 2871 par
2054 2846 2150 2864 urreur
2165 2840 2276 2863 cantori

1263 2887 1339 2918 (voy.
1357 2887 1418 2918 plus
1434 2887 1500 2916 toin,
1518 2891 1546 2910 η’
1561 2885 1632 2913 2193,
1649 2892 1712 2909 ann.
1730 2885 1805 2914 Vlll,
1821 2892 1844 2909 c.
1861 2885 1924 2915 308).

1295 2932 1318 2956 2.
1336 2932 1410 2956 Dans
1426 2932 1452 2956 la
1467 2931 1614 2955 rubricello
1631 2937 1636 2954 :
1655 2932 1826 2960 Regianum,-
1841 2930 1910 2954 dnns
1925 2930 1951 2954 la
1964 2929 2097 2960 rubrique
2113 2938 2120 2953 :
2136 2931 2166 2953 R.
