2498 3242
224 267 281 298 741
1084 250 1298 291 SEPTIEME
1320 250 1480 288 ANNEE.
2280 258 2335 287 742

225 331 342 368 pendet.
355 345 388 350 —
401 329 488 367 (Rau.
505 330 544 361 17,
558 329 578 357 f.
591 329 624 356 30
635 336 675 360 r⁰;
692 337 760 356 ann.
775 327 840 362 VII,
854 336 880 356 c.
900 328 966 359 119:
980 342 1013 347 —
1026 326 1145 353 Monam
1162 323 1240 355 1188,

226 381 246 408 f.
264 379 363 414 74;-
379 378 528 406 Por-misr
544 377 636 410 9203.)

271 493 284 508 α
310 503 330 509 ..
352 481 486 518 episcopo
503 480 700 509 Astoricensi.
722 478 1033 509 Consultationibus
1051 477 1116 506 tuis
1134 475 1244 506 taliter

228 532 469 572 respondemus
493 542 500 561 1
523 532 559 562 Si
575 531 758 561 concubine
778 530 908 569 publice
926 530 1123 560 clericorum
1139 527 1244 559 eccle-

229 585 366 616 siastice
389 593 529 615 censure
552 583 761 614 districtione
784 587 949 617 notentur,
973 582 1104 612 eosdem
1123 590 1245 611 eoncu—

229 638 381 669 binarios
397 646 463 668 non
478 641 528 667 est
541 636 679 666 dubium
694 637 860 666 sententia
875 635 1010 675 majoris
1024 633 1246 665 excommuni-

231 690 374 722 cationis
383 689 520 724 involvi,
529 689 586 728 qui
598 693 670 728 post
679 689 779 719 latam
789 689 989 719 sententiam
1000 686 1246 718 communicant

230 744 268 774 in
287 743 403 775 eodem
415 743 555 773 crimine
573 743 775 772 criminosis.
796 744 890 781 Aqua
908 751 965 780 per
984 741 1174 779 episcopum
1193 738 1245 769 be-

231 796 366 827 nedicta
387 795 562 826 eeclesiam
580 796 790 826 reconciliari
810 804 906 834 posse
927 804 984 833 per
999 794 1103 824 alium
1119 793 1247 831 episeo-

230 857 311 888 pum
332 857 398 879 non
419 857 596 887 negamus,
616 857 675 887 per
693 848 880 878 sacerdotes
901 846 1070 885 simplices
1092 846 1152 875 hoc
1175 845 1247 875 fieri

232 901 272 932 de
288 905 398 932 cetero
412 900 640 940 prohibentes,
659 910 723 930 non
743 900 895 930 obstante
913 898 1154 929 consuetudine
1172 906 1248 936 pro-

231 953 343 984 vincie
357 953 610 986 Bracharensis,
627 962 690 992 que
705 952 845 983 dicenda
859 956 908 982 est
920 951 1031 990 potius
1045 949 1246 989 corruptela,

234 1005 325 1045 quia,
347 1005 425 1036 licet
447 1005 621 1044 episcopus
645 1005 851 1035 committere
874 1004 982 1035 valeat
1004 1013 1067 1043 que
1089 1002 1248 1042 jurisdic-

233 1058 336 1089 tionis
353 1059 510 1093 existunt‚
527 1068 590 1097 que
604 1058 732 1088 ordinis
749 1062 858 1087 tamen
873 1056 1070 1096 episcopalis
1087 1060 1163 1086 sunt
1183 1063 1249 1085 non

234 1115 341 1151 potest
359 1111 531 1142 inferioris
553 1111 674 1149 gradus
694 1111 825 1141 clericis
846 1109 1063 1145 demandare3
1084 1108 1171 1148 quod
1189 1117 1249 1138 au-

232 1169 311 1200 tem,
331 1165 569 1195 mandantibus
585 1165 760 1203 episcopis.
779 1173 878 1202 super
892 1163 1165 1193 reconciliatione
1183 1162 1250 1191 sac-

236 1222 306 1248 tum
320 1222 369 1249 est
381 1217 542 1248 hactenus
554 1227 612 1256 per
625 1217 768 1252 eosdem,
782 1216 1043 1246 misericorditer
1056 1215 1248 1245 toleramus

235 1270 384 1301 Ecclesie
395 1270 430 1300 in
445 1279 509 1309 qua
523 1270 636 1300 divina
647 1269 798 1299 misteria
812 1268 1033 1303 celebrantur,
1050 1268 1128 1298 licet
1143 1267 1250 1297 adhuc

235 1332 303 1354 non
320 1323 466 1354 extiterit
482 1327 684 1357 consecrata,
701 1321 792 1351 nullo
802 1321 877 1361 jure
893 1312 1107 1359 'privilegium
1125 1321 1251 1350 emuni-

235 1376 316 1407 tatis
341 1375 518 1411 adimitur,
541 1375 620 1414 quia
645 1375 816 1414 obsequiis
843 1374 967 1404 divinis
992 1374 1100 1403 dicata
1125 1373 1251 1404 nullius

236 1431 287 1460 est
309 1428 498 1459 temerariis
522 1428 661 1458 ausibus
683 1423 931 1467 prophananda.
960 1427 995 1458 Si
1020 1426 1161 1457 ecclesia
1185 1435 1252 1456 non

235 1486 430 1513 consecrata
454 1482 693 1521 cujuscumque
716 1481 818 1511 suerit
842 1481 970 1512 semine
995 1484 1051 1510 aut
1076 1480 1252 1518 sanguinis

235 1534 400 1566 effusione
421 1534 563 1574 polluta,
584 1544 671 1573 aqua
686 1534 838 1573 protinus
855 1534 1037 1564 exorcizata
1052 1533 1192 1568 lavetur,
1211 1542 1252 1563 ne

234 1588 349 1618 divine
370 1587 480 1618 laudis
506 1588 540 1617 in
564 1597 601 1618 ea
627 1597 752 1625 organa
775 1587 1037 1626 suspendantur-3
1067 1591 1115 1617 est
1140 1591 1252 1616 tamen

235 1649 336 1680 quam
358 1641 458 1671 citius
483 1641 556 1671 fieri
575 1641 708 1680 poterit,
731 1640 967 1671 consecranda.
987 1641 1062 1670 Dat.
1082 1639 1250 1675 Laterani,

232 1695 302 1725 XII
317 1693 478 1725 kalendas
490 1692 591 1733 junii,
610 1703 697 1724 anno
715 1694 867 1732 septimo.
887 1706 900 1719 »

309 1914 425 1944 1325
845 1914 959 1947 Lati-an,
975 1915 1010 1942 25
1027 1914 1082 1941 mai
1101 1914 1179 1942 1233.

273 1975 365 2003 Priori
381 1980 410 2002 et
424 1975 562 2003 fratribus
585 1976 683 2003 Sancti
701 1976 835 2003 Andreae
853 1977 888 2003 de
912 1977 1052 2010 Amiano,
1068 1977 1253 2003 Torcellanae

234 2025 390 2058 dioecesis,
403 2039 436 2044 -
450 2033 516 2051 cum
533 2025 560 2051 in
578 2033 677 2052 eorum
695 2025 813 2052 statutis
828 2025 922 2060 aliqua
939 2025 1167 2057 continerentur,
1179 2033 1253 2060 quae

235 2081 292 2100 non
307 2076 438 2108 poterant
449 2073 559 2107 absque
570 2073 697 2100 laesione
713 2081 866 2108 corporum
879 2078 965 2108 atque
975 2075 1089 2108 jactura
1102 2074 1252 2101 domorum

233 2120 393 2152 observari,
407 2129 532 2155 cumque
547 2121 636 2148 abbas
652 2121 687 2147 de
701 2120 863 2155 Brundulo,
875 2120 1080 2148 Cisterciensis
1092 2121 1213 2156 ordinis,
1225 2126 1254 2148 et

235 2169 313 2204 prior
328 2169 448 2196 fratrum
466 2168 701 2196 Praedicator-um
719 2169 754 2196 de
774 2169 916 2203 Venetiis,
933 2170 968 2196 de
985 2170 1118 2197 mandato
1134 2174 1254 2205 aposto-

233 2218 290 2245 lico
305 2217 341 2244 ad
356 2217 501 2253 praedicta
523 2218 585 2245 loca
602 2218 795 2253 personaliter
811 2219 1002 2250 accedentes,
1020 2222 1194 2246 statutorum
1210 2219 1255 2254 ip-

234 2274 336 2293 sorum
349 2265 485 2300 figorem,
498 2269 554 2293 tam
568 2266 644 2293 circa
657 2267 839 2301 jejuniorum
853 2267 1066 2294 observantiam
1077 2275 1163 2302 quam
1177 2267 1255 2294 circa

234 2314 378 2349 ciborum,
391 2314 530 2342 lectorum
543 2319 571 2342 et
582 2315 707 2341 vestium
727 2323 810 2342 usum
823 2320 852 2342 et
868 2315 1007 2350 quaedam
1019 2316 1085 2349 alia,
1098 2320 1254 2352 temperas-

235 2367 312 2397 sent,
327 2376 364 2383 —
377 2363 455 2398 quod
472 2371 487 2389 a
507 2363 592 2390 dictis
607 2363 710 2390 abbate
731 2368 760 2390 et
783 2365 878 2399 priore
899 2364 934 2391 de
954 2365 1000 2391 his
1021 2365 1127 2392 factum
1147 2365 1252 2397 fuerat,

234 2411 396 2439 confirmat.
413 2426 448 2432 —
467 2411 550 2444 (Rae.
571 2412 611 2444 17,
628 2412 648 2439 s.
667 2411 700 2439 30
717 2417 765 2446 v⁰;
782 2421 848 2440 ann.
868 2412 938 2447 VII,
955 2421 982 2441 c.
1000 2413 1071 2446 120.)

279 2540 294 2555 ιι
318 2550 339 2557 ..
353 2529 458 2566 priori
475 2533 501 2557 el
519 2529 684 2558 conventui
704 2528 813 2558 Sancti
828 2529 947 2558 Amlree
962 2529 996 2557 de
1013 2530 1161 2565 Amiano,
1182 2530 1254 2559 Tor-

237 2581 354 2611 oellane
369 2580 505 2610 diocesis.
523 2580 684 2617 Quotiens
701 2579 879 2619 apostolice
895 2581 1097 2619 provisionis
1113 2598 1162 2610 —-.
1180 2582 1254 2611 Dat.

236 2632 408 2668 Laterani,
421 2633 503 2663 VIII
519 2632 680 2663 kalendas
694 2633 796 2672 junii,
811 2633 1025 2672 pontificatus
1042 2633 1147 2664 nostri
1169 2623 1256 2664 anno

237 2685 391 2724 septimo.
411 2697 424 2711 n

269 2817 374 2842 ¹328.
392 2830 423 2835 —
439 2816 586 2853 Scriptum
601 2821 647 2844 est
662 2818 690 2845 in
707 2818 831 2845 eundem
848 2819 964 2846 modum
980 2839 999 2846 ..
1013 2821 1107 2853 priori
1118 2822 1142 2846 ee
1157 2819 1258 2852 fratri-

237 2867 288 2894 bus
307 2866 405 2894 Sancti
426 2867 532 2893 Andree
551 2866 583 2893 de
606 2867 710 2899 Litore,
727 2867 881 2895 castellane
903 2868 1032 2901 diocesis,
1049 2871 1072 2894 ec
1092 2889 1110 2895 ..
1126 2869 1218 2902 priori
1232 2870 1256 2894 et

237 2915 380 2950 fratribus
393 2915 490 2942 Sancti
505 2915 580 2942 Petri
593 2915 625 2941 dc
640 2915 710 2942 Casa
725 2915 820 2948 Οαιυα,
841 2916 997 2943 Torcellane
1010 2917 1133 2944 diocesis.

1401 323 1514 352 ¹32⁸?

1363 384 1507 420 Episcopo
1528 384 1685 416 valentino,
1699 388 1728 411 et
1744 383 1956 411 archidiaconis
1967 384 2001 409 de
2013 382 2167 417 Conrianlol
2187 387 2214 410 ct
2228 383 2262 410 de
2274 383 2339 410 Cer-

1329 437 1388 459 rato
1420 432 1578 459 Palentinis
1612 433 1727 459 mandat
1762 437 1907 467 quatenus
1939 440 2035 466 regem
2067 431 2247 466 Portugaliae
2278 440 2340 458 mo-

1936 320 2048 352 Latran‚
2065 321 2098 348 26
2115 322 2170 348 mai
2191 322 2265 348 1233.

1329 485 1413 507 neant
1431 485 1461 507 ut
1483 489 1498 506 a
1519 481 1720 508 vexationibus
1737 481 1944 516 multiplicibus
1960 481 2100 507 ecclesiae
2123 480 2339 516 I'ortugalensis

1328 530 1468 559 desistat:
1487 530 1511 555 si
1529 530 1655 564 ipsorum
1675 529 1882 556 monitionibus
1899 529 1972 555 idem
1989 537 2036 555 rex
2054 529 2124 556 infra
2142 538 2270 556 mensem
2287 530 2340 555 ob-

1329 581 1488 612 temperare
1505 587 1558 604 non
1577 579 1734 612 curaverit,
1751 578 1805 612 ipsi
1829 578 1900 604 infra
1915 578 2001 604 alium
2020 586 2147 604 mensem
2165 579 2260 604 omnia
2279 578 2340 605 loca

1329 627 1362 652 ad
1380 635 1452 660 quae
1469 626 1543 653 idem
1563 635 1611 653 rex
1632 627 1791 659 devenerit,
1809 627 1934 652 subdant
1950 627 2148 653 ecclesiastico
2170 626 2339 659 interdict03

1329 675 1405 711 quod
1421 676 1446 702 si
1465 684 1516 702 nec
1532 680 1601 702 tunc
1616 676 1784 709 cessaverit,
1803 676 1872 710 ipsi,
1889 675 2008 702 alterius
2024 677 2132 701 mensis
2148 677 2240 710 spatio
2259 684 2340 711 prae-

1329 724 1428 758 tcrito,
1445 732 1541 758 regem
1565 726 1721 758 praelatum
1738 724 1772 749 ad
1797 724 1850 750 hoc
1869 731 1991 750 censura
2007 724 2205 749 ecclesiastica
2225 728 2340 758 cogant.

1330 788 1362 793 —
1379 772 1463 806 (liae.
1484 773 1526 807 17,
1548 773 1567 800 l'.
1583 772 1616 799 30
1634 779 1678 806 v03
1695 781 1761 798 ann.
1782 771 1851 804 Vll,
1867 780 1892 798 c.
1913 772 1984 803 121.)

1373 914 1385 928 <t
1407 925 1426 930 ..
1441 903 1585 939 episcopo,
1605 924 1626 929 ..
1645 901 1678 930 de
1692 902 1833 931 Cerricm.
1849 906 1874 929 et
1893 923 1910 928 ..
1930 901 1964 929 de
1980 901 2095 930 Ceri-al.
2113 900 2343 929 archidiaconis

1332 955 1540 992 Palenlinffis]
1556 954 1701 992 Siquam
1716 953 1876 983 horribile
1888 953 1975 983 sitin
1991 962 2109 982 manus
2123 953 2184 983 Dei
2201 953 2344 982 viventis

1331 1007 1478 1037 incidere
1492 1006 1687 1037 carissimus
1698 1006 1733 1035 in
1745 1006 1879 1036 Christo
1892 1005 1982 1035 filius
1995 1010 2139 1035 noster..
2156 1005 2343 1042 l'ortugalie

1332 1070 1387 1091 rex
1406 1060 1548 1090 illustris
1565 1060 1675 1090 debita
1691 1059 1906 1089 meditatione
1925 1063 2090 1097 pensaret.
2104 1058 2144 1087 al·
2161 1058 2344 1088 ‹⁷›ll'ensione

1333 1114 1548 1144 Sacrosancte
1570 1112 1731 1143 Ecclesie.
1751 1121 1870 1151 sponse
1892 1121 1966 1142 sue.
1982 1121 2081 1150 qnam
2101 1111 2162 1141 sihi
2188 1111 2342 1141 Clu-istus

1334 1175 1398 1196 non
1424 1165 1602 1195 habentem
1626 1165 1789 1195 maculam
1816 1174 1922 1203 neque
1945 1174 2059 1202 rugam
2085 1164 2345 1194 misericorditer

1333 1218 1514 1257 copulavit,
1548 1228 1583 1247 ac
1616 1218 1846 1247 ministrorum
1878 1217 1984 1256 ipsius
2016 1216 2183 1246 abstinere
2214 1217 2343 1246 cautius

1333 1275 1535 1310 procuraret.
1553 1271 1602 1301 Ad
1619 1276 1764 1300 nostram
1782 1270 1946 1309 siquidem
1965 1270 2185 1299 audientiam.
2207 1279 2345 1299 venera-

1334 1324 1394 1353 bili
1410 1325 1512 1353 l'ratre
1527 1328 1638 1353 nostro
1655 1346 1674 1351 ..
1689 1323 1920 1359 Portug-ralensi
1938 1323 2090 1361 episcopo
2107 1327 2341 1360 conspici-ente.

1334 1376 1484 1415 pervenit
1505 1376 1592 1414 quod
1610 1376 1758 1414 prefatus
1778 1384 1850 1409 rex,
1873 1379 2022 1413 pretextu
2049 1375 2219 1413 cujusdam
2246 1384 2344 1413 prave

1334 1427 1583 1457 constitutionis
1598 1426 1649 1457 vel
1665 1427 1892 1457 destitutionis
1909 1427 2029 1465 potius,
2048 1437 2147 1465 quam
2167 1451 2185 1455 ..
2204 1436 2345 1465 proavus

1334 1480 1422 1518 regis
1449 1480 1598 1519 ejusdem
1620 1480 1740 1509 secisse
1761 1480 1965 1518 proponitur,
1990 1479 2140 1509 videlicet
2170 1485 2199 1509 ul
2226 1480 2347 1510 mulier

1334 1542 1409 1563 cum
1425 1542 1489 1571 qua
1505 1542 1645 1571 persona
1664 1532 1829 1570 reperitur
1842 1532 2078 1567 ecclesiastica,
2097 1533 2256 1571 capiatur.
2275 1534 2346 1562 ossi-

1335 1585 1436 1615 ciales
1459 1589 1490 1616 et
1511 1585 1646 1624 quidam
1663 1585 1722 1615 alii
1738 1584 1874 1615 vassalli
1890 1585 1978 1621 regis
1997 1585 2145 1623 ejusdem
2166 1586 2277 1623 sepius
2294 1586 2346 1615 die

1335 1643 1500 1678 noctuque
1525 1638 1638 1668 domos
1661 1638 1963 1668 ecclesiasticarum
1986 1646 2202 1676 personarum
2226 1639 2348 1668 infrin-

1335 1696 1433 1729 gunt,
1452 1696 1499 1727 et.v
1518 1692 1588 1721 sive
1605 1691 1821 1721 inveniantur
1836 1691 1994 1721 mulieres
2011 1691 2080 1721 sive
2100 1700 2164 1721 non
2187 1701 2259 1721 cum
2281 1692 2347 1721 eis-

1335 1745 1426 1779 dem,
1457 1744 1548 1782 ipsas
1577 1744 1741 1773 infamant
1772 1748 1803 1773 et
1835 1744 1921 1774 bona
1950 1744 2111 1782 diripiunt
2145 1744 2324 1774 earundem
2339 1755 2344 1774 :

1334 1802 1467 1837 propter
1486 1797 1573 1837 quod
1596 1797 1749 1828 nonnulli
1769 1807 1807 1827 ex
1823 1797 1921 1836 ipsis,
1943 1802 2052 1827 coacte
2071 1798 2233 1827 redimere
2250 1808 2348 1827 vexa-

1335 1851 1461 1881 tionem
1480 1850 1689 1889 hujusmodi.
1709 1850 1852 1880 maxime
1874 1859 1914 1880 ne
1931 1851 2018 1880 same
2035 1859 2093 1880 sue
2111 1850 2348 1880 dit-trimentum

1335 1904 1519 1935 incurrant.
1533 1903 1732 1933 officialibus
1744 1903 1920 1933 antedictis
1932 1907 1962 1933 et
1975 1902 2050 1933 aliis
2062 1908 2183 1933 certam
2198 1903 2346 1933 tribuunt

1335 1956 1475 1995 pecunie
1500 1956 1735 1995 quantitatem,
1762 1955 1795 1984 in
1821 1964 1954 1992 gravem
1979 1955 2195 1985 ecclesiastici
2222 1956 2348 1985 ordinis

1335 2009 1495 2048 injuriam
1511 2013 1541 2039 et
1556 2009 1732 2048 jacturam.
1752 2010 1918 2040 l‘reterea,
1937 2009 1965 2038 si
1984 2009 2153 2046 contingat
2171 2008 2348 2047 aliquando

1335 2062 1422 2101 quod
1435 2061 1603 2100 predictus
1617 2061 1791 2099 episcopus
1806 2060 1856 2091 vel
1867 2061 1974 2099 ipsius
1989 2061 2105 2090 vicarii
2119 2066 2231 2091 contla
2249 2061 2348 2091 eccle-

1336 2116 1490 2147 siasticas
1520 2124 1678 2154 personas
1713 2115 1906 2153 procedant.
1941 2115 2088 2153 ipsarum
2127 2115 2257 2153 aliquas
2290 2124 2349 2153 pn-

1337 2169 1474 2204 niendo,
1493 2169 1585 2208 juxta
1605 2168 1692 2207 quod
1710 2177 1822 2198 earum
1845 2177 1999 2198 excessus
2022 2173 2218 2206 exposcunt.
2242 2168 2349 2197 dictus

1336 2231 1392 2252 rex
1415 2221 1556 2251 eundem
1578 2221 1769 2260 episcopum
1792 2225 1821 2251 et
1851 2221 1922 2259 ejus
1945 2221 2098 2255 vicarios,
2122 2225 2155 2250 ut
2177 2231 2232 2250 eas
2251 2221 2350 2250 resti—

1336 2279 1442 2310 tuant,
1461 2284 1518 2313 per
1531 2274 1781 2312 occupationem
1794 2274 1955 2304 bonorum
1967 2283 2102 2304 suorum
2117 2278 2146 2304 et
2165 2273 2247 2303 alias
2262 2283 2350 2304 com-

1337 2327 1428 2366 pellit
1445 2327 1588 2361 eosdem,
1604 2333 1659 2357 aut
1671 2327 1746 2357 illas
1761 2327 1839 2356 facit
1852 2336 1909 2365 per
1921 2336 1998 2357 51105
2011 2326 2164 2357 homines
2177 2327 2348 2363 intnferari.

1336 2385 1470 2420 propter
1488 2381 1575 2420 quod
1591 2390 1706 2411 earum
1722 2389 1877 2411 excessus
1894 2385 2065 2410 remanent
2083 2380 2271 2411 incorrecti.
2289 2381 2350 2410 Ad-

1333 2434 1414 2473 jecit
1436 2434 1537 2464 etiam
1557 2433 1645 2464 idem
1665 2433 1839 2472 episcopus
1861 2433 1947 2472 quod
1964 2433 2154 2463 nominatus
2170 2442 2225 2463 rex
2243 2433 2350 2471 ipsum

1337 2487 1439 2517 citare
1457 2495 1493 2516 ac
1507 2495 1666 2525 personas
1681 2485 1935 2516 ecclesiasticas.
1954 2490 2122 2524 tamquam
2137 2485 2249 2515 laicos.
2266 2490 2298 2515 111
2316 2486 2350 2514 111

1338 2549 1436 2571 suum
1451 2539 1629 2578 procedant
1647 2539 1839 2570 exercitum.
1855 2548 1913 2577 per
1926 2548 1960 2569 se
1978 2547 2013 2568 ac
2031 2548 2119 2572 suos,
2133 2538 2255 2568 invitos
2267 2548 2350 2568 com-

1338 2593 1461 2632 pellere
1487 2601 1554 2623 non
1576 2597 1726 2627 veretum
1746 2600 1903 2631 personas
1925 2591 2056 2621 casdem
2079 2591 2119 2620 ad
2140 2591 2350 2620 retinendum

1338 2646 1491 2677 homines
1509 2646 1616 2685 ipsius
1633 2650 1663 2676 et
1682 2655 1784 2684 equos
1801 2645 1835 2674 111
1852 2644 2067 2674 ecclesiarum
2085 2648 2113 2673 et
2132 2643 2350 2673 monasterio-

1339 2708 1412 2729 rum
1435 2699 1583 2738 ipsorum
1604 2698 1772 2729 domibus.
1797 2702 1825 2726 et
1848 2696 2105 2725 ministramlnm
2129 2696 2176 2725 eis
2195 2696 2234 2724 ‹lv
2256 2696 2350 2726 1101115

1339 2751 1576 2782 ecclesiasticis
1598 2751 1803 2781 necessaria.
1822 2758 1880 2779 nec
1903 2758 1966 2778 non
1989 2753 2017 2778 ct
2041 2753 2105 2777 111111
2127 2748 2232 2786 ipsius
2252 2758 2350 2787 quain

1338 2805 1500 2836 baronum
1515 2809 1545 2836 et
1557 2804 1749 2835 officialium
1761 2812 1895 2833 suorum
1909 2810 2040 2832 servare
2055 2801 2163 2831 hanna
2181 2806 2207 2829 et
2228 2806 2348 2831 statuta

1339 2858 1487 2898 quelibet
1503 2867 1541 2889 ac
1554 2858 1666 2889 subire
1683 2857 1837 2895 angarias
1855 2861 1885 2886 et
1897 2854 2110 2894 perangarias
2128 2859 2156 2884 ct
2173 2854 2236 2884 alia
2251 2863 2349 2885 onera

1338 2911 1535 2947 inhonesta,
1568 2911 1709 2941 eundem
1742 2909 1931 2948 episcopum
1957 2912 1986 2937 ct
2018 2916 2175 2946 personas
2206 2908 2350 2945 prefatas
