2498 3242
256 273 316 304 313

258 354 342 385 Petri
352 354 503 386 Puellaris
514 356 750 386 Bilurz'censiwn
764 358 1069 390 can0221'cis.Dilecto
1084 360 1153 392 filio
1173 386 1191 391 ..
1216 370 1266 392 ar-

255 407 494 447 chipresbitero
516 409 555 440 de
578 409 746 441 Borbonio
762 412 950 451 accepimus
968 413 1141 444 intimante
1165 415 1264 453 quod,

1068 273 1332 314 QUATRIFJME
1355 276 1508 313 ΑΝΝΕΕ

2279 300 2338 329 314

1332 363 1393 402 ipsi
1422 365 1713 404 parvipendentes,
1740 369 1825 400 sicut
1852 373 1882 402 et
1912 380 2086 405 censuram
2116 377 2336 411 ecclesiastice

1329 416 1517 456 discipline,
1537 419 1714 450 noluerunt
1732 430 1749 451 a
1767 422 1819 452 via
1841 433 1900 454 sua
1917 426 2003 455 mala
2021 429 2140 458 reverti
2156 447 2203 459 —.
2223 431 2336 471 Nuper

256 468 331 491 cum
349 470 368 491 a
386 462 482 492 nobis
503 463 662 493 statutum
683 463 727 493 sit
742 464 898 499 edictum,
919 466 1006 504 quod
1026 467 1075 497 est
1097 467 1210 506 sepius
1231 468 1265 497 iu
1295 482 1297 511 Α
1329 477 1471 508 namque
1501 471 1621 501 terram
1653 474 1830 512 predictam
1863 476 2026 509 hostiliter
2057 481 2274 519 destruentes,
2305 488 2335 516 ct

255 513 453 545 consistorio
469 515 686 552 publicatum,
705 517 750 552 ut,
769 517 797 546 si
817 517 872 547 tiat
890 519 996 556 pactio
1015 519 1068 549 vel
1085 521 1172 549 certa
1189 529 1265 558 pro-

256 566 373 597 missio
388 575 448 606 pro
465 567 593 606 justitia
611 569 663 599 vel
681 570 786 607 gratia
807 572 1048 606 conservanda,
1065 572 1149 602 daus
1169 574 1199 602 et
1218 581 1265 602 re-

255 619 395 658 cipiens,
419 621 447 650 si
470 620 612 652 clericus
631 622 740 658 suerit,
764 623 804 653 ab
824 623 935 654 osticio
957 625 988 654 ct
1008 624 1168 655 beneficio
1191 634 1263 654 sus-

254 672 428 711 pendatur,
447 674 474 703 si
495 682 572 704 vero
590 674 707 709 laicus,
724 677 1079 707 exconununicationis
1100 678 1264 707 sententia
1293 706 1295 727 ἃ,

253 725 465 764 percellatur,
482 728 513 757 et
529 729 662 758 careant
677 728 915 759 nichilominus
933 730 1126 769 impetratis,
1144 731 1264 760 Arnul-

252 778 338 816 phus
354 780 385 809 et
408 779 544 818 quidam
567 781 623 810 alii
643 781 753 811 clerici
772 782 1104 821 archipresbiteratus
1127 784 1191 818 sui,
1210 784 1262 813 Bi-

253 831 433 862 turicensis
446 833 600 868 diocesis,
616 834 838 873 indulgentias
849 837 880 865 et
893 835 1019 865 litteras
1031 844 1049 866 a
1061 836 1144 866 Sede
1159 837 1262 875 Apos-

252 884 350 915 tolica
365 886 556 925 impetratas
568 895 627 925 pro
640 889 727 917 certo
739 888 843 926 pretio
855 888 997 919 vendere
1012 898 1076 919 non
1095 891 1261 925 verentur,

252 938 285 968 in
302 939 492 977 Apostolice
510 940 607 970 Sedis
625 940 780 977 injuriam
799 942 829 970 et
845 943 1080 980 contemptum.
1100 943 1261 978 Quocirca

251 991 443 1022 discretioni
473 994 582 1023 vestre
610 1002 670 1031 per
701 994 881 1032 apostolica
911 995 1033 1034 scripta
1064 996 1261 1025 mandamus

251 1046 427 1083 quatenus,
449 1045 476 1075 si
494 1045 589 1075 vobis
606 1047 790 1076 constiterit
807 1047 846 1077 (le
864 1047 1050 1086 premissis,
1068 1050 1181 1078 contra
1194 1049 1260 1078 dic-

250 1099 301 1128 tos
317 1098 465 1132 clericos,
479 1099 573 1137 juxta
594 1100 735 1130 sormam
752 1100 863 1130 statuti
884 1101 1034 1139 predicti,
1054 1101 1183 1131 sublato
1203 1112 1258 1140 ap-

250 1150 440 1189 pellationis
456 1151 637 1187 obstaculo,
658 1153 854 1191 procedatis,
874 1154 905 1183 et
924 1153 1114 1191 hujusmodi
1134 1155 1259 1185 litteras

250 1204 385 1235 omnino
408 1213 518 1235 carere
546 1204 674 1235 viribus
699 1206 868 1236 nuntietis.
898 1206 972 1236 Dat.
1000 1207 1165 1242 Laterani,
1196 1209 1258 1238 Vll

248 1257 324 1287 idus
337 1257 426 1296 julii,
444 1257 656 1296 pontificatus
673 1258 776 1288 nostri
794 1268 880 1289 anno
896 1261 1024 1298 quarto.
1049 1272 1064 1287 »

313 1443 382 1474 481
829 1442 946 1475 Lutran,
965 1444 980 1470 3
993 1443 1089 1478 juillet
1109 1445 1184 1472 1230.

278 1525 499 1561 Archiepiscopo
526 1526 628 1552 Pisano
652 1528 752 1552 notum
780 1525 847 1553 facit
877 1535 906 1553 sc
932 1527 1078 1561 statuisse,
1104 1528 1158 1554 nisi
1179 1529 1255 1555 cives
1285 1561 1287 1567 .

245 1575 440 1602 Lucanicum
458 1575 536 1601 Sedis
560 1574 739 1609 ,xpostolicnc
760 1575 983 1609 patrimonium,
1000 1578 1108 1602 terram
1127 1577 1253 1604 videlicet
1285 1574 1286 1577 ’

245 1623 430 1658 ffirfaguani,
443 1625 627 1656 occuparent,
650 1623 685 1649 nd
707 1624 878 1650 mandatum
900 1625 1090 1658 apostolicum
1112 1634 1200 1660 usqne
1211 1626 1255 1652 -ad

248 1723 356 1753 tantur,
376 1729 462 1755 super
478 1721 523 1747 his
543 1729 593 1755 pro
610 1721 711 1755 quibus
732 1722 974 1748 excommunicati
990 1723 1049 1749 sint
1065 1725 1092 1749 et
1110 1723 1255 1751 interdicti

245 1770 474 1797 satisfactionem
493 1770 653 1804 plenarium
672 1770 843 1804 impensuri,
859 1778 906 1797 cos
924 1771 1078 1805 episcopali
1094 1772 1211 1805 honore,
1228 1775 1254 1799 et
1285 1779 1286 1789 ¹

242 1817 379 1844 ecclesiae
398 1817 573 1843 cathedralis
593 1817 745 1844 canonicos
766 1826 818 1844 sua
837 1817 978 1852 dignitate
999 1826 1060 1845 esse
1089 1819 1254 1853 privandos.

246 1880 279 1885 -—
294 1866 372 1900 (linc.
391 1865 463 1898 tas,
481 1866 515 1891 ⁴22
532 1866 719 1899 v0;ann.1v‚
735 1873 760 1892 c.
777 1867 824 1899 50;
841 1881 874 1886 —
889 1866 1004 1893 Monimo
1025 1869 1101 1900 1186,
1119 1867 1138 1894 f,
1156 1869 1203 1901 533
1221 1883 1255 1888 —
1284 1873 1285 1882 ³

246 1914 387 1941 POTTHAST
403 1915 496 1948 8578.)

284 2022 299 2036 «
325 2008 591 2048 ..archiepiscopo
610 2008 733 2038 Pisano.
756 2009 920 2038 Vei-emur
938 2017 978 2038 ne
1002 2009 1091 2039 cives
1115 2010 1251 2045 Lucani,

242 2063 299 2102 qui
316 2071 413 2101 opere
429 2061 584 2091 deberent
601 2061 748 2091 alludere
769 2061 908 2095 nomini,
927 2061 1065 2091 lucendo
1084 2070 1142 2100 per
1157 2063 1254 2093 devo·
1280 2062 1282 2113 j

241 2116 343 2147 tionis
358 2116 389 2145 ot
405 2114 482 2145 fidei
500 2115 689 2153 puritatem,
708 2123 785 2144 vera
803 2114 869 2144 sint
888 2114 959 2144 luce
979 2115 1112 2153 privati,
1131 2115 1162 2145 in
1180 2116 1251 2154 qui·
1280 2126 1281 2158 χ

240 2169 304 2200 bus
318 2169 455 2207 alligare
473 2167 562 2206 quod
580 2168 721 2197 fractum
737 2169 806 2197 erat
822 2167 979 2205 pastorali
999 2167 1171 2206 diligentia
1187 2169 1251 2198 nisi

242 2231 371 2257 sumus,
391 2222 421 2251 et
441 2220 596 2251 reducere
610 2220 697 2259 quod
710 2220 874 2258 :ridentum
887 2238 936 2249 —.
951 2221 1036 2251 Sane
1054 2221 1131 2250 dicti
1148 2221 1250 2256 cives,

239 2275 359 2314 spiritu
386 2273 510 2304 suroris
541 2274 573 2303 et
601 2273 747 2303 stimulis
776 2273 931 2312 superbio
960 2274 1124 2308 concitati,
1155 2274 1252 2304 Sedis
1278 2311 1280 2319 χ

239 2327 429 2367 Apostolice
451 2326 702 2366 patrimonium,
723 2327 841 2356 terram
860 2326 1015 2356 videlicet
1033 2326 1250 2365 (iarfagnani,

237 2382 352 2412 contra
376 2379 514 2414 monita,
542 2379 788 2409 obsecrationes
817 2380 848 2408 et
874 2378 1090 2409 inhibitiones
1119 2381 1250 2410 nostras
1278 2413 1279 2422 ἵ

1278 2427 1279 2442 ³
1311 2430 1476 2468 receptam
1506 2429 1591 2460 sicut
1619 2429 1684 2459 alia
1707 2430 1783 2469 jura
1815 2431 1937 2461 l‘isane
1964 2431 2107 2462 diocesis
2132 2432 2318 2463 defensare.

237 2433 440 2472 multiplices
473 2432 631 2463 invadere
665 2433 952 2470 presumpserunt,
985 2441 1057 2462 eam
1091 2433 1248 2463 ancillare

238 2486 400 2527 volenteS,
423 2486 455 2515 et
475 2493 534 2515 sue
551 2484 702 2514 subicere
725 2484 892 2520 serritutig
913 2485 1046 2523 propter
1068 2485 1168 2523 quod,
1192 2494 1248 2515 eos

237 2539 278 2570 ab
301 2539 424 2578 injuria
441 2539 553 2568 nostra
574 2539 604 2568 et
625 2547 644 2568 a
662 2538 774 2567 futura
791 2537 986 2567 contusione
1009 2546 1069 2567 sua
1094 2546 1248 2568 revocare

235 2592 400 2627 curantes,
425 2591 516 2630 ipsos
536 2590 911 2626 excommunic-avimus,
938 2591 969 2620 et
990 2591 1111 2620 terram
1132 2599 1247 2621 eorum
1276 2585 1277 2596 ¹

235 2644 459 2676 ecclesiastico
476 2643 714 2683 supposuimus
737 2643 922 2673 interdicto.
942 2643 1047 2673 Iidem
1065 2652 1155 2678 vero,
1172 2652 1246 2674 con-

233 2698 368 2737 temptis
383 2696 738 2728 excommunicationis
751 2699 782 2726 et
796 2696 959 2726 interdicti
975 2697 1161 2732 sententiis,
1176 2705 1247 2735 pro-

232 2751 394 2781 terviores
409 2749 526 2784 effecti,
544 2749 690 2788 prolapsi
707 2758 838 2788 semper
856 2749 888 2779 in
905 2749 1062 2785 deterius,
1080 2750 1193 2788 pej0ra
1205 2750 1246 2780 de

233 2803 288 2834 die
307 2804 338 2833 in
363 2802 450 2832 diem
473 2801 639 2841 prioribus
663 2802 912 2832 commiserunt.
935 2802 1032 2833 Unde
1055 2803 1168 2832 contra
1188 2811 1245 2833 eos

235 2865 354 2887 manus
372 2855 469 2887 Sedis
488 2854 677 2893 Apostolice
693 2856 922 2893 aggravantes,
944 2855 976 2885 in
992 2855 1152 2894 majorem
1168 2864 1243 2886 con-

235 2909 401 2940 fusionem
426 2907 574 2946 ipsorum
597 2906 758 2946 prefatam
781 2907 903 2938 terram
925 2907 1131 2946 Gai-ragnarii
1153 2917 1172 2938 a
1195 2907 1243 2938 di—

234 2962 324 2993 tione
353 2960 478 2991 Lucani
504 2958 651 2999 episcopi
675 2959 834 2990 duximus
859 2959 1124 2996 subducendanu
1151 2960 1239 3000 quod

1328 523 1555 554 crudelitatem
1581 525 1717 555 nimiam
1742 531 1942 565 exercentes,
1970 531 2053 561 inter
2074 534 2139 563 alia
2163 536 2333 574 nephanda

1328 583 1391 613 que
1409 577 1645 608 commiserunt
1662 579 1797 613 ibidem,
1817 581 1917 620 impie
1933 585 2148 623 prophanatis·
2166 588 2225 618 Dei
2241 599 2332 620 sans-

1327 628 1456 662 tuariis,
1473 629 1647 660 diruerunt
1662 632 1692 661 et
1714 632 1745 662 in
1762 633 1905 664 cinerem
1923 637 1953 665 et
1973 636 2121 668 favillam
2140 641 2334 678 redegerunt

1327 680 1496 718 ecclesias,
1520 683 1552 712 et
1574 683 1692 713 altaria
1707 685 1805 716 etiam
1824 688 2029 719 sutl'odcrunt
2048 708 2071 711 —
2089 715 2094 720 .
2119 693 2333 725 ⁴Xttendentes

1326 733 1424 763 etiam
1446 735 1534 773 quod
1561 736 1660 766 nichil
1685 739 1734 767 est
1755 739 1878 776 justius
1903 750 2003 778 quain
2028 744 2114 781 quod
2140 745 2172 775 in
2196 756 2233 776 eo
2258 749 2333 785 qnis-

1324 787 1493 824 puniatur,
1519 788 1552 818 in
1575 798 1640 827 quo
1666 791 1811 821 noscitur
1835 793 2027 831 deliquisse,
2051 796 2089 825 dc
2110 799 2248 828 consilio
2271 801 2330 829 t'ra-

1325 840 1410 868 trum
1431 842 1616 871 nostrorum
1638 843 1827 878 statuimus,
1846 845 1913 875 nisi
1932 847 2051 884 prefati
2071 849 2161 879 cives
2181 851 2221 880 ad
2240 860 2330 881 inan-

1324 891 1436 922 datum
1464 895 1613 924 nostruin
1640 904 1744 934 usque
1769 897 1808 926 ad
1833 899 1985 936 proximo
2010 902 2185 932 venturum
2211 904 2330 934 festum

1324 944 1572 984 Assumptionis
1600 947 1692 978 beate
1722 949 1870 987 Virginis
1897 953 2113 988 revertantur,
2141 965 2240 993 super
2267 957 2331 986 hiis

1322 1006 1381 1035 pro
1401 998 1524 1036 quibus
1544 1001 1821 1032 excommunicati
1842 1005 1919 1033 sunt
1941 1006 1971 1035 ct
1996 1005 2158 1037 interdicti
2182 1009 2329 1039 satisfac-

1322 1050 1446 1081 tionem
1474 1052 1657 1090 plenariam
1683 1054 1879 1092 impensuri,
1906 1066 1962 1086 eos
1989 1059 2168 1097 episcopali
2194 1061 2329 1096 bonore,

1322 1111 1386 1141 qno
1413 1113 1448 1134 se
1476 1105 1690 1137 reddiderunt
1719 1108 1884 1145 indignos,
1912 1112 1943 1139 et
1969 1112 2105 1142 ecclesie
2130 1114 2329 1145 cathedralis

1322 1157 1496 1187 canonicos
1520 1158 1690 1197 dignitate,
1716 1161 1743 1189 si
1770 1170 1869 1199 quam
1897 1162 2046 1197 habeant,
2074 1165 2114 1194 ab
2140 1167 2329 1204 Apostolica

1322 1209 1405 1239 Sede
1421 1210 1603 1248 privandos
1617 1230 1664 1241 ——.
1683 1214 1844 1248 Quocirca
1857 1215 2050 1246 fraternitati
2064 1219 2116 1247 tue
2131 1227 2150 1257 p
2165 1229 2188 1249 ·r
2200 1223 2327 1258 aposto—

1321 1262 1383 1291 lica
1413 1263 1535 1302 scripta
1563 1265 1710 1295 districte
1744 1267 1945 1306 precipimus
1975 1272 2137 1307 quatenus
2169 1275 2327 1303 statutum

1320 1314 1511 1353 hujusmodi
1531 1326 1594 1347 non
1613 1319 1746 1349 differas
1758 1320 1938 1358 publicare.
1955 1322 1995 1351 Et
2011 1323 2038 1352 si
2052 1326 2222 1354 memorati
2236 1326 2327 1356 cives

1284 1402 1285 1406 *
1319 1376 1424 1405 usque
1438 1369 1478 1398 att
1489 1372 1694 1408 pretaxatum
1707 1373 1884 1402 torminum
1900 1383 1964 1404 non
1978 1375 2145 1412 redierint,
2159 1378 2326 1416 tamquam

1318 1428 1376 1457 pre
1400 1422 1627 1459 magnitudine
1650 1425 1745 1463 culpe
1765 1425 1879 1455 divino
1898 1426 2024 1464 judicio
2049 1430 2227 1467 reprobati.
2253 1441 2325 1461 sen-

1318 1473 1437 1503 tentias
1450 1475 1594 1512 prolatas
1606 1477 1671 1506 tam
1688 1477 1719 1506 in
1734 1477 1823 1507 cix-es·
1836 1479 2000 1517 predictos
2014 1490 2113 1519 quam
2131 1483 2163 1512 in
2182 1483 2326 1514 fautores

1318 1534 1434 1556 eorum
1459 1527 1618 1558 innovare
1643 1538 1813 1568 procures,
1841 1533 2005 1571 totamque
2028 1536 2147 1564 terrani
2178 1536 2325 1574 ipscwum

1319 1579 1504 1610 arctissimo
1522 1590 1708 1620 supponere
1729 1584 1917 1619 interdicto:
1939 1585 1982 1614 ita
2002 1587 2089 1624 quod
2106 1590 2215 1626 preter
2233 1591 2324 1628 peni-

1285 1668 1286 1672 *
1316 1633 1437 1663 tentias
1462 1635 1689 1669 morientium,
1715 1639 1746 1667 et
1772 1637 1970 1675 baptismata
1994 1641 2209 1677 parvulorum
2235 1643 2326 1673 nulla

248 1672 379 1707 proximo
395 1674 548 1698 venturum
561 1672 666 1698 scstum
682 1673 893 1707 Assumptionis
910 1673 1008 1700 beatae
1023 1674 1148 1708 Virginis
1164 1683 1256 1701 rever·
1285 1674 1286 1678 ’

1318 1685 1365 1715 ibi
1384 1689 1591 1718 sacramenta
1612 1689 1834 1721 ecclesiastica
1852 1691 2073 1722 conserantur.
2096 1694 2249 1724 l'reterca
2270 1704 2326 1734 po-

1317 1739 1406 1777 pulis
1419 1740 1664 1779 circumpositis
1676 1743 1737 1772 sub
1750 1752 1832 1781 pena
1848 1746 2213 1780 excommunicationis,
2225 1757 2323 1786 qnam

1319 1791 1390 1830 ipso
1409 1793 1483 1831 jure
1508 1795 1748 1833 contemptores
1776 1797 1956 1830 incurrant,
1980 1798 2163 1829 districtius
2192 1800 2325 1831 interdi—

1317 1854 1383 1879 cas,
1404 1855 1443 1875 ne
1466 1847 1577 1885 aliqua
1599 1849 1796 1879 commercia
1820 1852 1993 1880 exerceant
2012 1860 2086 1881 cum
2108 1852 2246 1887 eisdem,
2272 1854 2324 1884 vel

1317 1899 1356 1929 ad
1377 1900 1591 1938 potestariam
1614 1903 1669 1931 aut
1687 1902 1821 1940 aliquod
1841 1903 1933 1933 aliud
1951 1904 2098 1934 osticium
2122 1914 2324 1944 quemquam

1315 1954 1488 1983 assumant
1510 1953 1548 1983 de
1566 1953 1699 1984 civitate
1720 1955 1865 1989 Lucana,
1890 1964 1949 1986 nec
1972 1957 2149 1995 quisquam
2176 1958 2323 1996 ipsorum

1315 2006 1547 2044 quodcumque
1565 2007 1713 2037 osticium
1736 2008 1871 2046 recipiat
1894 2009 1927 2038 in
1946 2010 2073 2039 eadem.
2096 2011 2224 2041 Statuta
2245 2019 2323 2049 quo-

1314 2067 1389 2096 que,
1407 2067 1469 2096 que
1485 2060 1630 2098 potestas
1647 2060 1779 2090 Lucana
1795 2061 1913 2099 suique
1926 2062 2088 2092 officiales
2103 2063 2276 2100 ediderint„
2291 2066 2322 2094 et

1313 2112 1494 2141 sententias
1518 2121 1600 2150 quas
1629 2113 1763 2143 tulerint
1782 2114 1925 2150 'indis-es,
1950 2123 1986 2144 ac
2012 2116 2231 2146 instrumenta
2257 2126 2320 2155 que

1314 2164 1487 2194 conficient
1506 2165 1702 2195 tabelliones
1721 2167 1795 2204 post
1810 2167 1988 2197 terminum
2008 2170 2228 2206 prenotatum,
2249 2169 2320 2199 nul-

1312 2217 1378 2246 lius
1393 2226 1465 2247 esse
1482 2218 1639 2247 momenti
1655 2219 1847 2249 auctoritate
1865 2222 1976 2249 nostra
1993 2221 2166 2256 decernas:
2185 2223 2320 2260 paratus

1313 2270 1551 2300 nichilominus
1566 2273 1703 2309 partem.
1722 2281 1819 2310 quam
1836 2272 1894 2302 tibi
1907 2274 1937 2303 et
1953 2273 2091 2304 ecclesie
2108 2274 2229 2304 Pisane
2246 2283 2319 2305 con-

1311 2323 1512 2353 cesserimus
1532 2324 1571 2353 de
1590 2325 1735 2363 predicta
1757 2325 1881 2355 diocesi
1900 2326 1983 2356 inter
2002 2327 2130 2357 vicinos
2147 2327 2320 2366 episcopos

1311 2376 1502 2412 dividenda,
1525 2385 1600 2406 cum
1624 2385 1641 2406 a
1663 2377 1758 2407 nobis
1777 2377 1881 2407 fueris
1904 2379 2094 2417 requisitus,
2115 2380 2258 2418 recipere
2282 2388 2319 2410 ac

1310 2485 1385 2515 Dat.
1411 2485 1578 2520 Laterani,
1595 2485 1625 2515 V
1643 2493 1749 2515 nonas
1767 2484 1855 2524 julii,
1878 2485 2091 2524 pontificatus
2110 2487 2212 2517 nostri
2231 2496 2317 2518 anno

1309 2539 1437 2576 quarto.
1462 2549 1476 2565 »

1374 2688 1446 2719 482
1891 2687 2007 2719 Lutran,
2025 2687 2145 2721 6jnillet
2164 2689 2240 2714 ¹230,

1341 2770 1443 2798 Abbati
1459 2772 1487 2797 et
1501 2769 1652 2797 couventui
1669 2770 1765 2796 Sancti
1783 2770 1926 2797 Anastasii
1943 2770 1977 2796 dc
1994 2769 2066 2797 Urbe
2081 2771 2233 2797 coufirmat
2250 2780 2313 2798 scn-

1305 2819 1427 2846 tentiam
1452 2827 1469 2845 a
1491 2817 1747 2854 illan-tholomaeo]⁷
1771 2818 1846 2844 tituli
1868 2818 1988 2845 Sanctae
2013 2818 2206 2845 l‘udcntinuae
2230 2827 2312 2853 pres-

1305 2868 1404 2902 bytero
1427 2867 1587 2900 cardinale,
1610 2866 1823 2901 promulgatam
1849 2866 1877 2893 iu
1898 2874 1985 2893 causa
2006 2874 2076 2901 quac
2099 2867 2174 2893 inter
2193 2867 2255 2894 illos
2276 2875 2310 2894 ex

1304 2924 1360 2942 una
1376 2918 1455 2950 parte
1470 2917 1497 2942 ct
1515 2915 1642 2950 priorem
1655 2917 1683 2941 ct
1699 2914 1858 2949 capitulum
1871 2914 1992 2941 Sanctae
2008 2914 2111 2942 Mariae
2125 2915 2159 2941 de
2173 2915 2310 2942 orlateno

1303 2972 1336 2991 ex
1356 2964 1459 2998 altera,
1475 2972 1562 2998 super
1580 2963 1764 2990 observandis
1785 2962 1936 2990 sententiis
1954 2963 2263 2990 excommunicationis
2280 2966 2309 2991 et
