2498 3242
147 268 205 298 453

215 353 288 383 730
728 346 812 379 hieu,
832 347 861 372 17
877 346 992 373 octobre
1009 347 1084 372 ¹231.

183 435 321 469 Episcopo
336 433 490 467 Spoletnno
501 431 549 466 jus
561 430 723 464 episcopale
741 430 767 456 in
785 430 905 456 ecclesia
921 430 1040 456 Sanctae
1053 429 1156 455 Mariae

145 483 181 510 de
204 483 304 510 Silian.
321 481 477 516 adjudicat.
493 494 529 500 —
545 480 625 511 [Bne.
645 479 688 510 15,
707 479 725 505 f.
748 480 794 505 131)
817 483 855 507 r⁰;
874 486 941 504 ann.
960 478 991 509 V,
1009 486 1033 503 c.
1055 478 1125 509 142.)

189 585 204 601 «
231 573 407 612 ..episcopo
425 570 602 611 spoletano.
624 571 760 601 Dudum
776 570 848 605 tibi,
873 570 974 600 frater
992 569 1157 608 episcope,

147 635 185 657 ac
202 650 222 657 ..
243 626 390 657 scindico
410 625 643 655 Lateranensis
658 624 806 657 ecclesie,
825 632 882 661 pro
905 623 1076 662 questione
1096 630 1158 660 que

148 679 236 710 inter
256 680 300 714 te,
321 687 361 708 ex
385 679 478 716 parte
503 686 580 711 una,
605 678 635 706 et
656 676 793 706 dilectos
817 676 904 706 tilios
922 699 940 705 ..
965 675 1107 714 priorem
1129 675 1159 704 et

148 732 326 763 canonicos
343 731 596 765 Lateranenses,
614 739 714 768 super
725 729 798 768 jure
814 729 994 768 episcopali
1012 729 1043 758 in
1059 728 1159 758 eccle-

149 784 199 815 sia
219 785 339 815 Sancte
361 783 466 814 Marie
486 783 526 813 de
549 783 680 817 Silian.‚
703 791 744 812 ex
764 782 878 816 altera,
903 781 1102 815 vertebatur,
1127 781 1159 811 in

151 838 262 868 nostra
287 837 454 876 presentia
476 836 676 870 constitutis,
697 835 852 865 dilectum
879 835 983 864 tilium
1011 835 1160 864 nostrum

150 889 197 924 S.‚
216 890 303 920 tituli
319 889 432 920 Sancti
446 888 615 919 Laurentii
631 888 663 918 in
680 888 806 917 Lucina
822 887 1040 926 presbiterum
1057 887 1162 917 cardi-

151 943 272 978 nalem,
295 942 449 972 dedimus
469 941 669 976 auditorem;
689 941 757 979 qui,
781 941 853 970 visa
873 940 1035 970 sententia
1054 939 1160 969 felicis

150 995 389 1027 recordationis
412 995 436 1025 I.
449 1002 545 1034 pape,
557 993 800 1032 predecessoris
811 993 925 1026 nostri,
939 1001 1038 1031 super
1050 992 1161 1031 hujus-

150 1049 241 1080 modi
258 1049 430 1087 questione
446 1047 584 1086 prolata,
601 1048 631 1076 et
649 1046 772 1077 auditis
790 1046 887 1075 etiam
907 1046 1008 1084 partis
1031 1044 1162 1075 rationi-

151 1102 216 1133 bus
242 1101 430 1139 utriusque,
454 1107 646 1138 processum
674 1098 795 1137 negotii
823 1098 918 1127 nobis
945 1099 976 1127 et
1003 1097 1162 1127 fratribus

153 1154 278 1185 nostris
291 1153 596 1191 retulitdiligenter.
605 1152 674 1181 Nos
685 1151 795 1189 igitur,
807 1159 865 1189 per
878 1151 1079 1180 cardinalem
1090 1158 1161 1189 pre-

152 1207 257 1238 fatum
273 1215 372 1237 cause
385 1205 512 1236 meritis
527 1205 660 1244 plenius
677 1204 864 1237 intellectis,
879 1204 918 1233 de
936 1203 1073 1233 fratrum
1091 1212 1164 1233 nos-

152 1261 279 1290 trorum
297 1258 437 1289 consilio
454 1257 516 1288 tibi
530 1257 587 1296 jus
604 1257 790 1295 episcopale
808 1256 1038 1293 adjudicamus
1062 1256 1095 1285 in
1113 1264 1162 1285 ec-

152 1312 255 1344 clesia
279 1312 469 1345 memorata,
499 1309 683 1348 predictum
713 1309 898 1339 scindicum
928 1309 1001 1343 tibi,
1031 1309 1163 1338 nomine

151 1365 260 1405 ipsius
283 1364 419 1394 ecclesie
445 1362 483 1392 de
508 1362 640 1398 Silian.,
665 1370 766 1400 super
788 1361 902 1391 eodem
926 1361 1165 1391 sententialiter

151 1417 442 1456 condempnantes.
459 1414 554 1445 Nulli
568 1423 646 1453 ergo
662 1415 722 1444 etc.
740 1414 775 1445 Si
789 1414 866 1452 quis
881 1415 991 1443 autem
1009 1415 1068 1443 etc.
1089 1414 1163 1444 Dat.

150 1470 264 1505 Reate,
294 1469 376 1500 XVI
401 1468 562 1499 kalendas
589 1467 792 1502 novembris,
822 1467 1034 1506 pontificatus
1062 1467 1166 1496 nostri

152 1531 239 1554 anno
259 1523 385 1562 quinto.
412 1534 426 1549 n

224 1686 293 1717 731
735 1682 820 1714 ltieti,
836 1682 868 1709 15
885 1682 999 1708 octobre
1018 1683 1093 1709 123¹.

193 1769 414 1803 Archiepiscopo
426 1768 541 1800 Pisano,
553 1767 695 1802 episeopis
707 1769 735 1793 et
745 1767 811 1794 aliis
825 1767 1014 1794 ecclesiarum
1032 1766 1168 1801 praelatis

159 1825 208 1852 per
227 1817 361 1844 Tusciam
378 1817 555 1849 constitutis,
573 1816 693 1842 mandat
706 1817 858 1850 quatenus,
875 1823 943 1842 cum
959 1815 1088 1850 plerique
1106 1815 1172 1842 reli-

159 1866 230 1900 giosi
247 1865 458 1900 indulgentiam
471 1865 641 1900 quamdam,
658 1873 729 1899 quac
744 1864 845 1899 incipit
860 1871 865 1890 1
882 1865 941 1891 Non
956 1864 1055 1899 absque
1069 1864 1169 1896 dolore,

156 1914 272 1941 solitam
296 1916 410 1940 tantum
433 1913 633 1941 Cisterciensis
655 1915 684 1939 et
706 1913 850 1940 Florensis
872 1913 1006 1940 ordinum
1028 1912 1169 1946 professo-

158 1962 248 1994 ribus,
265 1964 294 1990 et
309 1962 482 1996 Templariis
503 1964 532 1989 et
548 1961 749 1996 Hospitalariis
767 1963 796 1988 et
817 1962 937 1988 Sanctae
955 1961 1060 1987 Mariae
1082 1960 1171 1987 Theu-

158 2010 322 2037 tonicorum
345 2009 482 2036 fratribus
504 2009 633 2040 concedi,
656 2011 716 2035 tam
740 2009 774 2035 ab
796 2009 828 2036 11.
852 2016 926 2043 papa
943 2016 1030 2042 quam
1052 2008 1088 2034 ab
1110 2007 1170 2042 ipso

157 2057 290 2093 Gregorio
308 2057 509 2088 extorsissent,
525 2063 574 2090 per
594 2063 682 2090 quam
701 2055 882 2082 decimarum
903 2055 1116 2089 exemptionem
1136 2054 1170 2081 de

158 2106 386 2141 possessionibus
402 2105 510 2131 habitis
527 2106 593 2130 ante
614 2103 770 2131 concilium
791 2103 936 2138 generale,
959 2111 1030 2137 quus
1048 2103 1170 2137 propriis

159 2154 294 2181 manibus
316 2156 366 2180 aut
388 2153 553 2188 sumptibus
575 2153 753 2184 excolebant,
774 2152 828 2179 sibi
853 2151 998 2179 vindicare
1021 2152 1170 2179 contende·

158 2203 236 2237 bant,
263 2203 462 2237 indulgentiae
477 2201 656 2237 hujusmodi,
685 2201 777 2236 quoad
805 2201 962 2228 articulum
978 2200 1170 2232 decimarum,

161 2251 288 2278 minime
304 2251 447 2278 deferant.
465 2264 499 2270 —
514 2251 593 2285 (aaa.
612 2251 656 2281 15,
673 2250 694 2277 f.
711 2250 762 2277 130
778 2253 819 2283 r⁰;
836 2257 904 2276 ann.
923 2249 954 2282 V,
972 2257 997 2276 c.
1018 2250 1089 2282 ¹45.)

200 2357 215 2373 u
242 2369 262 2375 ..
282 2345 509 2384 archiepiscopo
532 2344 658 2378 Pisano,
680 2343 827 2383 episcopis
847 2348 874 2372 et
896 2342 964 2372 aliis
982 2342 1173 2372 ecclesiarum

160 2398 289 2439 prelatis
305 2407 364 2438 per·
387 2397 525 2427 Tusciam
545 2397 727 2426 constitutis.
746 2396 978 2426 Intelleximus
998 2395 1086 2434 quod
1104 2395 1172 2434 ple-

165 2452 258 2491 rique
271 2468 320 2481 -.
334 2451 409 2482 Dat.
422 2451 537 2485 Reate,
551 2450 663 2480 idibus
674 2449 831 2484 octobris,
843 2448 1056 2488 pontificatus
1069 2448 1175 2479 nostri

165 2513 251 2535 anno
270 2504 396 2544 quinto.
423 2515 437 2531 »

233 2670 307 2701 732
762 2667 846 2701 Rieu,
864 2670 879 2694 7
894 2668 1009 2695 octobre
1025 2667 1104 2695 1231.

200 2753 369 2779 Zamorensi
385 2752 532 2786 episcopo,
547 2754 575 2778 ct
590 2752 624 2778 de
645 2751 753 2778 Peleius
772 2751 916 2785 (=Peleas
933 2751 967 2778 de
983 2751 1109 2786 Arriba),
1127 2753 1176 2778 Za-

169 2801 322 2833 morensis,
339 2802 367 2827 et
382 2800 479 2827 Sancti
504 2800 644 2827 Johannis
669 2800 703 2827 de
722 2800 848 2827 Tauraca
865 2800 1061 2834 (zrarouca),
1081 2801 1179 2827 Lame-

169 2849 264 2876 censis
281 2848 468 2880 dioecesium,
488 2848 651 2882 abbatibus,
669 2848 790 2875 mandat
823 2850 964 2883 quatenus
994 2851 1130 2875 moncnut
1150 2851 1179 2875 et

171 2897 308 2925 inducunt
340 2897 503 2929 Sancfium,
527 2896 707 2931 Portugnliae
730 2904 841 2931 regem,
865 2898 895 2923 ut
916 2904 933 2924 a
961 2897 1178 2932 gravaminibus

171 2945 360 2974 ecelesiarum
381 2947 409 2973 et
427 2945 598 2972 clericorum
615 2945 650 2972 de
665 2947 759 2972 cetero
777 2945 992 2980 conquiescens,
1009 2946 1137 2973 ecclesiis
1150 2949 1179 2973 et

948 255 1196 299 CINQUIEME
1221 256 1388 293 ANNE‘E.

2163 267 2223 295 454

1217 345 1346 379 personis
1362 344 1575 377 ecclesiasticis,
1586 345 1735 379 praecipue
1752 345 1948 372 l'lixboneusis
1964 346 2111 378 dioecesis,
2125 347 2226 373 omnia

1218 394 1351 421 restituat
1368 393 1472 427 quibus
1485 393 1638 427 peripsum
1656 395 1680 418 cl
1695 401 1759 419 suos
1777 393 1883 420 suerint
1896 394 2032 420 hactenus
2050 395 2174 428 spoliati.
2194 393 2240 414 -’

1217 443 1300 477 (ileo.
1319 443 1361 475 15,
1379 441 1396 469 f.
1415 442 1464 468 130
1482 449 1522 475 vo,
1541 449 1608 467 nnn.
1626 442 1657 472 V,
1676 449 1700 467 c.
1720 442 2105 475 1403-1’01·r112.<r8817.)

1258 543 1273 558 «
1300 555 1320 560 ..
1347 531 1526 560 Zamareni-z*
1549 531 1698 570 epist-opo,
1724 537 1751 560 cc
1771 555 1791 561 ..
1813 532 1848 561 (lc
1883 533 1998 562 Peleius
2023 539 2049 561 vl
2075 557 2094 563 ..
2118 535 2226 563 Sanc-ei

1216 584 1363 614 joliannis
1378 584 1414 613 de
1439 583 1589 618 Tmo-arn,
1612 584 1817 613 cisterciensis
1833 585 1958 619 ordinis,
1980 585 2148 620 abhatibus,
2172 587 2226 616 La-

1218 637 1359 666 mecensis
1372 642 1400 666 et
1418 636 1612 665 ZamorensIs
1624 637 1796 666 «lim-esim.
1812 638 2023 667 Venerabilis
2040 639 2138 669 frater
2153 649 2225 670 nos-

1218 691 1267 721 ter
1284 707 1334 720 —.
1356 690 1431 719 Dat.
1457 690 1568 720 Reate.
1595 690 1691 719 nonis
1712 690 1866 725 octobris,
1894 691 2102 728 pontificatusv
2126 692 2227 721 nostri

1219 751 1306 773 anno
1322 742 1449 782 quinto.
1477 754 1491 769 n

1291 891 1363 922 733
1801 890 1886 923 Rieti,
1901 892 1934 916 20
1949 892 2064 917 octobre
2082 891 2159 919 1231.

1256 975 1430 1001 Astoricensi
1446 976 1474 1001 et
1492 974 1609 1001 Lucensi
1628 974 1779 1008 episcopis,
1795 976 1823 1000 ct
1839 974 1946 1001 decano
1963 975 2094 1007 Lucensi,
2113 975 2232 1001 maudut

1220 1025 1360 1057 quatenus
1376 1031 1474 1058 regem
1492 1023 1672 1057 l'ortugaliac
1687 1025 1714 1049 ct
1728 1023 1788 1058 ejus
1805 1023 1942 1050 officiales
1957 1026 2057 1057 cogant
2078 1026 2106 1049 111
2121 1032 2137 1049 a
2154 1032 2234 1050 vexa-

1220 1072 1296 1098 tione
1314 1071 1513 1098 Ulixbonensis
1525 1072 1661 1098 ecclesiae
1675 1075 1702 1098 ct
1718 1072 1888 1098 clericorum
1902 1075 2024 1098 cessent,
2044 1087 2075 1091 —
2092 1073 2173 1106 (um.
2193 1073 2234 1104 115,

1222 1120 1241 1146 f.
1259 1120 1309 1147 rllil.
1327 1128 1366 1153 ro,
1384 1128 1451 1147 aun.
1475 1120 1505 1152 V,
1522 1127 1546 1146 c.
1568 1121 1630 1152 147;
1652 1135 1680 1139 —
1699 1120 1814 1147 Monuit*
1840 1121 1913 1153 1187,
1937 1120 1956 1148 f.
1977 1121 2039 1150 1243:
2064 1136 2097 1139 —
2114 1120 2150 1147 cs.
2171 1121 2236 1146 l'or-

1221 1176 1307 1195 ·rnasr
1322 1168 1413 1203 9673.)

1262 1259 1277 1274 «
1303 1271 1324 1278 ..
1341 1247 1525 1276 Asioi-[censi
1549 1252 1576 1276 et
1601 1271 1618 1277 ..
1641 1247 1769 1276 Lucensi
1789 1247 1946 1286 episcopis,
1964 1252 1990 1276 et
2010 1270 2028 1276 ..
2045 1247 2156 1276 (lucano
2176 1247 2235 1276 Lu-

1224 1300 1314 1329 censi.
1340 1301 1391 1330 Ex
1417 1300 1552 1339 speciali
1582 1308 1681 1338 quem
1707 1309 1784 1337 erga
1808 1300 2019 1330 carissimum
2044 1300 2076 1330 in
2103 1300 2236 1331 Christo

1225 1352 1332 1382 tilium
1351 1354 1499 1382 nostrum
1521 1376 1540 1382 ..
1562 1352 1725 1382 illustrem
1745 1361 1854 1389 regem
1874 1352 2065 1390 Portugalie
2087 1353 2235 1390 gerimus

1225 1405 1371 1435 caritatis
1387 1406 1515 1439 affectu,
1533 1405 1639 1443 ipsius
1656 1405 1689 1434 in
1704 1405 1802 1434 annis
1817 1405 1924 1435 adhuc
1940 1405 2128 1435 minoribus
2144 1413 2239 1435 cons-

1224 1458 1313 1488 tituti
1334 1458 1481 1487 zelamur
1498 1458 1671 1495 diligentia
1694 1459 1829 1496 paterna
1853 1458 2006 1493 salutem,
2033 1460 2184 1497 optantes
2201 1459 2237 1488 ut

1227 1510 1447 1541 adolescentie
1471 1519 1530 1540 sue
1556 1511 1722 1549 primitias
1745 1519 1903 1541 exercens
1932 1511 1964 1540 in
1990 1511 2239 1542 tunoredivini

1228 1563 1375 1594 nominis
1396 1565 1428 1594 et
1453 1572 1574 1597 amore,
1595 1564 1635 1593 ad
1659 1572 1735 1593 eum
1752 1563 1907 1593 intuitum
1930 1573 2027 1593 suum
2047 1564 2163 1601 elevet,
2182 1565 2241 1603 qui

1228 1617 1321 1647 solus
1337 1616 1527 1646 dominatur
1542 1616 1576 1646 in
1596 1625 1696 1653 regno
1713 1616 1898 1650 hominnm,
1919 1617 2088 1655 deponens
2105 1617 2145 1647 de
2165 1617 2241 1647 sede

1228 1671 1378 1709 potentes
1400 1671 1432 1699 et
1447 1669 1577 1708 erigens
1600 1669 1744 1699 humiles
1765 1669 1799 1699 in
1819 1669 1967 1703 sublimi,
1988 1671 2150 1708 quatenus
2169 1670 2242 1708 post

1229 1723 1394 1762 presentis
1410 1723 1477 1752 vite
1494 1722 1719 1752 necessarium
1735 1722 1873 1756 exitum.
1894 1722 1933 1752 de
1950 1731 2051 1759 regno
2068 1722 2242 1761 temporali

1230 1776 1376 1806 transeat
1396 1775 1535 1806 feliciter
1558 1776 1596 1805 ad
1622 1776 1784 1805 eternum.
1809 1775 1895 1806 Sane
1919 1775 2121 1805 venerabilis
2144 1775 2245 1806 frater

1232 1830 1343 1860 noster
1363 1852 1382 1858 ..
1401 1828 1642 1859 Ulixbonensis
1665 1828 1841 1867 episcopus
1862 1828 1897 1858 in
1916 1830 2029 1858 nostra
2053 1830 2084 1858 et
2106 1829 2244 1859 fratrum

1231 1883 1420 1912 nostrorum
1436 1882 1602 1921 presentia
1618 1882 1791 1921 proposuit
1804 1883 2037 1920 conquerendo
2053 1883 2153 1921 qnod,
2172 1892 2242 1922 pre-

1230 1937 1322 1966 textu
1349 1935 1522 1974 cujusdam
1544 1944 1646 1974 prave
1670 1936 1916 1966 constitutionis
1939 1936 1991 1966 vel
2017 1936 2243 1966 destitutionis

1232 1989 1357 2023 verius,
1381 1997 1481 2027 quam
1508 1997 1654 2027 proavus
1677 1989 1764 2027 regis
1788 1989 1937 2027 ejusdem
1964 1989 2082 2019 fecisse
2111 1990 2244 2024 dicitur,

1232 2042 1386 2072 videlicet
1401 2043 1435 2071 111
1447 2041 1568 2071 mulier
1580 2050 1654 2071 eum
1667 2050 1732 2080 qua
1745 2042 1914 2071 invenitur
1927 2042 2068 2072 clericus
2082 2043 2244 2080 capiatur,

1232 2095 1292 2125 hac
1311 2094 1482 2124 occasione
1501 2102 1577 2132 sepe
1595 2087 1756 2124 officiales
1781 2094 1887 2132 ipsius
1906 2095 1994 2132 regis
2013 2096 2110 2124 noctu
2128 2095 2245 2125 domos

1231 2148 1427 2178 clericorum
1450 2147 1646 2185 infringunt,
1666 2148 1695 2176 et
1718 2147 1788 2176 sive
1807 2147 1977 2177 inveniant
1996 2147 2154 2177 mulieres
2172 2147 2244 2177 sive

1233 2209 1299 2230 non
1319 2208 1395 2230 cum
1411 2200 1550 2234 eisdem,
1570 2199 1660 2238 ipsos
1682 2199 1844 2229 infamant
1863 2201 1893 2229 et
1909 2200 1994 2230 hona
2011 2200 2173 2238 diripiunt
2193 2209 2249 2230 eo-

1233 2253 1389 2285 rundem3
1406 2254 1538 2291 propter
1555 2253 1643 2290 quod
1660 2252 1812 2282 nonnulli
1828 2261 1869 2282 ex
1885 2252 2026 2287 clericis,
2042 2253 2144 2283 coacti
2161 2253 2245 2283 redi·

1233 2315 1322 2336 mere
1354 2306 1564 2336 vexationem
1595 2305 1798 2343 hujusmodi,
1827 2305 1969 2335 maxime
2004 2314 2043 2335 ne
2071 2306 2156 2335 fame
2187 2314 2245 2335 sue

1234 2360 1467 2390 detrimentum
1498 2358 1681 2393 incurrant,
1712 2360 1799 2388 certa
1828 2358 1951 2388 tributa
1975 2360 2122 2397 prestant
2150 2359 2247 2389 dictis

1235 2412 1436 2444 officialibus
1456 2411 1641 2445 annuatim,
1667 2411 1699 2440 in
1723 2420 1858 2449 gravem
1881 2411 2097 2441 ecclesiastici
2120 2412 2248 2442 ordinis

1236 2465 1393 2504 injuriam
1415 2465 1634 2503 etjacturam.
1659 2465 1694 2495 Si
1713 2464 1846 2502 quando
1866 2473 1943 2494 vero
1965 2465 2051 2494 idem
2073 2465 2249 2504 episcopus

1236 2519 1267 2549 et
1282 2517 1506 2549 archidiaconi
1523 2517 1575 2547 sui
1591 2517 1773 2556 procedunt
1788 2518 1902 2547 eontra
1918 2517 2073 2547 clericum
2092 2518 2250 2556 aliquem,

1235 2571 1405 2611 puniendo
1423 2571 1614 2609 eum-juxta
1631 2571 1719 2609 quod
1741 2579 1899 2600 excessus
1916 2571 1988 2609 ejus
2003 2571 2162 2609 exposcit,
2180 2579 2251 2609 pre-

1238 2624 1429 2655 nominatus
1445 2631 1514 2658 rex,
1539 2623 1596 2653 illo
1613 2623 1654 2653 ad
1675 2631 1710 2654 se
1727 2623 1867 2652 habente
1885 2631 2067 2656 recursum,
2086 2631 2142 2661 per
2159 2631 2251 2653 occu-

1237 2677 1404 2716 pationem
1426 2676 1728 2706 ecclesiasticorum
1752 2675 1914 2705 bonorum
1937 2675 2105 2714 compellit
2127 2675 2251 2714 episco-

1237 2738 1317 2769 pum
1329 2731 1360 2759 et
1373 2729 1625 2760 archidiaconos
1638 2730 1672 2758 ut
1686 2729 1796 2767 ipsum
1812 2728 1998 2762 restituant,
2014 2730 2070 2758 aut
2084 2737 2159 2758 eum
2176 2728 2254 2758 facit

1238 2791 1296 2822 per
1306 2791 1404 2813 suum
1417 2782 1598 2822 portarium
1614 2782 1782 2818 integrari,
1795 2783 1927 2820 propter
1938 2781 2024 2819 quod
2034 2781 2254 2819 plurimorum

1240 2844 1398 2867 excessus
1422 2836 1593 2866 remanent
1616 2835 1802 2864 incorrecti.
1824 2834 1874 2864 Ad
1897 2834 1955 2864 hec
1974 2833 2201 2872 episcopatum
2224 2834 2256 2863 et

1239 2889 1326 2920 bona
1349 2889 1486 2928 Majoris
1504 2887 1651 2918 Ecclesie
1674 2888 1705 2917 et
1731 2887 1946 2917 ecclesiarum
1970 2887 2180 2925 episcopatus
2203 2889 2256 2919 sui

1243 2942 1437 2973 auctoritate
1463 2941 1599 2980 propria
1624 2940 1817 2970 multotiens
1841 2941 1988 2978 occupat,
2016 2940 2147 2977 sumpta
2167 2947 2259 2969 occa-
