2498 3242
123 322 195 353 1021
973 316 1190 356 HUITIEME
1211 318 1371 356 ANNEE.
2150 334 2225 365 1022

120 392 243 419 mento.
275 388 359 419 Cum
386 393 496 419 autem
532 390 572 420 ad
606 390 752 421 officium
788 395 938 421 nostrum
968 391 1133 430 pertineat

121 440 249 471 solvere
261 441 493 479 obligationes,
510 443 625 474 noxias
638 447 669 474 et
681 443 858 474 fasciculos
872 444 1095 482 deprimentes
1109 444 1128 479 ¹,

120 502 196 529 nos,
215 503 315 532 super
337 494 399 524 hoc
421 499 558 533 paterna
578 496 750 535 cupientes
776 496 1003 527 sollicitudine
1022 496 1132 535 provi-

119 545 209 581 dere,
223 546 407 576 venerabili
424 547 520 577 fratri
541 553 652 579 nostro
671 572 690 578 ..
710 549 946 580 Cantuariensi
966 549 1132 588 archiepi-

120 607 218 636 scopo
238 599 360 629 nostris
381 600 498 630 damus
512 600 634 631 litteris
648 601 682 630 in
700 601 864 631 mandatis
882 606 929 636 ut,
947 602 975 631 si
994 601 1132 631 invene-

121 651 165 681 rit
189 651 236 682 ita
258 661 342 687 esse,
369 653 542 684 serenitati
568 658 633 687 tue,
658 654 853 684 auctoritate
880 659 991 684 nostra
1013 655 1130 688 fretus,

121 704 276 743 injungat
293 709 338 740 ut,
356 706 511 744 primum,
532 715 597 736 non
614 706 765 736 obstante
785 707 945 741 secundo,
960 707 1133 746 juramen-

122 761 193 787 tum
210 757 407 793 observans,
435 768 498 797 que
521 759 555 788 in
581 759 829 796 derogationem
850 760 970 798 prioris
990 769 1008 789 a
1033 763 1062 789 te
1085 759 1132 789 sic

122 810 267 840 alienata
287 814 485 846 noscuntur,
503 820 657 841 revocare
682 821 853 850 procures,
875 812 968 851 quia,
987 821 1061 842 cum
1083 816 1132 841 te-

122 863 233 893 nearis
254 868 283 893 et
301 864 335 893 in
361 864 573 894 coronatione
592 868 621 895 te
638 865 785 903 predicta
797 865 963 904 juraveris
982 868 1132 895 servatu-

121 925 207 952 rum,
226 916 382 946 illicitum
400 917 505 947 fuisse
522 922 651 947 constat
663 917 890 956 juramentum
907 918 995 956 quod
1010 917 1049 947 de
1066 926 1132 947 non

120 969 316 999 revocandis
334 970 458 1000 eisdem
482 970 744 1000 alienationibus
761 975 873 1008 postea
890 970 1082 1008 prestitisti,
1101 974 1132 999 et

118 1027 292 1062 propterea
306 1032 369 1053 uon
384 1024 595 1053 servandum.
609 1025 682 1053 Dat.
698 1024 864 1059 Laterani,
879 1025 946 1054 IIII
958 1024 1033 1054 idus
1047 1024 1131 1062 apri-

118 1075 172 1111 lis,
194 1085 280 1106 anno
299 1080 423 1106 octavo.
447 1089 459 1103 n

155 1199 258 1224 1861).
284 1210 316 1216 —
340 1195 371 1222 In
393 1195 515 1222 eundem
538 1196 598 1222 fere
618 1195 734 1222 modum
756 1195 896 1231 scriptum
912 1199 957 1222 est
973 1204 1061 1231 super
1078 1196 1131 1222 hoc

114 1245 203 1272 eidem
219 1245 429 1279 archiepiscopo.

192 1418 311 1446 ¹820

152 1480 315 1508 Conventui
341 1488 474 1507 sororum
501 1480 678 1507 inclusarum
701 1480 736 1506 de
762 1479 879 1515 Burgis,
904 1481 1014 1507 ordinis
1036 1482 1129 1508 sancti

117 1529 267 1562 Damiani,
286 1533 385 1556 notum
408 1529 474 1556 facit
493 1537 525 1556 se
546 1529 588 1555 eis
604 1529 772 1564 petentibus
788 1529 915 1563 reguiam
933 1530 1130 1557 transmittere

118 1583 147 1605 et
171 1578 341 1613 episcopum
366 1577 550 1612 Burgensem
572 1586 691 1612 rogasse
709 1581 740 1605 ut
757 1578 800 1604 eis
819 1578 927 1604 faceret
947 1578 983 1604 de
1007 1586 1130 1613 persona

118 1627 221 1654 idonea
238 1636 289 1662 per
304 1627 475 1653 electionem
493 1627 662 1653 canonicam
679 1627 706 1652 in
725 1626 899 1653 abbatissam
922 1627 1075 1661 provideri.
1095 1641 1133 1648 —

117 1675 201 1709 (Rae.
221 1676 262 1708 17,
280 1676 299 1719 f..
319 1676 368 1702 174
385 1681 426 1707 r⁰;
443 1683 510 1702 ann.
530 1673 613 1707 VIII,
631 1683 656 1702 c.
673 1674 724 1706 29;
744 1690 773 1694 -
794 1674 940 1702 Pomntsr
955 1675 1046 1710 9444)

712 1418 824 1449 Latran,
845 1419 875 1446 13
891 1419 961 1445 avril
980 1419 1056 1446 1234.

160 1789 173 1804 α
206 1777 377 1808 Conventui
407 1786 549 1806 sororum
572 1777 769 1806 inclusarum
795 1777 828 1806 de
859 1778 984 1815 Buryis‚
1011 1778 1132 1807 ordinis

116 1831 218 1860 sancti
233 1831 393 1859 Damiani.
411 1829 472 1860 Ille
489 1829 706 1860 dulcissimus
720 1829 859 1868 spiritus
876 1848 925 1859 —.
941 1831 1015 1860 Dat.
1033 1831 1131 1861 Late-

116 1882 203 1918 rani,
221 1882 332 1913 idibus
352 1882 480 1921 aprilis,
498 1891 586 1913 anno
601 1886 727 1912 octavo.
745 1894 758 1909 n

192 2060 304 2088 ¹821
710 2059 824 2093 Latran,
846 2060 876 2087 13
891 2061 960 2087 avril
978 2060 1057 2089 1234.

151 2121 297 2157 Episcopo
318 2121 469 2148 Parmensi
491 2121 606 2148 mandat
628 2125 772 2156 quatenus
795 2121 969 2156 quibusdam
989 2122 1130 2150 militibus

117 2170 327 2197 Pal-mensibus
346 2170 406 2204 qui,
430 2170 557 2196 vanitate
578 2170 686 2197 saeculi
706 2170 814 2203 relicta,
837 2171 985 2205 elegerant
1005 2170 1129 2198 Domino

116 2218 260 2250 famulari,
271 2217 305 2244 ad
318 2218 524 2245 exterminium
537 2218 699 2245 haereticae
710 2219 859 2253 pravitatis
872 2222 900 2246 et
915 2218 1128 2246 observantiam

111 2266 246 2302 Justitiae
257 2288 263 2299 ,
281 2274 335 2293 nec
351 2274 407 2293 non
423 2265 458 2292 ad
474 2265 674 2293 defensionem
688 2266 903 2294 ecclesiasticae
919 2267 1061 2294 libertatis
1077 2275 1130 2294 sua

114 2315 260 2342 desideria
278 2314 428 2350 erigendo,
447 2322 479 2341 se
496 2314 680 2341 favorabilem
697 2315 841 2347 exhibeat,
859 2318 890 2342 ut
905 2315 1060 2343 salubriter
1075 2324 1131 2343 ex-

113 2364 199 2399 sequi
221 2364 335 2391 valeant
354 2363 448 2399 quod,
471 2363 630 2398 inspirante
650 2362 727 2396 Deo,
745 2367 955 2399 eonceperant3
973 2364 1009 2391 de
1029 2372 1130 2391 eorum

116 2414 172 2440 vita
193 2416 222 2440 et
245 2412 394 2448 proposito
415 2412 510 2447 ipsum
531 2421 633 2447 papam
649 2413 801 2439 certiorem
819 2413 912 2440 faciat.
930 2428 964 2433 -
983 2412 1066 2446 (Rae.
1088 2413 1129 2446 17,

114 2462 134 2489 ἰ.
153 2461 202 2488 17⁴
219 2468 263 2493 r⁰;
281 2470 349 2488 ann.
368 2459 448 2493 VIII,
465 2468 490 2488 c.
509 2460 564 2494 30.)

158 2576 171 2589 (t
191 2586 210 2592 ..
228 2565 362 2601 episeopo
378 2563 552 2592 Parmensi.
574 2561 702 2592 Gaudet
720 2571 841 2600 sponsa
861 2562 890 2592 si
905 2580 954 2591 —.
972 2563 1046 2592 Dat.
1067 2563 1130 2593 La-

115 2616 235 2652 terani,
253 2616 365 2646 idibus
382 2614 512 2654 aprilis,
533 2623 620 2644 anno
636 2619 761 2645 octavo.
782 2628 794 2641 n

191 2800 305 2829 ¹822
706 2799 820 2832 Latran,
836 2800 870 2827 24
886 2808 964 2828 mars
980 2800 1058 2829 1234.

151 2861 259 2888 Abbati
271 2861 370 2889 Sancti
381 2861 516 2897 Dionysii
527 2861 685 2888 Remensis
702 2865 801 2888 notum
817 2862 885 2889 facit
900 2870 932 2889 se
947 2862 1079 2890 inhibere
1095 2871 1131 2891 ne

148 2989 234 3020 1.1s.,
249 2989 348 3018 Lvm,
364 2989 388 3013 6.

1213 391 1279 426 quis
1295 391 1323 418 in
1339 401 1405 419 eum
1422 401 1471 427 per
1487 393 1596 420 litteras
1612 395 1785 428 apostolicas
1803 404 1858 422 non
1873 396 2012 424 facientes
2029 398 2063 424 de
2081 401 2225 434 praesenti

1214 440 1385 467 inhibitione
1409 442 1594 475 mentionem,
1621 444 1825 478 suspensionis
1850 446 1892 471 vel
1916 449 2224 476 excommunicationis

1214 490 1385 516 sententiam
1408 491 1581 525 promulget,
1606 492 1808 526 praesentibus
1830 493 1902 520 ultra
1921 495 2151 529 quinquennium
2172 498 2226 524 mi-

1216 537 1291 564 nime
1310 538 1448 565 valituris.
1465 539 1598 572 —(1t÷;0.
1618 541 1658 572 17,
1676 541 1694 567 l'.
1716 541 1762 568 174
1781 548 1821 573 r⁰;
1835 551 1902 569 ann.
1922 542 2001 575 VIII,
2019 552 2044 571 c.
2062 546 2118 578 31.)

1257 651 1269 665 «
1291 662 1309 667 ..
1330 640 1432 669 abbati
1445 641 1553 670 Sancti
1569 642 1702 671 Dionisii
1718 644 1880 672 Remensis.
1900 644 1938 673 Et
1955 648 2009 674 tua
2023 646 2159 683 supplex
2172 664 2221 676 —.

1216 692 1287 721 Dat.
1308 692 1478 728 Laterani,
1497 694 1596 724 VIIII
1614 694 1774 725 kalendas
1799 695 1932 733 aprilis,
1954 706 2041 727 anno
2063 703 2188 730 octavo.
2209 712 2222 726 »

1288 864 1403 892 1823

1250 924 1377 958 Hugoni,
1395 927 1533 959 magistro
1551 927 1715 954 scholarum
1734 928 1853 963 Majoris
1870 929 2032 963 Ecclesiae,
2051 936 2079 958 et
2094 932 2223 965 chisio,

1215 973 1394 1007 presbytero,
1406 975 1545 1001 canonico
1558 975 1680 1002 Sanctae
1694 976 1798 1003 Mariae
1813 977 1887 1004 intra
1901 977 2008 1005 Vineas
2019 978 2224 1014 Januensium,

1215 1021 1329 1047 mandat
1345 1026 1504 1056 quatenuS,
1527 1037 1563 1044 -
1585 1032 1650 1050 cum
1675 1025 1821 1052 abbatissa
1837 1031 1864 1053 et
1880 1032 2042 1055 conventus
2058 1030 2224 1056 monasterii

1214 1068 1337 1095 Sanctae
1354 1070 1485 1104 Agathae
1501 1071 1535 1097 de
1554 1071 1643 1099 Ponte
1662 1072 1756 1099 Vesan
1764 1074 1810 1108 101,
1824 1074 2028 1103 Cisterciensis
2044 1077 2164 1111 ordinis,
2175 1078 2222 1105 Ja-

1214 1118 1333 1144 nuensis
1358 1118 1516 1151 dioecesis,
1542 1120 1686 1147 defectum
1704 1122 1729 1148 in
1748 1122 1882 1149 domibus
1900 1127 1928 1150 et
1942 1126 2125 1152 coemeteriis
2142 1130 2222 1161 pate-

1213 1169 1323 1198 rentur,
1343 1170 1372 1193 et
1393 1169 1469 1201 prior
1490 1172 1518 1194 et
1539 1174 1700 1197 conventus
1722 1173 1890 1199 monasterii
1910 1173 2006 1200 Sancti
2027 1174 2169 1203 Johannis
2188 1176 2223 1203 de

1216 1214 1362 1241 Pavorano
1378 1217 1423 1248 (=
1441 1215 1608 1250 Pavet-ano),
1629 1218 1759 1252 ejusdem
1777 1219 1932 1253 dioecesis,
1949 1222 2100 1256 quamdam
2119 1227 2223 1251 terram

1210 1263 1293 1296 ¹iuxta
1306 1263 1431 1296 ipsarum
1445 1267 1651 1292 monasterium
1664 1267 1813 1300 haberent,
1828 1269 1854 1295 in
1867 1278 1922 1303 qua
1935 1275 2034 1305 posset
2047 1272 2072 1298 in
2086 1273 2222 1306 praemis-

1212 1311 1253 1337 sis
1276 1313 1452 1339 monasterio
1469 1312 1591 1340 Sanctae
1609 1315 1741 1349 Agatliae
1760 1318 1920 1351 provideri,
1945 1334 1976 1338 —
1998 1321 2154 1347 venditioni
2174 1325 2224 1348 aut

1212 1360 1415 1393 permutationi
1439 1361 1532 1387 dictae
1550 1366 1652 1395 terrae,
1675 1364 1712 1390 ita
1737 1368 1767 1391 nt
1790 1366 1858 1392 nulli
1882 1366 2085 1395 detrimentum
2104 1370 2222 1399 oriatur.

1213 1406 1280 1434 dent
1311 1416 1439 1442 operam.
1464 1423 1500 1429 —
1515 1410 1598 1442 (Rue.
1618 1411 1661 1443 17,
1679 1412 1697 1438 f.
1715 1413 1763 1439 174
1782 1419 1827 1446 v⁰;
1844 1423 1910 1441 ann.
1931 1415 2009 1445 V111,
2027 1425 2051 1443 c.
2070 1418 2125 1448 32¹.)

1809 867 1920 900 Latran,
1942 869 1971 896 12
1986 870 2056 896 avril
2077 870 2152 898 1231«.

1255 1521 1268 1535 α
1286 1510 1419 1547 11179οηί,
1441 1513 1588 1548 magistro
1599 1514 1751 1542 scolarem
1765 1515 1889 1551 Majoris
1901 1517 2037 1552 Ecclesie,
2052 1523 2077 1547 et
2093 1520 2221 1550 Ochisio.

1210 1563 1390 1599 presbitero,
1415 1565 1563 1593 canonico
1588 1566 1697 1595 Sancte
1718 1568 1813 1596 Mariae
1842 1569 1926 1598 intra
1956 1571 2061 1600 l'ineas
2084 1573 2224 1602 chnuerz-

1213 1615 1332 1652 [sima]⁸
1351 1615 1420 1645 Nee
1436 1619 1485 1645 est
1500 1617 1644 1654 petentis
1655 1635 1704 1647 —.
1718 1619 1791 1648 Dat.
1810 1620 1976 1657 Laterani,
1993 1623 2024 1652 II
2041 1623 2116 1654 idus
2135 1625 2224 1663 apri—

1212 1666 1266 1702 lis,
1285 1677 1372 1697 anno
1390 1672 1515 1699 octavo.
1539 1682 1551 1695 »

1288 1839 1405 1868 18⁷4
1807 1844 1921 1878 Lati-an,
1941 1846 1971 1873 13
1986 1848 2057 1874 avril
2076 1848 2151 1877 1234.

1248 1899 1399 1928 Prioribus
1415 1906 1444 1929 et.
1458 1902 1594 1930 fratribus
1605 1904 1758 1940 hospitalis
1769 1906 2023 1943 Hierosolymitani
2040 1910 2066 1937 in
2085 1910 2224 1946 Hispania

1213 1951 1460 1978 commorantibus
1482 1952 1616 1980 concedit
1639 1957 1670 1980 ut
1691 1954 1725 1981 ad
1748 1956 1888 1983 ecclesias
1908 1957 1943 1983 ad
1963 1959 2042 1993 ipsos
2057 1964 2224 1994 spectantes

1212 1997 1335 2025 clericos
1346 1999 1467 2027 idoneos
1478 2002 1643 2028 saeculares
1658 2002 1841 2031 dioecesanis
1857 2005 2002 2040 episcopis
2019 2012 2204 2042 praesentent
2218 2033 2222 2037 .

1212 2045 1369 2073 dummodo
1390 2047 1482 2075 dictae
1502 2050 1644 2077 ecclesiae
1666 2052 1774 2079 nullum
1791 2053 1936 2080 defectum
1957 2056 1984 2081 in
2001 2055 2107 2083 divinis
2123 2058 2223 2085 officiis

1213 2094 1367 2129 patiantur,
1380 2099 1408 2122 et
1423 2096 1582 2132 deJuribus
1595 2099 1809 2135 episcopalibus
1821 2103 1926 2129 saciant
1939 2104 2065 2131 locorum
2077 2106 2224 2142 episcopis

1214 2144 1396 2178 respondere.
1414 2159 1448 2166 —
1464 2146 1547 2179 (Rae.
1569 2147 1609 2179 17,
1626 2148 1645 2174 f.
1666 2149 1713 2175 174
1728 2156 1772 2181 vo,
1790 2158 1856 2177 ann.
1876 2150 1954 2183 vm.
1973 2161 1997 2179 c.
2015 2153 2068 2186 33.)

1255 2258 1267 2272 «
1296 2247 1457 2277 Prioribus
1483 2254 1509 2277 et
1536 2250 1688 2285 fratribus
1714 2252 1874 2290 hospitalis
1897 2254 2164 2286 Hierosolimilani
2189 2259 2219 2287 in

1211 2300 1364 2337 Hispania
1375 2304 1648 2333 commorantibus.
1663 2305 1770 2335 Justis
1787 2307 1969 2344 petentium
1984 2309 2161 2341 desideriis
2171 2329 2218 2340 —.

1213 2352 1259 2381 Ex
1278 2357 1370 2391 parte
1388 2353 1555 2393 siquidem
1571 2361 1682 2386 vestra
1701 2358 1765 2387 fuit
1780 2360 1986 2397 propositum
2002 2371 2112 2392 coram
2129 2364 2223 2394 nobis

1213 2405 1310 2444 quod,
1327 2415 1402 2436 cum
1420 2416 1477 2438 vos
1494 2408 1535 2438 ad
1553 2409 1711 2441 ecclesias
1728 2412 1768 2441 ad
1784 2421 1841 2442 vos
1859 2418 2056 2451 spectantes,
2077 2425 2152 2446 cum
2168 2426 2223 2447 eas

1214 2466 1329 2488 vacare
1349 2460 1526 2497 contingit,
1548 2461 1715 2492 interdum
1734 2464 1853 2495 fratres
1872 2467 1974 2496 vestri
1991 2468 2133 2499 ordinis.
2153 2469 2223 2508 ple-

1214 2519 1353 2549 rumque
1371 2521 1448 2543 vero
1465 2513 1600 2544 idoneos
1617 2515 1755 2546 clericos
1773 2518 1951 2554 seculares,
1965 2521 2034 2558 qui,
2054 2521 2221 2553 vobiscum

1212 2563 1247 2592 in
1265 2565 1385 2595 vestris
1402 2565 1555 2597 domibus
1572 2574 1828 2606 commorantes,
1848 2571 1882 2601 in
1900 2577 2009 2603 vestra
2032 2583 2146 2605 mensa
2168 2585 2222 2606 co-

1214 2616 1347 2646 medant
1370 2622 1401 2647 et
1425 2618 1591 2650 dormiant
1615 2621 1649 2650 in
1672 2627 1782 2653 vestro
1807 2623 2014 2659 dormitorio,
2035 2627 2221 2659 diocesanis

1214 2668 1392 2707 episcopis,
1415 2676 1511 2709 prout
1527 2672 1567 2701 ad
1591 2682 1647 2703 vos
1670 2675 1828 2712 pertinet,
1849 2679 2062 2715 presentetis.
2088 2681 2221 2719 quidam

1213 2720 1362 2759 ipsorum
1379 2731 1434 2753 eos
1452 2723 1626 2755 admittere
1644 2736 1701 2764 pro
1718 2736 1776 2758 sue
1793 2729 1973 2760 voluntatis
1990 2732 2128 2763 arbitrio
2145 2743 2223 2764 con—

1214 2774 1395 2811 tradicunt,
1416 2777 1481 2805 nisi
1498 2782 1625 2807 tantum
1642 2779 1690 2809 eis
1713 2780 1751 2810 de
1772 2781 1920 2819 ipsarum
1939 2785 2152 2821 proventibus
2169 2796 2222 2817 as-

1213 2826 1375 2864 signetur,
1394 2829 1482 2867 quod
1498 2830 1562 2859 sibi
1577 2836 1607 2861 et
1624 2832 1694 2862 suis
1711 2838 1801 2863 extra
1817 2834 1930 2865 domos
1947 2842 2073 2868 vestras
2090 2848 2223 2870 moran—

1214 2879 1303 2910 tibus
1329 2879 1426 2918 plene
1456 2883 1615 2919 sussieiat,
1644 2884 1903 2923 hospitalitatem
1927 2889 2103 2921 observent
2127 2896 2159 2922 et
2183 2894 2221 2925 de

1209 2931 1343 2970 juribus
1360 2933 1604 2973 episcopalibus
1620 2936 1807 2968 diocesanis
1823 2940 1986 2979 episcopis
2005 2943 2133 2982 integre
2152 2950 2222 2977 stu-

1213 2983 1313 3015 deant
1328 2987 1539 3024 respondere,
1559 2998 1750 3028 quanquam
1767 3000 1822 3022 vos
1839 2992 2099 3032 hospitalitatem
2115 3006 2222 3030 serve-
