2498 3242
217 265 276 296 837
1076 252 1289 292 SEPTIEME
1312 253 1472 290 ANNEE.
2269 263 2328 294 333

217 331 314 362 flores
331 330 472 361 credidit
488 330 649 369 optinere.
665 331 835 367 Rogamus
849 330 961 368 itaque
977 328 1146 369 [vestram]
1160 335 1233 365 pru-

219 384 366 415 dentiam
398 388 429 414 et
451 383 625 414 hortamur
646 383 680 413 in
708 383 849 414 Domino
872 382 977 414 Jhesu
1003 381 1152 413 Christo.
1177 389 1234 418 per

221 436 401 475 apostolica
418 435 511 466 vobis
532 435 655 474 scripta
673 435 886 474 precipiendo
904 435 1101 465 mandantes
1118 437 1235 472 quate-

220 498 284 519 nus
306 488 448 519 eundem
469 497 592 526 regem.
615 497 713 527 quem
734 493 824 518 tanto
847 497 904 526 pre
925 487 1060 525 regibus
1083 485 1235 524 cupimus

221 541 362 572 existere
379 541 574 578 gratiosum.
590 545 714 579 quanto
730 550 787 579 pre
807 541 921 571 multis
935 540 1011 571 aliis
1028 544 1077 570 est
1096 539 1165 578 ipse
1183 547 1235 567 no-

221 593 273 623 bis
295 593 438 632 placitus
464 597 494 623 et
518 593 676 628 dilectus,
701 593 740 623 ad
762 594 822 623 boc
842 593 1022 634 prudenter
1044 596 1073 622 et
1094 591 1236 622 sollicite

221 645 404 681 inducatis,
433 646 519 684 quod
547 646 702 676 Sanctam
728 648 911 676 Romanam
936 645 1135 678 Ecclesiam,
1166 653 1236 673 ma—

222 702 307 728 trem
325 707 432 733 suam,
454 708 518 737 que
535 703 649 737 parata
666 704 713 729 est
731 699 840 738 ipsum
859 699 1017 729 continuo
1034 699 1145 727 favore
1162 706 1237 735 pro-

222 751 328 790 sequi,
348 751 524 781 dummodo
539 751 765 781 benemeritus
782 751 833 781 vel
849 751 969 781 mereri
986 750 1150 781 sollicitus
1167 753 1237 779 stu-

221 803 295 834 deat
311 803 535 842 comprobari,
554 804 641 834 circa
658 805 804 834 savorem
827 804 992 834 libertatis
1013 803 1237 833 ecclesiastice

222 856 380 886 continua
396 857 582 887 reverentia
600 861 820 896 prosequatur
836 861 866 886 et
881 857 915 886 in
928 856 1074 895 presenti
1089 855 1235 890 letificet,

221 909 412 948 depressam
427 910 730 948 Rotliomagensem
747 910 921 940 ecclesiam
938 910 971 939 in
988 914 1111 939 statum
1128 907 1237 947 pristi-

222 971 302 992 num
321 963 490 1000 erigendo.
510 963 556 993 ita
573 963 661 1002 quod
674 963 817 1001 gemitus
831 967 862 993 et
876 962 1021 1001 suspiria
1035 961 1238 992 venerabilis

221 1015 336 1045 fratris
364 1016 469 1045 nostri
494 1039 513 1044 ..
545 1016 787 1054 archiepiscopi
813 1015 1092 1053 Rolliomagensis
1124 1018 1239 1044 contra

222 1068 332 1107 ipsum
349 1069 490 1100 ulterius
504 1069 544 1099 ad
561 1078 658 1099 aures
675 1069 812 1107 superni
825 1069 948 1108 judicis
962 1077 1025 1098 non
1044 1068 1235 1103 ascendant,

223 1130 283 1152 nec
300 1122 339 1151 ad
357 1130 415 1151 nos
430 1122 578 1161 ejusdem
590 1121 724 1160 querela
739 1121 864 1160 pluries
875 1122 1029 1156 iteretur;
1049 1130 1148 1160 quam
1162 1130 1237 1151 cum

223 1174 316 1204 salva
331 1175 535 1205 conscientia
553 1175 622 1213 pati
638 1175 754 1204 amodo
769 1184 985 1213 nequeamus,
1004 1175 1133 1212 expedit
1150 1174 1238 1212 regis

225 1227 373 1267 ejusdem
394 1227 598 1257 utilitatibus
616 1232 647 1257 ct
664 1227 801 1262 honori,
819 1231 855 1257 ut
876 1227 932 1266 qui
957 1236 1016 1257 nos
1036 1237 1094 1265 pro
1111 1227 1162 1257 sui
1180 1236 1239 1257 no-

225 1281 328 1311 minis
346 1281 552 1311 incremento
568 1281 702 1311 deberet
723 1280 857 1311 facilius
878 1281 912 1310 in
936 1280 1118 1319 majoribus
1139 1290 1240 1310 exau-

226 1333 308 1369 dire,
329 1343 521 1372 expressum
538 1333 604 1363 sibi
621 1333 811 1372 apostolicis
828 1333 950 1363 litteris
968 1338 1116 1363 nostrum
1139 1333 1239 1363 bene-

224 1385 406 1424 placitum,
437 1386 567 1416 sublato
595 1387 756 1426 cujusque
786 1385 991 1416 difficultatis
1017 1390 1048 1416 et
1073 1386 1240 1416 tarditatis

226 1438 407 1473 obstaculo,
427 1439 642 1469 laudabiliter
658 1443 855 1478 exequatur3
877 1439 1053 1478 presertim
1074 1449 1164 1475 cum,
1185 1449 1239 1470 ac—

225 1495 294 1522 tore
306 1485 452 1527 Christo,
469 1492 637 1531 possimus
650 1492 692 1522 ad
705 1492 869 1530 condigna
886 1492 951 1522 sibi
963 1492 1091 1531 premia
1107 1501 1240 1531 respon-

225 1544 318 1579 dere;
349 1554 413 1583 que
439 1549 475 1574 ut
499 1545 565 1583 ipsi
592 1545 797 1584 temporibus
820 1545 1018 1584 proveniant
1044 1546 1237 1583 oportunis,

223 1597 368 1636 petimus
377 1602 424 1631 ut.
438 1598 692 1629 intercessionis
709 1603 817 1629 vestre
832 1598 942 1628 studio
956 1598 1121 1636 vigilanti,
1137 1598 1240 1629 letan—

224 1654 274 1681 ter
298 1650 414 1681 audire
441 1659 501 1681 nos
523 1651 639 1687 faciat,
665 1651 752 1690 quod
776 1652 925 1690 prefatus
949 1651 1238 1690 archiepiscopus,

223 1703 390 1734 restitutis
407 1703 472 1734 sibi
488 1704 630 1734 sublatis
646 1704 818 1740 omnibus,
838 1705 874 1734 in
893 1704 990 1734 solito
1007 1705 1127 1742 gaudio
1143 1705 1240 1735 resso-

223 1761 343 1792 rescat,
357 1757 471 1796 sicque
483 1757 540 1787 fiat
556 1757 644 1796 quod
660 1767 697 1788 ex
709 1757 774 1788 alto
788 1757 957 1788 devotioni
972 1762 1081 1788 vestre
1098 1758 1240 1795 gratiam

224 1814 255 1841 et
272 1811 420 1841 favorem
433 1811 558 1845 anobis
575 1811 693 1842 exinde.
709 1811 919 1850 comparetis,
934 1812 1127 1842 memoriter
1142 1812 1240 1842 habi-

225 1863 291 1893 turi
303 1863 400 1902 quod,
414 1863 442 1894 si
454 1863 562 1894 dictus
573 1873 630 1894 rex
642 1864 801 1895 adversus
815 1864 1104 1903 archiepiscopum
1114 1874 1240 1896 memo-

223 1920 332 1946 ratum
346 1916 401 1955 jus
418 1916 547 1956 aliquid
561 1916 684 1947 habere
701 1917 851 1953 confidit,
870 1917 909 1948 de
925 1917 983 1947 illo
999 1918 1107 1956 parati
1123 1927 1239 1948 sumus

223 1969 380 2000 exhihere
399 1968 465 1999 sibi
484 1969 616 2008 justitie
635 1969 924 2008 complementum.
944 1971 1018 2000 Dat.
1036 1975 1072 2000 ut
1090 1980 1202 2009 supra.
1224 1983 1237 1998 »

297 2135 406 2163 ¹5¹1
810 2135 935 2171 Anagni‚
955 2135 1072 2179 29110111
1090 2135 1166 2164 1233.

261 2195 438 2223 Consulibus
449 2200 478 2222 et
489 2196 626 2223 universo
638 2196 743 2231 populo
757 2195 911 2223 Verulanis
922 2197 957 2223 de
970 2198 1057 2224 verbo
1068 2197 1101 2224 ad
1119 2197 1239 2224 verbum

224 2246 330 2280 repetit
353 2249 381 2271 et
403 2245 554 2272 confirmat
576 2245 686 2271 litteras
702 2245 783 2271 Lucii
803 2253 891 2280 papae
914 2245 1008 2278 tertii,
1027 2246 1240 2280 pronuntiantis

225 2293 282 2320 illis
303 2302 370 2321 esse
391 2305 404 2318 u
427 2303 511 2321 usum
533 2294 560 2321 in
583 2294 666 2321 silvis
687 2294 796 2326 caesis,
815 2294 956 2321 faciendis
978 2298 1006 2321 et
1029 2295 1192 2322 laborandis
1213 2307 1239 2328 n,

225 2350 311 2377 quem
327 2343 436 2369 domini
452 2343 488 2369 de
504 2343 622 2370 Babuco
637 2346 666 2369 et
681 2342 762 2369 cives
775 2342 898 2369 Alatrini
913 2343 969 2370 sibi
986 2344 1208 2371 vendicaverant
1220 2347 1239 2371 ¹.

224 2405 261 2412 —
275 2391 360 2425 (Rau.
382 2392 424 2424 17,
441 2392 460 2418 f.
478 2392 508 2419 81
527 2397 572 2422 v⁰;
589 2400 657 2418 ann.
675 2390 740 2424 Vll,
757 2399 783 2419 c.
800 2391 874 2425 283)

269 2506 282 2521 a
305 2494 487 2524 Consulibus
508 2499 534 2523 et
559 2495 703 2524 universo
723 2494 835 2531 populo
862 2495 1032 2524 Verulams.
1056 2496 1095 2525 In
1118 2495 1241 2526 litteris

227 2546 337 2577 felicis
362 2564 412 2575 —.
440 2547 514 2576 Dat.
540 2546 711 2585 Anagnie,
739 2547 807 2577 1111
837 2546 997 2578 kalendas
1023 2548 1239 2587 septembris,

228 2607 315 2630 anno
332 2599 485 2638 septimo.
505 2611 518 2626 n

263 2819 409 2855 Episcopo
430 2819 560 2847 Tullensi
579 2819 695 2848 mandat
714 2824 860 2855 quatenus
882 2829 949 2848 cum
969 2821 1082 2855 Gitone,
1103 2822 1242 2850 canonico

734 2758 860 2794 Anagni,
877 2758 893 2786 2
909 2759 1075 2794 septembre
1090 2759 1168 2788 1233.

261 2935 281 2958 1.
299 2933 393 2958 Lettre
409 2933 446 2958 du
463 2933 477 2958 8
489 2933 598 2964 janvior
616 2933 674 2959 1182
687 2933 984 2966 (sure-Lowfflrscn
1003 2935 1097 2967 14556).

1316 326 1458 352 ecclesiae
1479 326 1576 353 Sancti
1599 326 1733 361 Gengutfi
1750 327 1912 354 Tullensis.
1930 327 1978 361 qui
1996 328 2147 361 quemdam
2168 328 2271 355 laicum
2288 330 2330 355 le-

1315 374 1410 400 taliter
1427 379 1621 408 percusserat,
1635 376 1684 401 sed
1701 375 1819 402 invitus,
1837 375 1997 409 dispenset.
2009 389 2044 395 —
2057 376 2140 407 (Rae.
2159 377 2199 404 l'l.
2211 377 2229 402 t'.
2243 377 2274 403 8?
2288 383 2326 411 1·ος

1315 431 1382 449 ann.
1402 422 1470 452 Vll,
1488 431 1513 449 c.
1531 423 1596 452 ‘2842
1616 439 1646 442 —
1666 423 1784 450 Monimo
1804 424 1879 452 1188.
1900 424 1916 448 s.
1938 424 2009 455 133.)

1360 537 1371 550 «
1396 547 1414 552 ..
1432 526 1567 561 episcopo
1583 525 1728 553 Tzcttensi.
1750 525 1959 555 Constitutus
1979 525 2011 553 in
2035 526 2199 563 presentia
2218 531 2331 557 nostra

1317 576 1407 606 Gilo.
1427 577 1666 612 subdiaconus,
1687 577 1867 606 canonicus
1886 577 2024 607 ccclesia:
2043 579 2154 607 sam-ii
2176 579 2329 615 Gcngsulti

1317 628 1496 663 Tullensis,
1514 638 1573 658 sua
1592 629 1688 659 nobis
1707 629 1867 659 relatione
1886 630 2078 659 monstravit
2098 631 2194 668 qnod.
2214 640 2251 661 eo
2270 632 2330 660 du-

1318 681 1395 711 dum
1413 681 1554 720 quadam
1572 682 1624 712 die
1643 682 1809 711 dominica
1826 691 1898 711 cum
1919 682 2012 711 bonis
2034 687 2063 711 et
2082 683 2231 713 honestis
2251 685 2331 714 viris

1319 739 1394 764 ante
1412 734 1544 764 domum
1562 735 1732 773 cujusdam
1753 734 1829 764 laici
1850 735 2026 764 transitum
2045 736 2202 765 faciente.
2227 737 2331 766 laicus

1318 787 1400 825 ipsc,
1416 787 1523 825 turpia
1538 791 1569 817 ct
1586 787 1810 817 intolerabilia
1828 796 1937 817 coram
1953 787 2066 817 multis
2083 788 2213 817 clericis
2229 795 2256 819 et
2275 789 2331 819 lai—

1319 840 1366 871 cis
1386 840 1534 870 inferens
1552 840 1580 870 ei
1596 841 1752 873 convitia,
1772 840 1880 878 ipsum
1900 841 1963 870 sibi
1983 841 2092 871 verbis
2109 850 2174 871 non
2191 842 2331 872 multum

1320 893 1447 931 aspcris
1466 893 1720 931 respondentem
1739 902 1847 931 pugno
1861 903 1921 923 sno
1937 902 2010 923 cnm
2030 898 2120 923 tanto
2140 895 2249 925 stu-ore
2264 904 2333 933 per-

1319 946 1435 978 cussit,
1448 946 1533 985 quod
1551 946 1880 985 ideni.sact11s‹111asi
1897 947 1930 975 in
1948 947 2052 976 extasi
2072 951 2203 985 propter
2219 948 2333 977 immo-

1320 999 1468 1029 det-atam
1485 999 1662 1035 sanguinis
1677 999 1874 1029 effusionem
1893 1008 1991 1037 quam
2009 1009 2126 1037 passus
2142 1000 2214 1033 suit,
2236 1001 2334 1030 dubi-

1321 1052 1408 1082 tabat
1427 1061 1461 1082 se
1480 1052 1518 1081 de
1540 1052 1610 1081 suis
1627 1052 1784 1082 dentibus
1806 1052 1935 1091 aliquos
1957 1053 2155 1083 ammisisse.
2179 1054 2330 1085 Domum.

1321 1105 1431 1135 dolore
1452 1105 1678 1143 percussionis
1699 1105 1891 1143 hujusmodi
1915 1105 2082 1141 mitigato,
2105 1106 2254 1135 animum
2276 1116 2334 1144 pa-

1321 1158 1437 1188 tientie
1455 1158 1548 1187 freno
1566 1166 1695 1193 regens.
1714 1162 1749 1187 ut.
1766 1162 1891 1187 tantam
1909 1157 2069 1187 oblivioni
2087 1158 2229 1187 traderet
2245 1159 2334 1198 inju-

1321 1212 1423 1243 riam.
1443 1211 1560 1240 'exinde
1575 1210 1729 1240 discessit
1754 1214 1785 1240 et
1811 1228 1849 1232 —
1865 1211 1905 1240 ad
1926 1220 2041 1241 cenam
2065 1220 2139 1241 cum
2163 1212 2263 1241 sociis
2286 1216 2335 1242 est

1321 1273 1487 1294 reversus.
1511 1265 1586 1302 Ipso
1611 1268 1721 1293 autem
1740 1264 1969 1294 discuml‘uente
1986 1273 2060 1293 cum
2084 1265 2200 1295 sociis.
2222 1274 2335 1295 rumor

1322 1315 1412 1345 venit
1436 1315 1523 1354 quod
1546 1315 1726 1353 jamdictus
1748 1314 1853 1344 laicus
1876 1319 2015 1345 matrem
2043 1316 2114 1354 ejus
2143 1316 2334 1346 immaniter

1321 1367 1528 1398 verberabat.
1541 1370 1612 1404 Quo
1624 1368 1747 1401 audito,
1762 1372 1963 1397 memoratus
1975 1369 2156 1398 canonicus
2169 1369 2207 1398 de
2220 1378 2335 1399 mensa

1322 1420 1474 1459 prosiluit
1496 1430 1611 1450 versus
1626 1425 1776 1450 matrem.
1794 1421 1937 1450 festinus
1956 1420 2104 1459 dirigens
2128 1421 2191 1451 iter
2216 1431 2332 1457 suum;

1321 1473 1376 1502 cui
1392 1482 1466 1503 cum
1483 1474 1651 1511 sepefatus
1665 1473 1770 1503 laicus
1785 1473 1949 1503 obviasset
1965 1478 1993 1503 et
2014 1479 2140 1504 tantum
2157 1475 2335 1513 appropin-

1323 1530 1458 1565 quasset
1474 1526 1599 1557 eidem,
1619 1526 1704 1564 quod
1723 1526 1794 1564 ipse
1811 1535 1845 1556 se
1863 1536 1957 1564 posse
1981 1527 2145 1557 divertere
2164 1528 2213 1557 vel
2230 1532 2336 1558 retro-

1323 1578 1438 1609 cedere
1456 1579 1528 1607 sine
1546 1578 1694 1617 periculo
1710 1579 1856 1617 corporis
1874 1588 1938 1609 nou
1956 1579 2106 1609 credebat
2121 1603 2126 1615 ,
2146 1580 2335 1610 obviantem
2362 1602 2370 1609 .

1323 1631 1388 1661 sibi
1404 1631 1527 1661 laicum
1547 1640 1621 1661 cum
1638 1632 1750 1661 furore
1767 1621 1907 1670 quodam
1928 1632 2092 1670 canipulo.
2111 1642 2209 1671 quem
2226 1642 2282 1671 pre
2300 1633 2337 1663 ti-

1322 1693 1414 1714 more
1431 1689 1563 1714 coactus
1580 1685 1689 1714 fuerat
1706 1685 1895 1721 evaginare,
1914 1685 2089 1723 percussit.
2109 1690 2143 1715 ut
2163 1686 2209 1715 sic
2227 1691 2336 1724 posset

1323 1738 1469 1775 effugere
1486 1746 1605 1767 manus
1620 1737 1702 1776 ejus.
1721 1738 1784 1774 Qui
1797 1742 1866 1775 post
1883 1738 2132 1776 percussionem
2145 1738 2336 1777 buJ'usmodi

1323 1790 1466 1820 eundem
1482 1790 1639 1820 clericum
1664 1790 1848 1827 fugientem
1871 1791 2066 1830 aliquandiu
2086 1791 2273 1821 insecutus.
2297 1792 2337 1821 ad

1323 1848 1446 1874 terram
1463 1843 1583 1874 cecidit
1603 1848 1633 1874 et
1649 1848 1721 1882 post
1738 1843 1983 1882 aliquantulum
2004 1845 2161 1883 temporis
2178 1845 2338 1874 interval-

1322 1897 1392 1928 luni
1412 1898 1560 1928 debitum
1577 1901 1694 1927 nature
1713 1897 1889 1935 persolvit,
1916 1899 2042 1928 otl'ensa
2065 1903 2173 1928 tamen
2197 1899 2226 1928 ei
2244 1899 2337 1937 prius

1322 1951 1458 1981 omnino
1475 1950 1612 1980 dimissa
1629 1955 1661 1981 et
1683 1951 1825 1989 receptis
1844 1951 2081 1982 ecclesi-asticis
2105 1953 2335 1982 sacramentis.

1322 2004 1431 2041 Quare
1457 2013 1475 2034 a
1498 2004 1594 2034 nobis
1618 2004 1792 2034 humiliter
1812 2005 1999 2042 postulabat
2025 2010 2059 2035 ut
2081 2014 2154 2035 cum
2180 2014 2218 2035 eo
2239 2015 2338 2044 super

1322 2057 1383 2087 hoc
1403 2065 1500 2094 agere
1521 2056 1783 2086 misericorditer
1801 2057 2026 2095 dignaremur.
2045 2059 2113 2088 Nos
2130 2058 2243 2096 igitur.
2262 2067 2336 2096 pre-

1322 2110 1383 2140 fati
1404 2100 1557 2139 canonici
1577 2109 1748 2139 miseriam
1776 2109 1992 2143 miserantes,
2015 2110 2123 2149 ipsum
2147 2110 2186 2141 ad
2210 2115 2258 2145 te,
2279 2111 2337 2150 qui

1323 2162 1395 2201 ejus
1413 2162 1612 2192 diocesanus
1629 2162 1760 2192 existis.
1785 2162 1940 2193 duximus
1962 2163 2219 2197 remittendum,
2242 2172 2337 2193 man-

1323 2215 1439 2245 dantes
1456 2219 1632 2254 quatenus,
1652 2215 1680 2245 si
1697 2219 1746 2245 est
1764 2215 1821 2249 ita,
1840 2224 1914 2245 cum
1930 2224 1971 2250 eo
1985 2215 2071 2254 quod
2090 2220 2268 2254 proventus
2280 2216 2337 2245 be—

1322 2268 1435 2298 neficii
1454 2268 1540 2307 quod
1556 2268 1590 2297 in
1610 2268 1750 2298 ecclesia
1768 2269 1957 2306 supradicta
1972 2268 2122 2299 obtinere
2139 2269 2335 2299 dinoscitur.

1321 2321 1492 2359 percipere
1509 2321 1632 2356 valeat,
1656 2321 1702 2350 ita
1723 2321 1811 2360 quod
1827 2321 1867 2350 ad
1886 2321 2001 2351 altaris
2021 2321 2248 2351 ministerium
2271 2330 2336 2351 non

1324 2374 1468 2410 accedat,
1487 2374 1605 2409 eidem,
1621 2378 1768 2412 tempore
1782 2374 1864 2404 vicis
1878 2384 1947 2405 sue.
1964 2384 2021 2413 per
2037 2374 2194 2404 idoneum
2211 2374 2337 2404 faciens

1323 2427 1498 2463 vicarium,
1526 2428 1555 2457 si
1577 2427 1650 2458 sine
1668 2427 1824 2458 scandalo
1847 2428 1919 2458 fieri
1937 2428 2073 2466 poterit,
2097 2427 2274 2462 deserviri,
2299 2427 2338 2457 de

1323 2481 1554 2511 misericordia
1570 2490 1634 2520 que
1651 2480 1872 2519 superexaltat
1889 2480 2026 2520 judiciO.
2045 2480 2240 2510 auctoritate
2261 2489 2339 2510 nos-

1324 2539 1375 2565 tra
1397 2535 1582 2573 dispenses.
1609 2535 1683 2564 Dat.
1709 2534 1873 2572 Anagnie.
1900 2535 1968 2564 IIII
1995 2542 2100 2564 nonas
2127 2533 2336 2572 septembris.

1325 2596 1412 2618 anno
1429 2588 1581 2626 septimo.
1599 2599 1612 2614 »

1362 2834 1435 2862 Cum
1452 2836 1591 2870 magistro
1605 2835 1740 2867 Aznario,
1753 2834 1954 2861 archidiacono
1966 2832 2114 2863 Toletano,
2127 2840 2193 2859 cum
2209 2840 2266 2867 quo
2277 2833 2338 2866 jam

1327 2884 1494 2919 Hlonorius]
1517 2894 1586 2920 papa
1603 2884 1821 2919 dispensat-erat
1841 2887 1886 2914 ut,
1904 2873 1966 2908 non‘
1977 2882 2110 2908 obstante
2126 2880 2241 2907 defectu
2258 2886 2339 2906 nata-

1913 2772 2039 2806 Anagni,
2055 2771 2088 2798 *25
2104 2772 2171 2797 aout
2190 2769 2265 2798 1233,

1283 2957 1287 2967 ,
1328 2931 1409 2965 lium,
1425 2932 1513 2959 libere
1527 2937 1625 2967 posset
1640 2931 1675 2958 ad
1686 2930 1900 2958 ecclesiasticas
1911 2929 2068 2964 dignitates
2082 2927 2204 2960 assumi,
2221 2927 2339 2963 dispen-
