2498 3242
145 308 219 340 1037
996 301 1213 341 HUITIEME
1235 302 1396 340 ANNEE.
2178 315 2252 346 1038

139 374 263 402 Sanctae
291 375 397 402 Mariae
426 375 462 403 de
488 375 586 403 Monte
611 375 713 403 Crucis
740 380 768 404 et
798 378 936 411 magistro
964 375 1091 403 Gabrieli
1123 375 1158 402 de

141 422 237 456 Prato,
268 424 407 451 canonico
438 424 643 459 Aquilegensi,
674 425 787 452 Paduae
817 425 1017 457 commoranti,
1043 425 1159 451 mandat

139 476 284 506 quatenus
299 471 499 500 Tridentinum
516 474 703 508 episcopum,
721 474 770 509 qui
787 474 815 500 in
831 474 954 509 quadam
971 473 1072 506 domo,
1089 481 1157 500 can-

144 527 216 555 napa
238 520 396 555 vulgariter
417 522 572 556 appellata,
590 522 725 549 victualia
745 526 774 549 et
789 523 858 549 alias
876 531 922 549 res
939 523 1055 549 venales
1071 522 1157 549 vilius

141 569 199 595 emi
215 572 244 595 et
256 569 353 596 carius
366 570 451 597 vendi
463 570 596 603 faciebat,
610 574 638 597 et
649 571 715 598 alibi
728 571 754 597 in
771 571 938 598 Tridentina
955 571 1070 598 civitate
1087 571 1158 597 haec

144 617 332 644 mercimonia
347 619 478 645 contrabi
494 627 550 645 non
569 620 762 654 permittebat,
780 622 885 653 cogant
901 623 932 646 ut
945 620 980 646 ab
997 620 1043 646 illo
1058 620 1156 646 illicito

141 670 265 700 quaestu
282 667 482 701 conquiescat,
500 671 528 694 et
546 667 691 702 Hegnoni,
708 668 784 695 dicto
802 669 900 695 comiti
916 668 951 695 de
967 667 1092 703 Epiano,
1110 669 1156 703 ip-

143 715 206 741 sius
223 723 311 749 pupae
327 715 516 749 subdiacono,
529 717 668 744 canonico
683 716 862 750 Tridentino,
879 717 914 744 de
931 717 1043 744 damnis
1059 726 1092 743 ea
1107 725 1157 743 oc-

143 762 260 790 casione
285 767 314 790 et
337 764 408 791 alias
434 764 521 791 illatis
546 765 714 793 satisfaciat.
744 780 777 786 —
803 766 885 799 (Rea.
915 767 957 798 17,
984 766 1003 792 s.
1033 766 1083 793 178
1108 772 1155 797 vt,

142 820 208 838 ann.
228 811 308 845 VIII,
326 821 351 840 c.
371 813 427 846 56.)

185 919 198 933 α
215 908 322 937 Fratri
336 908 481 941 Jordano,
501 909 609 939 Sancti
623 910 777 939 Benedicti
793 910 946 945 Paduam,
964 916 990 939 et
1011 933 1030 939 ..
1047 910 1156 940 Sancte

142 961 237 990 Marte
252 961 286 990 de
301 962 398 991 Monte
416 963 538 997 Crucis,
556 963 702 992 Paduam
717 963 852 998 diocesis,
868 964 1026 1001 prioribus
1044 969 1069 993 et
1088 973 1156 992 ma-

139 1014 236 1051 yistro
253 1014 386 1043 Gabrieli
402 1016 436 1044 de
452 1016 553 1050 Prato,
572 1017 720 1045 canonico
738 1017 942 1054 Aqttileqensi,
962 1017 1062 1046 Padue
1078 1025 1155 1046 com-

140 1068 290 1096 moranti.
308 1067 519 1098 Constitutus
536 1068 570 1098 in
591 1069 761 1107 presentia
777 1073 890 1099 nostra
909 1069 1050 1099 dilectus
1065 1068 1156 1100 filius

140 1118 268 1156 Hegno,
291 1119 399 1149 dictus
418 1128 528 1150 comes
550 1120 589 1151 de
606 1120 770 1160 Epian[o],
789 1121 1013 1151 subdiaconus
1030 1125 1153 1157 noster,

138 1171 320 1202 canonicus
336 1172 564 1209 Tridentinus,
588 1173 685 1203 nobis
708 1174 858 1212 exposuit
881 1174 977 1212 quod,
1000 1183 1075 1204 cum
1100 1183 1155 1204 ve-

137 1224 300 1254 nerabilis
316 1225 419 1255 frater
435 1229 548 1256 noster
566 1249 586 1255 ..
603 1226 820 1257 Tridentinus
837 1226 1011 1265 episcopus
1026 1227 1060 1256 in
1077 1236 1155 1265 qua-

137 1276 213 1307 dam
230 1277 336 1312 domo,
354 1286 418 1316 que
437 1290 450 1304 «
470 1286 619 1316 cannapa
638 1291 650 1304 »
670 1278 852 1316 vulgariter
868 1278 1062 1317 appellatur,
1086 1279 1155 1309 vic-

137 1329 241 1360 tualia
265 1334 296 1360 et
319 1329 402 1360 alias
424 1339 477 1360 res
501 1330 636 1361 venales
658 1330 760 1361 vilius
781 1331 846 1361 emi
869 1340 905 1361 ac
923 1331 1033 1361 carius
1056 1331 1155 1361 vendi

137 1383 249 1418 faciat,
268 1387 299 1413 et
316 1382 397 1412 alibi
411 1383 447 1412 in
463 1383 661 1414 Tridentina
676 1384 810 1414 civitate
826 1384 1018 1423 huiusmodi
1035 1384 1155 1414 merci-

137 1435 250 1466 monia
279 1435 463 1466 secundum
493 1437 667 1475 antiquam
696 1437 973 1467 consuetudinem
1003 1437 1156 1467 contrahi

138 1497 203 1519 non
220 1488 402 1527 permittat,
422 1488 457 1518 in
475 1489 624 1528 ejusdem
639 1489 791 1519 canonici
802 1489 1025 1529 prejudicium
1039 1494 1070 1520 et
1085 1499 1155 1528 gra-

137 1550 257 1572 vamen
281 1550 342 1572 nec
369 1550 435 1572 non
456 1542 698 1573 desolationem
718 1552 903 1582 pauperum
924 1547 956 1573 et
978 1543 1156 1573 miserabi-

137 1595 221 1625 lium
242 1603 472 1633 personarum,
498 1599 529 1626 et
551 1595 582 1626 ei
602 1595 756 1626 insolitas
777 1599 809 1626 et
825 1595 993 1626 indebitas
1017 1596 1156 1627 exactio-

138 1657 197 1678 nes
213 1648 401 1687 imponens,
418 1648 574 1687 plurimis
586 1658 662 1679 eum
677 1649 841 1688 dampnis,
855 1649 991 1689 injuriis
1008 1649 1157 1680 affecerit

138 1705 170 1732 et
186 1701 357 1740 expensis,
378 1701 419 1732 ad
440 1705 590 1732 nostram
610 1702 651 1733 ob
670 1702 733 1733 hoc
756 1703 849 1733 duxit
869 1703 1076 1733 audientiam
1098 1712 1156 1742 ap-

138 1753 347 1793 pellandum;
379 1754 474 1794 cujus
506 1754 658 1794 legitima
695 1755 917 1795 appellatione
949 1759 1153 1795 contempta,

137 1807 227 1838 idem
249 1807 423 1846 episcopus
443 1807 480 1837 in
500 1807 628 1846 ipsum,
652 1817 716 1839 non
738 1808 920 1844 monitum,
943 1817 1004 1839 nec
1023 1809 1156 1839 convic-

137 1864 209 1890 tum
226 1860 261 1890 in
278 1860 390 1900 aliquo
411 1861 464 1891 vel
479 1861 682 1897 consessum,
707 1861 1062 1892 excommunicationis
1079 1871 1156 1892 sen-

137 1913 278 1943 tentiam
293 1912 497 1949 fulminavit,
516 1913 600 1944 alias
617 1913 682 1944 sibi
699 1914 810 1952 gravis
825 1913 1007 1952 plurimum
1019 1918 1050 1944 et
1066 1914 1156 1954 inju-

137 1966 247 1996 riosus
271 1966 438 2002 existens,
459 1975 478 1996 a
503 1975 568 2005 qua
589 1966 930 1996 excommunicatione
949 1975 1024 1996 cum
1045 1967 1157 2005 ipsum

136 2027 194 2057 per
213 2019 350 2049 fratrem
367 2019 610 2054 Raimundum,
630 2019 905 2057 penitentiarium
922 2023 1084 2053 nostrum,
1102 2028 1156 2049 re-

136 2076 230 2110 cepta
247 2071 286 2101 ab
301 2080 338 2102 eo
353 2072 533 2101 sufficienti
548 2072 701 2102 cautione
719 2071 816 2110 quod,
838 2071 866 2101 si
883 2071 1059 2110 eumjuste
1076 2071 1155 2110 liga-

136 2129 207 2154 tum
220 2124 325 2155 fuisse
340 2125 539 2160 constiterit,
558 2134 658 2163 super
673 2125 741 2155 hiis
757 2133 815 2163 pro
832 2124 955 2163 quibus
972 2133 1154 2155 excommu-

137 2177 268 2208 nicatus
283 2177 402 2213 extitit,
417 2177 614 2213 satisfaciat,
628 2181 663 2207 ut
678 2181 819 2211 tenetur,
836 2176 963 2207 absolvi
976 2177 1155 2207 fecerimus

135 2230 178 2261 ad
193 2230 368 2266 cautelam,
388 2230 452 2260 sibi
476 2235 507 2260 et
524 2230 682 2268 predictis
699 2230 851 2268 personis
872 2239 971 2268 super
987 2230 1063 2260 aliis
1078 2239 1155 2269 pro-

136 2283 242 2313 videri
273 2292 332 2321 per
359 2283 478 2313 Sedem
508 2282 732 2321 Apostolicam
762 2282 936 2312 humiliter
962 2282 1153 2321 postulavit.

135 2336 219 2368 Cum
245 2336 348 2375 igitur
371 2336 478 2366 eidem
506 2336 710 2366 subdiacono
737 2335 772 2364 in
806 2344 865 2365 suo
893 2344 958 2364 non
988 2336 1156 2374 possimus

133 2390 208 2429 jure
225 2389 359 2424 deesse,
378 2390 434 2428 qui
456 2398 572 2419 sumus
596 2389 752 2419 omnibns
775 2388 809 2417 in
826 2388 958 2427 justitia
976 2388 1153 2420 debitores,

138 2442 335 2472 mandamus
355 2447 531 2481 quatenus,
559 2442 586 2472 si
611 2446 659 2471 cst
680 2442 737 2472 ita.
756 2441 880 2471 dictum
906 2441 1097 2480 episcopum
1120 2446 1156 2472 ut

137 2501 204 2525 tam
220 2495 261 2525 ab
277 2495 349 2534 ejus
366 2505 466 2534 quam
485 2504 503 2525 a
524 2494 746 2533 predictorum
764 2499 794 2524 et
816 2494 1060 2524 miserabilium
1080 2503 1156 2533 per-

137 2557 297 2579 sonarum
320 2558 420 2587 super
443 2548 618 2587 premissis
635 2547 827 2585 gravmuinc
849 2551 879 2577 et
894 2547 1014 2577 illicito
1035 2547 1156 2577 merci-

137 2601 242 2632 monii
266 2605 386 2640 questu
409 2601 543 2639 penitus
565 2600 790 2639 conquiescat,
813 2604 844 2630 et
867 2600 973 2630 eidem
997 2600 1157 2630 canonico

137 2655 177 2685 de
191 2654 328 2694 injuriis
347 2659 378 2685 et
392 2654 545 2693 dampnis
560 2653 664 2683 illatis
682 2663 717 2683 ac
735 2653 888 2691 expensis
906 2653 1103 2688 satisfaciat,
1122 2657 1157 2683 ut

140 2712 282 2743 tenetur,
297 2725 337 2728 —
355 2707 498 2745 cogatis,
517 2707 625 2745 ipsum
643 2706 840 2736 canonicum
859 2705 1110 2741 nichilominus,
1129 2705 1158 2735 si

139 2770 215 2791 enm
228 2761 317 2800 juste
335 2760 657 2790 excommunicatum
672 2759 776 2789 fuisse
793 2759 991 2794 constiterit,
1005 2758 1046 2788 ad
1059 2758 1158 2788 satis-

140 2813 331 2844 faciendum
351 2822 450 2852 super
474 2812 542 2843 hiis
565 2821 623 2851 pro
642 2811 764 2851 quibus
781 2811 904 2849 ligatus
926 2811 1050 2847 extitit,
1072 2811 1159 2841 sicut

135 2867 263 2906 justum
282 2865 395 2901 fuerit,
414 2865 662 2904 compellentes.
679 2865 793 2894 Testes
811 2868 921 2894 autem
940 2868 1001 2894 etc.
1020 2864 1114 2901 Quod
1130 2864 1159 2894 si

141 2928 207 2949 non
235 2927 351 2948 omnes
378 2922 439 2948 etc.
463 2918 538 2948 Dat.
564 2917 736 2952 Laterani,
762 2917 807 2947 VI
832 2916 913 2955 idus,
941 2917 1039 2952 maii,
1071 2925 1159 2946 anno

137 2976 267 3002 octavo.
289 2983 302 2998 ι)

1318 375 1338 403 Ι
1347 376 1436 405 900

1275 443 1420 479 Episcopo
1433 445 1586 478 Trecensi,
1604 447 1741 481 magistro
1759 447 1854 480 Petro,
1871 448 1981 475 officiali
1997 449 2145 483 Trecensi,
2163 455 2192 478 et
2207 460 2252 478 ar-

1240 492 1410 520 chidiacono
1433 494 1596 521 Senonensi
1623 504 1740 522 causam
1765 497 1840 523 inter
1864 497 1998 524 abbatem
2023 502 2051 525 et
2075 504 2251 528 conventum

1240 542 1407 569 monasterii
1420 542 1518 570 Sancti
1537 542 1614 571 l'etri
1631 544 1665 570 de
1682 544 1769 578 Cella,
1780 545 1937 573 Trecensis
1952 547 2105 580 dioecesis,
2119 553 2146 576 et
2162 558 2251 584 quas-

1239 589 1303 616 dam
1321 591 1457 618 mulieres
1471 601 1544 626 quae
1560 601 1592 619 se
1607 592 1812 621 Cisterciensis
1828 594 1938 621 ordinis
1954 595 2102 629 dicebant,
2121 602 2249 625 exortam

1239 646 1328 673 super
1347 639 1493 667 vicinitate
1516 642 1652 675 praedicti
1669 643 1835 669 monasterii
1857 646 1885 669 et
1907 645 2043 678 capellae,
2063 654 2151 680 prope
2174 646 2251 674 idem

1240 688 1446 715 monasterium
1463 698 1479 715 a
1499 689 1647 725 Stephano
1666 691 1702 717 de
1717 690 1823 727 Campo
1840 691 1982 719 Gnidonis
2000 698 2202 727 constructae,
2220 696 2248 722 in

1238 744 1293 770 qua
1309 736 1402 763 dictae
1416 737 1552 764 mulieres
1568 738 1663 765 divina
1680 739 1846 772 audiebant,
1859 741 2067 768 terminandam
2084 743 2249 771 committit.

1238 799 1271 803 —
1288 784 1370 817 (Rau.
1391 786 1432 817 17,
1450 785 1467 812 s.
1486 786 1536 813 179
1553 792 1594 818 r⁰;
1611 795 1677 814 ann.
1693 787 1774 820 VIII,
1787 796 1812 815 c.
1827 789 1859 815 57
1872 797 1877 819 ;
1889 802 1926 809 -
1939 789 2058 817 Monam
2073 791 2149 818 ¹¹89.
2163 791 2181 818 f.
2195 792 2250 824 53.)

1849 379 1962 412 Latran,
1982 381 2009 407 Η
2030 381 2084 407 mai
2104 382 2179 410 1234.

1280 918 1293 931 «
1312 928 1331 934 ..
1351 907 1498 944 episcopo,
1522 909 1669 945 magistro
1691 910 1792 944 Petro,
1816 911 1941 948 officiali
1958 912 2167 948 Trecensibus,
2186 918 2211 942 et
2231 937 2248 942 ..

1238 959 1457 989 archidiacono
1477 961 1655 991 Senonensi.
1681 962 1957 1001 Significantibus
1983 964 2112 995 dilectis
2131 965 2211 996 filiis
2231 989 2250 996 ..

1238 1010 1356 1042 abbate
1380 1016 1411 1042 et
1436 1018 1600 1043 conventu
1621 1016 1816 1046 monasterii
1838 1017 1951 1047 Sancti
1975 1018 2064 1048 Petri
2081 1018 2120 1049 de
2138 1018 2247 1053 Cella,

1236 1065 1412 1095 Trecensis
1432 1065 1589 1103 diocesis,
1609 1076 1669 1098 nos
1688 1069 1848 1100 noveritis
1865 1071 2031 1108 accepisse
2049 1072 2151 1110 quod,
2173 1082 2249 1104 cum

1236 1117 1303 1156 ipsi
1332 1117 1456 1147 dudum
1487 1119 1693 1158 Stephanum
1720 1121 1759 1151 de
1785 1122 1908 1161 Campo
1933 1124 2115 1161 Gnidonis,
2144 1126 2250 1157 civem

1237 1170 1454 1207 Trecensem,
1480 1180 1580 1211 super
1596 1182 1633 1203 eo
1650 1174 1738 1213 quod
1753 1174 1842 1205 idem
1859 1175 1941 1206 civis
1958 1177 2125 1215 quandam
2142 1179 2251 1217 capel-

1237 1221 1304 1252 lam
1328 1223 1363 1252 in
1384 1225 1523 1262 grangia
1548 1234 1608 1255 sua
1633 1226 1672 1257 de
1696 1226 1906 1264 Chiceriaco‚
1930 1229 1993 1259 sita
2017 1230 2051 1259 in
2074 1231 2250 1269 parrochia

1239 1275 1351 1305 Sancti
1367 1276 1510 1312 Andree,
1526 1287 1625 1316 prope
1639 1280 1879 1310 monasterium
1895 1283 2114 1319 nominatum,
2132 1284 2167 1313 in
2184 1294 2250 1323 qua

1237 1328 1302 1366 ipsi
1322 1329 1376 1367 J'us
1397 1329 1548 1360 obtinent
1571 1335 1776 1369 patronatu&
1798 1338 2037 1371 construxerat,
2059 1345 2173 1366 eornm
2196 1347 2249 1367 as-

1238 1389 1340 1411 sensu
1356 1382 1495 1413 minime
1512 1384 1684 1423 requisito,
1704 1390 1817 1416 contra
1833 1387 2084 1425 privilegiorum
2101 1390 2249 1428 ipsorum

1238 1436 1387 1464 tenorem
1412 1438 1536 1466 temere
1556 1438 1737 1474 veniendo,
1761 1448 1871 1469 coram
1889 1463 1910 1469 ..
1929 1441 2046 1471 abbate
2067 1442 2180 1472 Sancti
2196 1444 2249 1473 Ja—

1239 1487 1311 1516 cobi
1337 1488 1557 1519 Pruvinensis
1587 1494 1618 1520 et
1645 1491 1716 1530 ejus
1740 1491 1876 1530 collegis
1899 1494 2094 1525 auctoritate
2117 1501 2248 1534 aposto-

1238 1539 1302 1570 lica
1319 1542 1565 1577 convenissent,
1587 1544 1728 1581 petendo
1743 1545 1831 1583 quod
1847 1545 1958 1577 taliter
1974 1547 2163 1578 edificatum
2176 1549 2249 1579 sue-

1238 1597 1300 1628 rat,
1318 1593 1486 1630 demoliri,
1506 1599 1537 1625 et
1552 1596 1642 1634 'quod
1662 1597 1803 1635 quedam
1819 1598 1993 1635 mulieres,
2009 1600 2044 1629 in
2060 1601 2249 1632 monachali

1238 1645 1356 1676 habitu
1373 1648 1568 1678 auctoritate
1587 1650 1720 1688 propria
1735 1650 1864 1681 intruse
1880 1652 2020 1688 ibidem,
2038 1662 2250 1685 removeren-

1239 1703 1293 1729 tur
1315 1699 1448 1736 exinde,
1471 1701 1585 1732 divina
1607 1702 1693 1732 inibi
1712 1703 1904 1735 nullatenus
1921 1705 2074 1736 auditure
2093 1717 2099 1736 z
2117 1707 2251 1738 tandem

1239 1752 1281 1782 ad
1303 1762 1362 1783 nos
1386 1762 1486 1784 causa
1510 1755 1674 1786 instructa
1699 1757 1850 1793 remissa,
1876 1767 1936 1788 nos
1960 1759 2119 1790 dilectum
2142 1760 2250 1791 filium

1239 1809 1390 1836 nostrum
1407 1807 1662 1846 S[inibaldum],
1687 1809 1776 1839 tituli
1800 1810 1913 1841 Sancti
1937 1812 2111 1843 Laurentii
2130 1814 2166 1844 in
2188 1815 2249 1845 Lu-

1239 1859 1315 1889 cina
1341 1860 1565 1898 presbiterum
1597 1862 1820 1899 cardinalem,
1853 1864 2021 1901 Johanni,
2056 1875 2187 1903 eorum,
2219 1873 2251 1899 et

1237 1912 1408 1952 Jac[obo],
1430 1913 1610 1944 mulierum
1632 1915 1781 1953 ipsarum
1802 1919 2093 1955 procuratoribus,
2116 1920 2250 1951 nemine

1237 1973 1296 2003 pro
1329 1965 1401 1995 cive
1430 1971 1640 2004 comparente
1669 1968 1833 2006 predicto,
1868 1969 2019 2001 dedimus
2051 1972 2248 2004 auditorem.

1238 2017 1357 2049 Coram
1371 2027 1436 2057 quo
1452 2028 1527 2048 cum
1544 2029 1643 2057 super
1657 2021 1831 2059 premissis
1849 2022 1969 2053 fuisset
1987 2033 2005 2054 a
2023 2024 2120 2055 dictis
2137 2035 2250 2064 procu-

1238 2070 1406 2101 ratoribus
1434 2071 1631 2110 aliquandiu
1658 2073 1842 2112 litigatum,
1873 2077 2111 2107 sententiatum
2143 2079 2251 2109 extitit

1239 2123 1279 2153 ab
1301 2123 1426 2159 eodem,
1454 2125 1541 2163 quod
1564 2134 1601 2155 ex
1626 2126 1737 2156 causis
1762 2127 1797 2156 in
1821 2136 1935 2158 eorum
1955 2129 2068 2161 libello
2084 2132 2249 2162 contentis

1238 2176 1429 2215 hujusmodi
1445 2186 1527 2216 opus
1543 2178 1670 2208 destrui
1687 2188 1751 2210 non
1769 2180 1918 2217 debebat,
1937 2187 2063 2220 partem
2077 2184 2249 2215 adversam

1238 2229 1278 2258 ab
1308 2229 1457 2267 ipsorum
1486 2231 1695 2269 impetitione
1725 2233 1833 2271 quoad
1861 2243 1977 2264 causas
2002 2235 2092 2274 ipsas
2114 2237 2248 2274 penitus

1239 2283 1450 2313 absolvendo.
1473 2284 1581 2321 Quare
1607 2294 1626 2314 a
1650 2285 1746 2316 nohis
1769 2286 1942 2318 humiliter
1967 2289 2178 2326 postulabant
2194 2295 2248 2326 ut,

1220 2344 1313 2366 ·cum
1333 2336 1367 2366 in
1391 2346 1428 2367 ea
1446 2337 1588 2376 capella,
1613 2348 1676 2378 que
1700 2339 1849 2378 ipsorum
1874 2343 2076 2373 monasterio
2102 2344 2182 2374 adeo
2202 2349 2252 2374 est

1238 2389 1368 2425 vicina,
1393 2390 1480 2429 quod
1502 2390 1582 2421 hinc
1605 2392 1682 2423 inde
1705 2402 1800 2423 voces
1822 2393 2037 2432 psallentium
2055 2396 2248 2432 audiuntur,

1238 2441 1396 2472 mulieres
1419 2443 1486 2473 sint
1505 2445 1611 2482 posite
1635 2445 1816 2481 antedicte,
1839 2456 1902 2486 que
1924 2448 2022 2478 verbo
2047 2449 2250 2480 Cistercien-

1238 2503 1308 2524 sem
1337 2495 1487 2526 ordinem
1519 2498 1737 2535 profitentur,
1770 2499 1827 2529 sed
1858 2500 1945 2530 sacto
1975 2510 2041 2531 non
2073 2501 2251 2532 observant

1239 2547 1380 2578 eundem
1395 2571 1400 2584 ,
1425 2557 1499 2578 cum
1521 2559 1580 2579 nec
1596 2550 1803 2589 incorporate
1820 2552 1887 2582 sint
1907 2553 1953 2587 ei,
1978 2562 2037 2584 nec
2054 2554 2087 2583 in
2105 2554 2249 2585 claustro

1239 2600 1432 2631 continuam
1445 2602 1661 2633 residentiam
1671 2603 1805 2639 saciant,
1817 2605 1924 2643 qui[n]
1937 2606 2046 2643 potius
2059 2606 2250 2645 frequenter

1239 2662 1297 2691 per
1328 2653 1459 2684 diversa
1489 2654 1559 2685 loca
1589 2659 1766 2693 vagentur,
1792 2666 1850 2695 per
1877 2666 2018 2696 quarum
2044 2658 2250 2690 vicinitatem

1241 2715 1355 2736 eorum
1373 2708 1630 2743 monasterium,
1649 2709 1737 2747 quod
1753 2709 1816 2739 suit
1834 2709 1995 2740 hactenus
2015 2720 2132 2749 magne
2149 2713 2248 2749 same,

1241 2758 1423 2797 plurimum
1449 2760 1650 2797 diffamatur,
1671 2766 1702 2791 et
1727 2761 1911 2792 timendum
1933 2767 1983 2793 est
2000 2773 2051 2794 nc,
2076 2765 2250 2796 occasione

1241 2811 1426 2842 vicinitatis
1451 2812 1654 2852 hujusmodi,
1673 2823 1736 2853 que
1752 2815 2034 2854 presumptionem
2057 2817 2177 2847 malam
2196 2818 2250 2849 in-

1242 2863 1350 2900 ducit,
1375 2865 1508 2903 penitus
1527 2865 1727 2902 destruatur,
1754 2876 1812 2897 nec
1838 2876 1902 2897 non
1919 2872 1950 2898 et
1971 2869 2027 2908 jus
2043 2871 2251 2908 parrochiale

1241 2916 1372 2947 ledatur
1398 2917 1566 2956 ipsorum,
1595 2919 1766 2957 providere
1791 2920 1855 2950 sibi
1881 2930 1980 2960 snper
2004 2921 2082 2957 hiis.
2111 2932 2186 2954 cum
2210 2925 2250 2956 de

1241 2969 1416 3008 premissis
1433 2971 1588 3001 omnibus
1609 2971 1642 3000 in
1663 2972 1766 3010 priori
1781 2972 1907 3012 judicio
1924 2983 1988 3004 non
2005 2975 2048 3005 sit
2063 2980 2172 3006 actum
2185 3001 2192 3013 ,
2211 2978 2250 3009 de
