<?xml version="1.0" encoding="UTF-8"?>
<!DOCTYPE html PUBLIC "-//W3C//DTD XHTML 1.0 Transitional//EN"
    "http://www.w3.org/TR/xhtml1/DTD/xhtml1-transitional.dtd">
<html xmlns="http://www.w3.org/1999/xhtml" xml:lang="en" lang="en">
 <head>
  <title>
</title>
<meta http-equiv="Content-Type" content="text/html;charset=utf-8" />
  <meta name='ocr-system' content='tesseract 3.04.00' />
  <meta name='ocr-capabilities' content='ocr_page ocr_carea ocr_par ocr_line ocrx_word'/>
</head>
<body>
  <div class='ocr_page' id='page_1' title='image "./lesregistresdegr01cathuoft_0287.png"; bbox 0 0 2498 3242; ppageno 0'>
   <div class='ocr_carea' id='block_1_1' title="bbox 159 312 2271 357">
    <p class='ocr_par' dir='ltr' id='par_1_1' title="bbox 159 312 2271 357">
     <span class='ocr_line' id='line_1_1' title="bbox 159 312 2271 357; baseline 0.004 -9"><span class='ocrx_word' id='word_1_1' title='bbox 159 317 218 349; x_wconf 86' lang='lat'>557</span> <span class='ocrx_word' id='word_1_2' title='bbox 1034 312 1216 351; x_wconf 78' lang='lat' dir='ltr'>SIXIEME</span> <span class='ocrx_word' id='word_1_3' title='bbox 1237 313 1397 352; x_wconf 76' lang='lat' dir='ltr'>ANNEE.</span> <span class='ocrx_word' id='word_1_4' title='bbox 2214 328 2271 357; x_wconf 86' lang='lat'>558</span> 
     </span>
    </p>
   </div>
   <div class='ocr_carea' id='block_1_2' title="bbox 159 383 1174 905">
    <p class='ocr_par' dir='ltr' id='par_1_2' title="bbox 159 383 1174 905">
     <span class='ocr_line' id='line_1_2' title="bbox 159 383 1172 421; baseline 0.001 -9"><span class='ocrx_word' id='word_1_5' title='bbox 159 383 257 416; x_wconf 82' lang='lat' dir='ltr'>Urbe,</span> <span class='ocrx_word' id='word_1_6' title='bbox 279 383 315 411; x_wconf 86' lang='lat' dir='ltr'>ad</span> <span class='ocrx_word' id='word_1_7' title='bbox 334 383 494 412; x_wconf 80' lang='lat' dir='ltr'>Romanam</span> <span class='ocrx_word' id='word_1_8' title='bbox 514 383 674 412; x_wconf 81' lang='lat' dir='ltr'><strong>Ecclesiam</strong></span> <span class='ocrx_word' id='word_1_9' title='bbox 697 385 775 411; x_wconf 89' lang='lat' dir='ltr'>nullo</span> <span class='ocrx_word' id='word_1_10' title='bbox 795 385 889 412; x_wconf 90' lang='lat' dir='ltr'>medio</span> <span class='ocrx_word' id='word_1_11' title='bbox 910 385 1096 421; x_wconf 86' lang='lat' dir='ltr'>pertinentis,</span> <span class='ocrx_word' id='word_1_12' title='bbox 1118 394 1172 413; x_wconf 84' lang='lat' dir='ltr'>an-</span> 
     </span>
     <span class='ocr_line' id='line_1_3' title="bbox 161 431 1172 469; baseline 0.001 -9"><span class='ocrx_word' id='word_1_13' title='bbox 161 440 251 469; x_wconf 87' lang='lat' dir='ltr'>nuum</span> <span class='ocrx_word' id='word_1_14' title='bbox 283 431 426 459; x_wconf 88' lang='lat' dir='ltr'>redditum</span> <span class='ocrx_word' id='word_1_15' title='bbox 459 432 669 468; x_wconf 81' lang='lat' dir='ltr'>quinquaginta</span> <span class='ocrx_word' id='word_1_16' title='bbox 704 441 864 460; x_wconf 88' lang='lat' dir='ltr'>marcarum</span> <span class='ocrx_word' id='word_1_17' title='bbox 897 435 1103 469; x_wconf 79' lang='lat' dir='ltr'><strong>sterlingorum</strong></span> <span class='ocrx_word' id='word_1_18' title='bbox 1137 434 1172 461; x_wconf 87' lang='lat' dir='ltr'>de</span> 
     </span>
     <span class='ocr_line' id='line_1_4' title="bbox 161 481 1171 518; baseline 0.002 -10"><span class='ocrx_word' id='word_1_19' title='bbox 161 481 352 517; x_wconf 73' lang='lat' dir='ltr'>proventibus</span> <span class='ocrx_word' id='word_1_20' title='bbox 369 481 510 508; x_wconf 88' lang='lat' dir='ltr'>ecclesiae</span> <span class='ocrx_word' id='word_1_21' title='bbox 528 481 564 508; x_wconf 90' lang='lat' dir='ltr'>de</span> <span class='ocrx_word' id='word_1_22' title='bbox 586 481 750 516; x_wconf 84' lang='lat' dir='ltr'>Bamburgo</span> <span class='ocrx_word' id='word_1_23' title='bbox 772 485 814 515; x_wconf 65' lang='grc' dir='ltr'>(ε</span> <span class='ocrx_word' id='word_1_24' title='bbox 839 482 1066 517; x_wconf 67' lang='lat' dir='ltr'>Bambrougli‘b,</span> <span class='ocrx_word' id='word_1_25' title='bbox 1086 491 1171 518; x_wconf 88' lang='lat' dir='ltr'>quam</span> 
     </span>
     <span class='ocr_line' id='line_1_5' title="bbox 160 529 1171 565; baseline 0.003 -9"><span class='ocrx_word' id='word_1_26' title='bbox 160 529 196 556; x_wconf 87' lang='lat' dir='ltr'>ad</span> <span class='ocrx_word' id='word_1_27' title='bbox 207 530 337 565; x_wconf 84' lang='lat' dir='ltr'>ipsorum</span> <span class='ocrx_word' id='word_1_28' title='bbox 349 537 423 557; x_wconf 85' lang='lat' dir='ltr'>usus</span> <span class='ocrx_word' id='word_1_29' title='bbox 433 529 600 564; x_wconf 85' lang='lat' dir='ltr'>H10n01·iusl</span> <span class='ocrx_word' id='word_1_30' title='bbox 616 539 688 565; x_wconf 86' lang='lat' dir='ltr'>papa</span> <span class='ocrx_word' id='word_1_31' title='bbox 704 536 889 558; x_wconf 79' lang='lat' dir='ltr'>concesserat</span> <span class='ocrx_word' id='word_1_32' title='bbox 900 535 926 558; x_wconf 88' lang='lat' dir='ltr'>et</span> <span class='ocrx_word' id='word_1_33' title='bbox 943 532 1171 563; x_wconf 80' lang='lat' dir='ltr'>confirmaverat,</span> 
     </span>
     <span class='ocr_line' id='line_1_6' title="bbox 162 577 1174 613; baseline 0.003 -9"><span class='ocrx_word' id='word_1_34' title='bbox 162 577 309 613; x_wconf 84' lang='lat' dir='ltr'>praedicto</span> <span class='ocrx_word' id='word_1_35' title='bbox 325 579 499 605; x_wconf 85' lang='lat' dir='ltr'>monasterio</span> <span class='ocrx_word' id='word_1_36' title='bbox 515 578 613 605; x_wconf 83' lang='lat' dir='ltr'>Sancti</span> <span class='ocrx_word' id='word_1_37' title='bbox 630 578 708 605; x_wconf 81' lang='lat' dir='ltr'>xisti</span> <span class='ocrx_word' id='word_1_38' title='bbox 726 581 921 612; x_wconf 78' lang='lat' dir='ltr'>contulerant,</span> <span class='ocrx_word' id='word_1_39' title='bbox 938 595 975 601; x_wconf 94' lang='lat'>—</span> <span class='ocrx_word' id='word_1_40' title='bbox 990 584 1089 607; x_wconf 91' lang='lat' dir='ltr'>notum</span> <span class='ocrx_word' id='word_1_41' title='bbox 1107 581 1174 607; x_wconf 78' lang='lat' dir='ltr'>facit</span> 
     </span>
     <span class='ocr_line' id='line_1_7' title="bbox 160 626 1173 663; baseline 0.003 -10"><span class='ocrx_word' id='word_1_42' title='bbox 160 634 194 653; x_wconf 82' lang='lat' dir='ltr'>se</span> <span class='ocrx_word' id='word_1_43' title='bbox 209 626 315 654; x_wconf 87' lang='lat' dir='ltr'>dictam</span> <span class='ocrx_word' id='word_1_44' title='bbox 331 626 483 654; x_wconf 86' lang='lat' dir='ltr'>ecclesiam</span> <span class='ocrx_word' id='word_1_45' title='bbox 495 626 530 653; x_wconf 91' lang='lat' dir='ltr'>de</span> <span class='ocrx_word' id='word_1_46' title='bbox 543 626 719 662; x_wconf 87' lang='lat' dir='ltr'>Bamburgo,</span> <span class='ocrx_word' id='word_1_47' title='bbox 731 637 817 663; x_wconf 87' lang='lat' dir='ltr'>quam</span> <span class='ocrx_word' id='word_1_48' title='bbox 830 633 987 656; x_wconf 82' lang='lat' dir='ltr'>memorato</span> <span class='ocrx_word' id='word_1_49' title='bbox 998 630 1173 657; x_wconf 88' lang='lat' dir='ltr'>monasterio</span> 
     </span>
     <span class='ocr_line' id='line_1_8' title="bbox 163 674 1173 712; baseline 0.003 -10"><span class='ocrx_word' id='word_1_50' title='bbox 163 674 264 702; x_wconf 82' lang='lat' dir='ltr'>Sancti</span> <span class='ocrx_word' id='word_1_51' title='bbox 287 675 384 710; x_wconf 78' lang='lat' dir='ltr'>xisti,</span> <span class='ocrx_word' id='word_1_52' title='bbox 407 675 444 702; x_wconf 93' lang='lat' dir='ltr'>ob</span> <span class='ocrx_word' id='word_1_53' title='bbox 465 678 655 704; x_wconf 86' lang='lat' dir='ltr'>reverentiam</span> <span class='ocrx_word' id='word_1_54' title='bbox 674 677 860 712; x_wconf 86' lang='lat' dir='ltr'>Apostolicae</span> <span class='ocrx_word' id='word_1_55' title='bbox 885 678 984 709; x_wconf 82' lang='lat' dir='ltr'>Sedis.</span> <span class='ocrx_word' id='word_1_56' title='bbox 1007 679 1173 706; x_wconf 79' lang='lat' dir='ltr'>censualem</span> 
     </span>
     <span class='ocr_line' id='line_1_9' title="bbox 162 724 1173 763; baseline 0.003 -12"><span class='ocrx_word' id='word_1_57' title='bbox 162 724 304 758; x_wconf 79' lang='lat' dir='ltr'>fecerant,</span> <span class='ocrx_word' id='word_1_58' title='bbox 321 724 376 752; x_wconf 84' lang='lat' dir='ltr'>sub</span> <span class='ocrx_word' id='word_1_59' title='bbox 400 724 475 752; x_wconf 87' lang='lat' dir='ltr'>beati</span> <span class='ocrx_word' id='word_1_60' title='bbox 497 724 575 752; x_wconf 84' lang='lat' dir='ltr'>Petri</span> <span class='ocrx_word' id='word_1_61' title='bbox 590 729 618 752; x_wconf 92' lang='lat' dir='ltr'>et</span> <span class='ocrx_word' id='word_1_62' title='bbox 633 734 686 753; x_wconf 82' lang='lat' dir='ltr'>sua</span> <span class='ocrx_word' id='word_1_63' title='bbox 702 727 880 762; x_wconf 90' lang='lat' dir='ltr'>protectione</span> <span class='ocrx_word' id='word_1_64' title='bbox 896 729 1056 763; x_wconf 74' lang='lat' dir='ltr'><strong>suscipere,</strong></span> <span class='ocrx_word' id='word_1_65' title='bbox 1072 728 1173 762; x_wconf 87' lang='lat' dir='ltr'>eisque</span> 
     </span>
     <span class='ocr_line' id='line_1_10' title="bbox 161 773 1174 810; baseline 0.003 -11"><span class='ocrx_word' id='word_1_66' title='bbox 161 773 292 808; x_wconf 84' lang='lat' dir='ltr'>indulget</span> <span class='ocrx_word' id='word_1_67' title='bbox 316 776 347 800; x_wconf 92' lang='lat' dir='ltr'>ut</span> <span class='ocrx_word' id='word_1_68' title='bbox 368 773 465 801; x_wconf 88' lang='lat' dir='ltr'>nullus</span> <span class='ocrx_word' id='word_1_69' title='bbox 484 773 520 800; x_wconf 92' lang='lat' dir='ltr'>de</span> <span class='ocrx_word' id='word_1_70' title='bbox 542 777 638 800; x_wconf 89' lang='lat' dir='ltr'>cetero</span> <span class='ocrx_word' id='word_1_71' title='bbox 660 782 711 802; x_wconf 89' lang='lat' dir='ltr'>eos</span> <span class='ocrx_word' id='word_1_72' title='bbox 728 783 817 810; x_wconf 89' lang='lat' dir='ltr'>super</span> <span class='ocrx_word' id='word_1_73' title='bbox 837 775 936 804; x_wconf 80' lang='lat' dir='ltr'>eadem</span> <span class='ocrx_word' id='word_1_74' title='bbox 957 775 1093 807; x_wconf 84' lang='lat' dir='ltr'>ecclesia,</span> <span class='ocrx_word' id='word_1_75' title='bbox 1119 775 1174 802; x_wconf 86' lang='lat' dir='ltr'>nisi</span> 
     </span>
     <span class='ocr_line' id='line_1_11' title="bbox 163 822 1171 858; baseline 0.003 -10"><span class='ocrx_word' id='word_1_76' title='bbox 163 829 260 848; x_wconf 86' lang='lat' dir='ltr'>coram</span> <span class='ocrx_word' id='word_1_77' title='bbox 285 822 350 857; x_wconf 90' lang='lat' dir='ltr'>ipso</span> <span class='ocrx_word' id='word_1_78' title='bbox 373 830 459 857; x_wconf 82' lang='lat' dir='ltr'>papa,</span> <span class='ocrx_word' id='word_1_79' title='bbox 491 822 582 849; x_wconf 84' lang='lat' dir='ltr'>valeat</span> <span class='ocrx_word' id='word_1_80' title='bbox 603 823 768 850; x_wconf 89' lang='lat' dir='ltr'>convenire.</span> <span class='ocrx_word' id='word_1_81' title='bbox 792 837 826 843; x_wconf 86' lang='lat'><em>-</em></span> <span class='ocrx_word' id='word_1_82' title='bbox 853 823 935 858; x_wconf 76' lang='lat' dir='ltr'>(Rae.</span> <span class='ocrx_word' id='word_1_83' title='bbox 959 824 1006 858; x_wconf 89' lang='grc'>16,</span> <span class='ocrx_word' id='word_1_84' title='bbox 1031 824 1049 850; x_wconf 88' lang='lat' dir='ltr'>f.</span> <span class='ocrx_word' id='word_1_85' title='bbox 1072 824 1104 851; x_wconf 71' lang='lat'>46</span> <span class='ocrx_word' id='word_1_86' title='bbox 1129 830 1171 856; x_wconf 86' lang='lat' dir='ltr'>r⁰;</span> 
     </span>
     <span class='ocr_line' id='line_1_12' title="bbox 161 869 430 905; baseline 0.004 -8"><span class='ocrx_word' id='word_1_87' title='bbox 161 878 227 897; x_wconf 89' lang='lat' dir='ltr'>ann.</span> <span class='ocrx_word' id='word_1_88' title='bbox 245 869 297 905; x_wconf 89' lang='lat' dir='ltr'>VI,</span> <span class='ocrx_word' id='word_1_89' title='bbox 313 879 339 898; x_wconf 93' lang='lat' dir='ltr'>c.</span> <span class='ocrx_word' id='word_1_90' title='bbox 358 870 430 904; x_wconf 73' lang='lat'>1⁴2.)</span> 
     </span>
    </p>
   </div>
   <div class='ocr_carea' id='block_1_3' title="bbox 158 973 1173 1115">
    <p class='ocr_par' dir='ltr' id='par_1_3' title="bbox 158 973 1173 1115">
     <span class='ocr_line' id='line_1_13' title="bbox 203 973 1173 1011; baseline 0.004 -11"><span class='ocrx_word' id='word_1_91' title='bbox 203 985 216 999; x_wconf 90' lang='lat'>«</span> <span class='ocrx_word' id='word_1_92' title='bbox 237 996 256 1002; x_wconf 91' lang='lat'>..</span> <span class='ocrx_word' id='word_1_93' title='bbox 271 974 375 1011; x_wconf 77' lang='lat' dir='ltr'>priori</span> <span class='ocrx_word' id='word_1_94' title='bbox 390 978 416 1003; x_wconf 77' lang='lat' dir='ltr'>et</span> <span class='ocrx_word' id='word_1_95' title='bbox 432 975 597 1003; x_wconf 73' lang='lat' dir='ltr'>conventui</span> <span class='ocrx_word' id='word_1_96' title='bbox 612 973 720 1004; x_wconf 81' lang='lat' dir='ltr'>Sancti</span> <span class='ocrx_word' id='word_1_97' title='bbox 736 974 868 1004; x_wconf 79' lang='lat' dir='ltr'>Oswaldi</span> <span class='ocrx_word' id='word_1_98' title='bbox 880 974 914 1004; x_wconf 80' lang='lat' dir='ltr'>de</span> <span class='ocrx_word' id='word_1_99' title='bbox 926 975 1032 1011; x_wconf 78' lang='lat' dir='ltr'>Nostle,</span> <span class='ocrx_word' id='word_1_100' title='bbox 1049 975 1173 1005; x_wconf 77' lang='lat' dir='ltr'>diocesis</span> 
     </span>
     <span class='ocr_line' id='line_1_14' title="bbox 159 1026 1173 1066; baseline 0.004 -12"><span class='ocrx_word' id='word_1_101' title='bbox 159 1026 363 1055; x_wconf 82' lang='lat' dir='ltr'>Eboracensis.</span> <span class='ocrx_word' id='word_1_102' title='bbox 383 1026 601 1056; x_wconf 88' lang='lat' dir='ltr'>Devotionem</span> <span class='ocrx_word' id='word_1_103' title='bbox 616 1030 760 1057; x_wconf 89' lang='lat' dir='ltr'>vestram</span> <span class='ocrx_word' id='word_1_104' title='bbox 776 1027 887 1065; x_wconf 77' lang='lat' dir='ltr'>dignis</span> <span class='ocrx_word' id='word_1_105' title='bbox 903 1045 951 1057; x_wconf 92' lang='lat'>--.</span> <span class='ocrx_word' id='word_1_106' title='bbox 969 1028 1043 1058; x_wconf 92' lang='lat' dir='ltr'>Dat.</span> <span class='ocrx_word' id='word_1_107' title='bbox 1062 1029 1173 1066; x_wconf 85' lang='lat' dir='ltr'>Anag-</span> 
     </span>
     <span class='ocr_line' id='line_1_15' title="bbox 158 1078 922 1115; baseline -0.001 -7"><span class='ocrx_word' id='word_1_108' title='bbox 158 1078 226 1114; x_wconf 78' lang='lat' dir='ltr'>nie‚</span> <span class='ocrx_word' id='word_1_109' title='bbox 243 1079 274 1109; x_wconf 87' lang='lat' dir='ltr'>X</span> <span class='ocrx_word' id='word_1_110' title='bbox 289 1078 449 1109; x_wconf 82' lang='lat' dir='ltr'>kalendas</span> <span class='ocrx_word' id='word_1_111' title='bbox 465 1079 667 1115; x_wconf 84' lang='lat' dir='ltr'>novembris,</span> <span class='ocrx_word' id='word_1_112' title='bbox 686 1089 773 1111; x_wconf 91' lang='lat' dir='ltr'>anno</span> <span class='ocrx_word' id='word_1_113' title='bbox 789 1085 891 1111; x_wconf 79' lang='lat' dir='ltr'>sexto.</span> <span class='ocrx_word' id='word_1_114' title='bbox 910 1093 922 1107; x_wconf 85' lang='lat'>»</span> 
     </span>
    </p>
   </div>
   <div class='ocr_carea' id='block_1_4' title="bbox 227 1251 317 1281">
    <p class='ocr_par' dir='ltr' id='par_1_4' title="bbox 227 1251 317 1281">
     <span class='ocr_line' id='line_1_16' title="bbox 227 1251 317 1281; baseline 0.011 -1"><span class='ocrx_word' id='word_1_115' title='bbox 227 1251 317 1281; x_wconf 68' lang='lat'>932</span> 
     </span>
    </p>
   </div>
   <div class='ocr_carea' id='block_1_5' title="bbox 157 1312 1178 1642">
    <p class='ocr_par' dir='ltr' id='par_1_5' title="bbox 157 1312 1178 1642">
     <span class='ocr_line' id='line_1_17' title="bbox 193 1312 1176 1348; baseline 0.001 -8"><span class='ocrx_word' id='word_1_116' title='bbox 193 1313 458 1348; x_wconf 85' lang='lat' dir='ltr'>Archipresbytero</span> <span class='ocrx_word' id='word_1_117' title='bbox 482 1312 654 1340; x_wconf 84' lang='lat' dir='ltr'>Sanctorum</span> <span class='ocrx_word' id='word_1_118' title='bbox 674 1312 741 1348; x_wconf 86' lang='lat' dir='ltr'>Cyri</span> <span class='ocrx_word' id='word_1_119' title='bbox 758 1316 787 1340; x_wconf 87' lang='lat' dir='ltr'>et</span> <span class='ocrx_word' id='word_1_120' title='bbox 801 1312 945 1340; x_wconf 88' lang='lat' dir='ltr'>Johannis</span> <span class='ocrx_word' id='word_1_121' title='bbox 959 1313 993 1340; x_wconf 87' lang='lat' dir='ltr'>de</span> <span class='ocrx_word' id='word_1_122' title='bbox 1007 1314 1087 1341; x_wconf 88' lang='lat' dir='ltr'>Urbe</span> <span class='ocrx_word' id='word_1_123' title='bbox 1104 1314 1176 1341; x_wconf 88' lang='lat' dir='ltr'>visi-</span> 
     </span>
     <span class='ocr_line' id='line_1_18' title="bbox 157 1362 1173 1397; baseline 0 -8"><span class='ocrx_word' id='word_1_124' title='bbox 157 1363 295 1390; x_wconf 78' lang='lat' dir='ltr'>tationem</span> <span class='ocrx_word' id='word_1_125' title='bbox 312 1366 341 1388; x_wconf 88' lang='lat' dir='ltr'>et</span> <span class='ocrx_word' id='word_1_126' title='bbox 361 1362 595 1388; x_wconf 79' lang='lat' dir='ltr'>reformationem</span> <span class='ocrx_word' id='word_1_127' title='bbox 620 1362 862 1388; x_wconf 78' lang='lat' dir='ltr'>monasteriorum</span> <span class='ocrx_word' id='word_1_128' title='bbox 888 1362 1011 1389; x_wconf 83' lang='lat' dir='ltr'>Sanctae</span> <span class='ocrx_word' id='word_1_129' title='bbox 1033 1363 1173 1397; x_wconf 82' lang='lat' dir='ltr'>Agnetis,</span> 
     </span>
     <span class='ocr_line' id='line_1_19' title="bbox 159 1409 1176 1444; baseline 0 -6"><span class='ocrx_word' id='word_1_130' title='bbox 159 1410 283 1438; x_wconf 83' lang='lat' dir='ltr'>Sanctae</span> <span class='ocrx_word' id='word_1_131' title='bbox 300 1410 440 1437; x_wconf 83' lang='lat' dir='ltr'>Vivianae</span> <span class='ocrx_word' id='word_1_132' title='bbox 456 1412 501 1444; x_wconf 91' lang='lat'>(=</span> <span class='ocrx_word' id='word_1_133' title='bbox 517 1409 676 1443; x_wconf 83' lang='lat' dir='ltr'>Bibianae),</span> <span class='ocrx_word' id='word_1_134' title='bbox 691 1409 789 1437; x_wconf 84' lang='lat' dir='ltr'>Sancti</span> <span class='ocrx_word' id='word_1_135' title='bbox 806 1411 941 1438; x_wconf 87' lang='lat' dir='ltr'>Andreae</span> <span class='ocrx_word' id='word_1_136' title='bbox 955 1411 991 1438; x_wconf 88' lang='lat' dir='ltr'>de</span> <span class='ocrx_word' id='word_1_137' title='bbox 1007 1410 1176 1439; x_wconf 82' lang='lat' dir='ltr'>Beveratica</span> 
     </span>
     <span class='ocr_line' id='line_1_20' title="bbox 158 1457 1177 1494; baseline 0.003 -10"><span class='ocrx_word' id='word_1_138' title='bbox 158 1462 204 1494; x_wconf 88' lang='lat'><strong>(=.-</strong></span> <span class='ocrx_word' id='word_1_139' title='bbox 218 1459 404 1492; x_wconf 82' lang='lat' dir='ltr'>Biberatica),</span> <span class='ocrx_word' id='word_1_140' title='bbox 422 1458 521 1486; x_wconf 86' lang='lat' dir='ltr'>Sancti</span> <span class='ocrx_word' id='word_1_141' title='bbox 537 1457 664 1494; x_wconf 81' lang='lat' dir='ltr'>Cyriaci.</span> <span class='ocrx_word' id='word_1_142' title='bbox 683 1458 806 1486; x_wconf 88' lang='lat' dir='ltr'>Sanctae</span> <span class='ocrx_word' id='word_1_143' title='bbox 825 1459 932 1486; x_wconf 89' lang='lat' dir='ltr'>Mariae</span> <span class='ocrx_word' id='word_1_144' title='bbox 953 1459 990 1486; x_wconf 87' lang='lat' dir='ltr'>de</span> <span class='ocrx_word' id='word_1_145' title='bbox 1007 1459 1133 1487; x_wconf 84' lang='lat' dir='ltr'>Maxima</span> <span class='ocrx_word' id='word_1_146' title='bbox 1148 1465 1177 1488; x_wconf 87' lang='lat' dir='ltr'>et</span> 
     </span>
     <span class='ocr_line' id='line_1_21' title="bbox 158 1507 1176 1544; baseline 0 -8"><span class='ocrx_word' id='word_1_147' title='bbox 158 1507 283 1536; x_wconf 83' lang='lat' dir='ltr'>Sanctae</span> <span class='ocrx_word' id='word_1_148' title='bbox 297 1508 403 1535; x_wconf 89' lang='lat' dir='ltr'>Mariae</span> <span class='ocrx_word' id='word_1_149' title='bbox 418 1508 454 1535; x_wconf 90' lang='lat' dir='ltr'>de</span> <span class='ocrx_word' id='word_1_150' title='bbox 470 1507 569 1543; x_wconf 84' lang='lat' dir='ltr'>Capite</span> <span class='ocrx_word' id='word_1_151' title='bbox 585 1507 682 1535; x_wconf 88' lang='lat' dir='ltr'>Martii</span> <span class='ocrx_word' id='word_1_152' title='bbox 697 1510 742 1542; x_wconf 88' lang='lat'>(=</span> <span class='ocrx_word' id='word_1_153' title='bbox 752 1507 861 1544; x_wconf 87' lang='lat' dir='ltr'>Campo</span> <span class='ocrx_word' id='word_1_154' title='bbox 876 1508 979 1536; x_wconf 86' lang='lat' dir='ltr'>Martis</span> <span class='ocrx_word' id='word_1_155' title='bbox 987 1508 1008 1542; x_wconf 73' lang='grc' dir='ltr'>Ἱ)</span> <span class='ocrx_word' id='word_1_156' title='bbox 1025 1509 1071 1543; x_wconf 91' lang='lat' dir='ltr'>(de</span> <span class='ocrx_word' id='word_1_157' title='bbox 1085 1509 1176 1543; x_wconf 86' lang='lat' dir='ltr'>Urbe)</span> 
     </span>
     <span class='ocr_line' id='line_1_22' title="bbox 158 1557 1178 1592; baseline 0.001 -7"><span class='ocrx_word' id='word_1_158' title='bbox 158 1557 324 1585; x_wconf 88' lang='lat' dir='ltr'>committit.</span> <span class='ocrx_word' id='word_1_159' title='bbox 348 1571 383 1577; x_wconf 98' lang='lat'><strong>—</strong></span> <span class='ocrx_word' id='word_1_160' title='bbox 407 1557 490 1592; x_wconf 75' lang='lat' dir='ltr'>(Rae.</span> <span class='ocrx_word' id='word_1_161' title='bbox 515 1557 558 1592; x_wconf 89' lang='grc'>16,</span> <span class='ocrx_word' id='word_1_162' title='bbox 583 1557 604 1584; x_wconf 85' lang='lat' dir='ltr'>f.</span> <span class='ocrx_word' id='word_1_163' title='bbox 628 1557 661 1584; x_wconf 88' lang='lat'>46</span> <span class='ocrx_word' id='word_1_164' title='bbox 683 1564 726 1592; x_wconf 82' lang='lat' dir='ltr'>r⁰;</span> <span class='ocrx_word' id='word_1_165' title='bbox 751 1566 818 1585; x_wconf 88' lang='lat' dir='ltr'>ann.</span> <span class='ocrx_word' id='word_1_166' title='bbox 834 1557 882 1590; x_wconf 88' lang='lat' dir='ltr'>VI,</span> <span class='ocrx_word' id='word_1_167' title='bbox 908 1566 935 1586; x_wconf 93' lang='lat' dir='ltr'>c.</span> <span class='ocrx_word' id='word_1_168' title='bbox 960 1558 1030 1590; x_wconf 71' lang='lat'>1432</span> <span class='ocrx_word' id='word_1_169' title='bbox 1055 1574 1089 1578; x_wconf 98' lang='lat'><strong>—</strong></span> <span class='ocrx_word' id='word_1_170' title='bbox 1112 1558 1178 1586; x_wconf 91' lang='lat' dir='ltr'>Mo-</span> 
     </span>
     <span class='ocr_line' id='line_1_23' title="bbox 157 1605 452 1642; baseline -0.01 -6"><span class='ocrx_word' id='word_1_171' title='bbox 157 1616 229 1636; x_wconf 72' lang='lat' dir='ltr'>mm]</span> <span class='ocrx_word' id='word_1_172' title='bbox 246 1606 326 1642; x_wconf 79' lang='lat'><strong>1187,</strong></span> <span class='ocrx_word' id='word_1_173' title='bbox 342 1606 361 1633; x_wconf 75' lang='lat' dir='ltr'>f.</span> <span class='ocrx_word' id='word_1_174' title='bbox 379 1605 452 1639; x_wconf 81' lang='lat'>345.)</span> 
     </span>
    </p>
   </div>
   <div class='ocr_carea' id='block_1_6' title="bbox 694 1251 1102 1286">
    <p class='ocr_par' dir='ltr' id='par_1_6' title="bbox 694 1251 1102 1286">
     <span class='ocr_line' id='line_1_24' title="bbox 694 1251 1102 1286; baseline 0.005 -9"><span class='ocrx_word' id='word_1_175' title='bbox 694 1251 822 1286; x_wconf 82' lang='lat' dir='ltr'>Anagni,</span> <span class='ocrx_word' id='word_1_176' title='bbox 836 1251 870 1278; x_wconf 77' lang='lat'>26</span> <span class='ocrx_word' id='word_1_177' title='bbox 887 1251 1006 1279; x_wconf 88' lang='lat' dir='ltr'>octobre</span> <span class='ocrx_word' id='word_1_178' title='bbox 1024 1252 1102 1280; x_wconf 70' lang='lat'>1232.</span> 
     </span>
    </p>
   </div>
   <div class='ocr_carea' id='block_1_7' title="bbox 156 1708 1176 3022">
    <p class='ocr_par' dir='ltr' id='par_1_7' title="bbox 156 1708 1176 3022">
     <span class='ocr_line' id='line_1_25' title="bbox 203 1708 1174 1747; baseline 0.004 -11"><span class='ocrx_word' id='word_1_179' title='bbox 203 1721 216 1737; x_wconf 90' lang='lat'>«</span> <span class='ocrx_word' id='word_1_180' title='bbox 237 1732 256 1739; x_wconf 93' lang='lat'>..</span> <span class='ocrx_word' id='word_1_181' title='bbox 274 1709 529 1747; x_wconf 80' lang='lat' dir='ltr'>archipresbitero</span> <span class='ocrx_word' id='word_1_182' title='bbox 543 1708 730 1738; x_wconf 75' lang='lat' dir='ltr'>Sanctorum</span> <span class='ocrx_word' id='word_1_183' title='bbox 745 1709 819 1747; x_wconf 83' lang='lat' dir='ltr'>Gyri</span> <span class='ocrx_word' id='word_1_184' title='bbox 833 1714 859 1739; x_wconf 79' lang='lat' dir='ltr'>et</span> <span class='ocrx_word' id='word_1_185' title='bbox 874 1710 1026 1740; x_wconf 78' lang='lat' dir='ltr'>Johannis</span> <span class='ocrx_word' id='word_1_186' title='bbox 1039 1711 1073 1740; x_wconf 82' lang='lat' dir='ltr'>de</span> <span class='ocrx_word' id='word_1_187' title='bbox 1091 1711 1174 1741; x_wconf 76' lang='lat' dir='ltr'>Urbe.</span> 
     </span>
     <span class='ocr_line' id='line_1_26' title="bbox 160 1761 1176 1802; baseline 0 -8"><span class='ocrx_word' id='word_1_188' title='bbox 160 1762 352 1794; x_wconf 87' lang='lat' dir='ltr'>Gaudemus</span> <span class='ocrx_word' id='word_1_189' title='bbox 374 1761 410 1791; x_wconf 92' lang='lat' dir='ltr'>in</span> <span class='ocrx_word' id='word_1_190' title='bbox 431 1761 589 1794; x_wconf 86' lang='lat' dir='ltr'>Domino,</span> <span class='ocrx_word' id='word_1_191' title='bbox 612 1761 825 1800; x_wconf 83' lang='lat' dir='ltr'>prudentiam</span> <span class='ocrx_word' id='word_1_192' title='bbox 844 1766 936 1792; x_wconf 91' lang='lat' dir='ltr'>tuam</span> <span class='ocrx_word' id='word_1_193' title='bbox 955 1763 1066 1802; x_wconf 79' lang='lat' dir='ltr'>dignis</span> <span class='ocrx_word' id='word_1_194' title='bbox 1086 1764 1122 1793; x_wconf 90' lang='lat' dir='ltr'>in</span> <span class='ocrx_word' id='word_1_195' title='bbox 1138 1773 1176 1795; x_wconf 93' lang='lat' dir='ltr'>eo</span> 
     </span>
     <span class='ocr_line' id='line_1_27' title="bbox 159 1814 1176 1853; baseline 0 -7"><span class='ocrx_word' id='word_1_196' title='bbox 159 1815 315 1846; x_wconf 84' lang='lat' dir='ltr'>laudibus</span> <span class='ocrx_word' id='word_1_197' title='bbox 339 1814 610 1845; x_wconf 80' lang='lat' dir='ltr'>commendantes</span> <span class='ocrx_word' id='word_1_198' title='bbox 638 1823 738 1853; x_wconf 88' lang='lat' dir='ltr'>super</span> <span class='ocrx_word' id='word_1_199' title='bbox 762 1814 937 1853; x_wconf 80' lang='lat' dir='ltr'>diligentia</span> <span class='ocrx_word' id='word_1_200' title='bbox 959 1821 990 1846; x_wconf 88' lang='lat' dir='ltr'>et</span> <span class='ocrx_word' id='word_1_201' title='bbox 1012 1816 1176 1847; x_wconf 90' lang='lat' dir='ltr'>sollicitu-</span> 
     </span>
     <span class='ocr_line' id='line_1_28' title="bbox 159 1867 1176 1908; baseline 0.001 -10"><span class='ocrx_word' id='word_1_202' title='bbox 159 1868 248 1904; x_wconf 76' lang='lat' dir='ltr'>dine⁷</span> <span class='ocrx_word' id='word_1_203' title='bbox 270 1877 370 1907; x_wconf 86' lang='lat' dir='ltr'>quam</span> <span class='ocrx_word' id='word_1_204' title='bbox 386 1867 421 1897; x_wconf 91' lang='lat' dir='ltr'>in</span> <span class='ocrx_word' id='word_1_205' title='bbox 439 1867 677 1898; x_wconf 79' lang='lat' dir='ltr'>reformatione</span> <span class='ocrx_word' id='word_1_206' title='bbox 699 1868 895 1898; x_wconf 88' lang='lat' dir='ltr'>monasterii</span> <span class='ocrx_word' id='word_1_207' title='bbox 912 1869 1026 1899; x_wconf 83' lang='lat' dir='ltr'>Sancti</span> <span class='ocrx_word' id='word_1_208' title='bbox 1041 1869 1176 1908; x_wconf 74' lang='lat' dir='ltr'>Cyriaci</span> 
     </span>
     <span class='ocr_line' id='line_1_29' title="bbox 161 1920 1175 1961; baseline 0.002 -10"><span class='ocrx_word' id='word_1_209' title='bbox 161 1920 201 1952; x_wconf 88' lang='lat' dir='ltr'>de</span> <span class='ocrx_word' id='word_1_210' title='bbox 217 1921 307 1952; x_wconf 85' lang='lat' dir='ltr'>Urbe</span> <span class='ocrx_word' id='word_1_211' title='bbox 326 1925 355 1951; x_wconf 89' lang='lat' dir='ltr'>te</span> <span class='ocrx_word' id='word_1_212' title='bbox 372 1920 526 1950; x_wconf 86' lang='lat' dir='ltr'>novimus</span> <span class='ocrx_word' id='word_1_213' title='bbox 542 1920 713 1951; x_wconf 89' lang='lat' dir='ltr'>habuisse.</span> <span class='ocrx_word' id='word_1_214' title='bbox 728 1921 906 1960; x_wconf 76' lang='lat' dir='ltr'>Spei-antes</span> <span class='ocrx_word' id='word_1_215' title='bbox 922 1921 1026 1960; x_wconf 78' lang='lat' dir='ltr'>igitur</span> <span class='ocrx_word' id='word_1_216' title='bbox 1041 1922 1129 1961; x_wconf 86' lang='lat' dir='ltr'>quod</span> <span class='ocrx_word' id='word_1_217' title='bbox 1144 1926 1175 1953; x_wconf 91' lang='lat' dir='ltr'>te</span> 
     </span>
     <span class='ocr_line' id='line_1_30' title="bbox 158 1973 1173 2014; baseline 0.001 -10"><span class='ocrx_word' id='word_1_218' title='bbox 158 1974 334 2014; x_wconf 85' lang='lat' dir='ltr'>providum</span> <span class='ocrx_word' id='word_1_219' title='bbox 350 1978 381 2003; x_wconf 85' lang='lat' dir='ltr'>et</span> <span class='ocrx_word' id='word_1_220' title='bbox 402 1973 681 2012; x_wconf 83' lang='lat' dir='ltr'>circumspectum</span> <span class='ocrx_word' id='word_1_221' title='bbox 702 1973 737 2003; x_wconf 90' lang='lat' dir='ltr'>in</span> <span class='ocrx_word' id='word_1_222' title='bbox 758 1973 835 2004; x_wconf 88' lang='lat' dir='ltr'>aliis</span> <span class='ocrx_word' id='word_1_223' title='bbox 857 1974 978 2005; x_wconf 83' lang='lat' dir='ltr'>debeas</span> <span class='ocrx_word' id='word_1_224' title='bbox 998 1975 1173 2011; x_wconf 78' lang='lat' dir='ltr'>exhibere,</span> 
     </span>
     <span class='ocr_line' id='line_1_31' title="bbox 159 2027 1174 2066; baseline 0.001 -8"><span class='ocrx_word' id='word_1_225' title='bbox 159 2036 235 2058; x_wconf 89' lang='lat' dir='ltr'>cum</span> <span class='ocrx_word' id='word_1_226' title='bbox 249 2027 409 2066; x_wconf 89' lang='lat' dir='ltr'>preterita</span> <span class='ocrx_word' id='word_1_227' title='bbox 425 2027 490 2057; x_wconf 86' lang='lat' dir='ltr'>sint</span> <span class='ocrx_word' id='word_1_228' title='bbox 508 2027 633 2057; x_wconf 73' lang='lat' dir='ltr'>indicia</span> <span class='ocrx_word' id='word_1_229' title='bbox 649 2027 850 2064; x_wconf 81' lang='lat' dir='ltr'>futurorum⁷</span> <span class='ocrx_word' id='word_1_230' title='bbox 865 2027 1094 2059; x_wconf 80' lang='lat' dir='ltr'>visitationem</span> <span class='ocrx_word' id='word_1_231' title='bbox 1109 2038 1174 2059; x_wconf 90' lang='lat' dir='ltr'>mo-</span> 
     </span>
     <span class='ocr_line' id='line_1_32' title="bbox 158 2080 1175 2118; baseline 0.001 -7"><span class='ocrx_word' id='word_1_232' title='bbox 158 2081 382 2111; x_wconf 84' lang='lat' dir='ltr'>nasteriorum</span> <span class='ocrx_word' id='word_1_233' title='bbox 409 2080 528 2110; x_wconf 83' lang='lat' dir='ltr'>Sancte</span> <span class='ocrx_word' id='word_1_234' title='bbox 552 2080 708 2118; x_wconf 74' lang='lat' dir='ltr'>Agnetis,</span> <span class='ocrx_word' id='word_1_235' title='bbox 734 2081 853 2111; x_wconf 86' lang='lat' dir='ltr'>Sancte</span> <span class='ocrx_word' id='word_1_236' title='bbox 876 2081 1036 2117; x_wconf 69' lang='lat' dir='ltr'>Viviane,</span> <span class='ocrx_word' id='word_1_237' title='bbox 1061 2082 1175 2112; x_wconf 84' lang='lat' dir='ltr'>Sancti</span> 
     </span>
     <span class='ocr_line' id='line_1_33' title="bbox 157 2133 1174 2172; baseline 0.002 -9"><span class='ocrx_word' id='word_1_238' title='bbox 157 2134 289 2164; x_wconf 88' lang='lat' dir='ltr'>Andree</span> <span class='ocrx_word' id='word_1_239' title='bbox 303 2133 342 2164; x_wconf 86' lang='lat' dir='ltr'>de</span> <span class='ocrx_word' id='word_1_240' title='bbox 358 2133 564 2169; x_wconf 78' lang='lat' dir='ltr'>Beveratica,</span> <span class='ocrx_word' id='word_1_241' title='bbox 583 2133 697 2164; x_wconf 89' lang='lat' dir='ltr'>Sancti</span> <span class='ocrx_word' id='word_1_242' title='bbox 713 2133 858 2172; x_wconf 69' lang='lat' dir='ltr'>Cyriaci,</span> <span class='ocrx_word' id='word_1_243' title='bbox 877 2134 997 2165; x_wconf 83' lang='lat' dir='ltr'>Sancte</span> <span class='ocrx_word' id='word_1_244' title='bbox 1014 2135 1118 2165; x_wconf 88' lang='lat' dir='ltr'>Maric</span> <span class='ocrx_word' id='word_1_245' title='bbox 1135 2135 1174 2166; x_wconf 87' lang='lat' dir='ltr'>de</span> 
     </span>
     <span class='ocr_line' id='line_1_34' title="bbox 158 2185 1174 2224; baseline 0.001 -7"><span class='ocrx_word' id='word_1_246' title='bbox 158 2186 305 2217; x_wconf 83' lang='lat' dir='ltr'>Maxima</span> <span class='ocrx_word' id='word_1_247' title='bbox 327 2190 358 2216; x_wconf 91' lang='lat' dir='ltr'>et</span> <span class='ocrx_word' id='word_1_248' title='bbox 381 2186 500 2216; x_wconf 83' lang='lat' dir='ltr'>Sancte</span> <span class='ocrx_word' id='word_1_249' title='bbox 517 2185 622 2216; x_wconf 84' lang='lat' dir='ltr'>Maric</span> <span class='ocrx_word' id='word_1_250' title='bbox 644 2185 684 2216; x_wconf 88' lang='lat' dir='ltr'>de</span> <span class='ocrx_word' id='word_1_251' title='bbox 706 2186 821 2224; x_wconf 82' lang='lat' dir='ltr'>Capite</span> <span class='ocrx_word' id='word_1_252' title='bbox 844 2187 957 2216; x_wconf 81' lang='lat' dir='ltr'>Martii</span> <span class='ocrx_word' id='word_1_253' title='bbox 979 2187 1174 2218; x_wconf 87' lang='lat' dir='ltr'>discretioni</span> 
     </span>
     <span class='ocr_line' id='line_1_35' title="bbox 157 2238 1174 2279; baseline 0.001 -9"><span class='ocrx_word' id='word_1_254' title='bbox 157 2244 214 2271; x_wconf 86' lang='lat' dir='ltr'>tue</span> <span class='ocrx_word' id='word_1_255' title='bbox 230 2239 386 2269; x_wconf 77' lang='lat' dir='ltr'>duximus</span> <span class='ocrx_word' id='word_1_256' title='bbox 402 2238 684 2274; x_wconf 76' lang='lat' dir='ltr'>committendam,</span> <span class='ocrx_word' id='word_1_257' title='bbox 706 2239 902 2270; x_wconf 80' lang='lat' dir='ltr'>mandantes</span> <span class='ocrx_word' id='word_1_258' title='bbox 919 2244 1095 2279; x_wconf 84' lang='lat' dir='ltr'>quatenus,</span> <span class='ocrx_word' id='word_1_259' title='bbox 1113 2240 1174 2271; x_wconf 87' lang='lat' dir='ltr'>ha-</span> 
     </span>
     <span class='ocr_line' id='line_1_36' title="bbox 160 2292 1174 2332; baseline 0 -9"><span class='ocrx_word' id='word_1_260' title='bbox 160 2293 243 2324; x_wconf 89' lang='lat' dir='ltr'>hens</span> <span class='ocrx_word' id='word_1_261' title='bbox 259 2292 439 2323; x_wconf 88' lang='lat' dir='ltr'>Dominum</span> <span class='ocrx_word' id='word_1_262' title='bbox 455 2301 511 2331; x_wconf 87' lang='lat' dir='ltr'>pre</span> <span class='ocrx_word' id='word_1_263' title='bbox 526 2292 642 2327; x_wconf 77' lang='lat' dir='ltr'>oculis,</span> <span class='ocrx_word' id='word_1_264' title='bbox 655 2292 690 2322; x_wconf 90' lang='lat' dir='ltr'>in</span> <span class='ocrx_word' id='word_1_265' title='bbox 707 2293 755 2323; x_wconf 88' lang='lat' dir='ltr'>eis</span> <span class='ocrx_word' id='word_1_266' title='bbox 772 2293 842 2323; x_wconf 86' lang='lat' dir='ltr'>vice</span> <span class='ocrx_word' id='word_1_267' title='bbox 855 2298 968 2323; x_wconf 88' lang='lat' dir='ltr'>nostra</span> <span class='ocrx_word' id='word_1_268' title='bbox 979 2294 1126 2332; x_wconf 83' lang='lat' dir='ltr'>corrigas</span> <span class='ocrx_word' id='word_1_269' title='bbox 1142 2298 1174 2324; x_wconf 89' lang='lat' dir='ltr'>et</span> 
     </span>
     <span class='ocr_line' id='line_1_37' title="bbox 156 2346 1173 2385; baseline 0.001 -8"><span class='ocrx_word' id='word_1_270' title='bbox 156 2347 318 2377; x_wconf 83' lang='lat' dir='ltr'>reformes</span> <span class='ocrx_word' id='word_1_271' title='bbox 335 2355 398 2385; x_wconf 86' lang='lat' dir='ltr'>que</span> <span class='ocrx_word' id='word_1_272' title='bbox 415 2346 631 2376; x_wconf 86' lang='lat' dir='ltr'>correctionis</span> <span class='ocrx_word' id='word_1_273' title='bbox 642 2350 674 2376; x_wconf 89' lang='lat' dir='ltr'>et</span> <span class='ocrx_word' id='word_1_274' title='bbox 689 2346 938 2377; x_wconf 84' lang='lat' dir='ltr'>reformationis</span> <span class='ocrx_word' id='word_1_275' title='bbox 954 2347 1061 2377; x_wconf 89' lang='lat' dir='ltr'>officio</span> <span class='ocrx_word' id='word_1_276' title='bbox 1077 2356 1173 2378; x_wconf 89' lang='lat' dir='ltr'>nove-</span> 
     </span>
     <span class='ocr_line' id='line_1_38' title="bbox 157 2398 1174 2439; baseline 0.002 -10"><span class='ocrx_word' id='word_1_277' title='bbox 157 2399 205 2430; x_wconf 88' lang='lat' dir='ltr'>ris</span> <span class='ocrx_word' id='word_1_278' title='bbox 221 2399 383 2437; x_wconf 79' lang='lat' dir='ltr'>indigere,</span> <span class='ocrx_word' id='word_1_279' title='bbox 398 2398 598 2429; x_wconf 87' lang='lat' dir='ltr'>recludendo</span> <span class='ocrx_word' id='word_1_280' title='bbox 614 2398 776 2430; x_wconf 83' lang='lat' dir='ltr'>moniales</span> <span class='ocrx_word' id='word_1_281' title='bbox 789 2400 1069 2430; x_wconf 87' lang='lat' dir='ltr'>monasteriorum</span> <span class='ocrx_word' id='word_1_282' title='bbox 1084 2400 1174 2439; x_wconf 88' lang='lat' dir='ltr'>ipso-</span> 
     </span>
     <span class='ocr_line' id='line_1_39' title="bbox 156 2451 1174 2493; baseline 0.002 -10"><span class='ocrx_word' id='word_1_283' title='bbox 156 2462 243 2488; x_wconf 79' lang='lat' dir='ltr'>rum,</span> <span class='ocrx_word' id='word_1_284' title='bbox 254 2452 341 2483; x_wconf 90' lang='lat' dir='ltr'>sicut</span> <span class='ocrx_word' id='word_1_285' title='bbox 350 2452 385 2482; x_wconf 91' lang='lat' dir='ltr'>in</span> <span class='ocrx_word' id='word_1_286' title='bbox 396 2451 544 2491; x_wconf 88' lang='lat' dir='ltr'>predicto</span> <span class='ocrx_word' id='word_1_287' title='bbox 555 2452 758 2489; x_wconf 84' lang='lat' dir='ltr'>monasterio</span> <span class='ocrx_word' id='word_1_288' title='bbox 770 2453 883 2483; x_wconf 85' lang='lat' dir='ltr'>Sancti</span> <span class='ocrx_word' id='word_1_289' title='bbox 893 2453 1027 2492; x_wconf 71' lang='lat' dir='ltr'>Cyl-iaci</span> <span class='ocrx_word' id='word_1_290' title='bbox 1037 2454 1174 2493; x_wconf 85' lang='lat' dir='ltr'>provide</span> 
     </span>
     <span class='ocr_line' id='line_1_40' title="bbox 158 2505 1174 2538; baseline 0.002 -3"><span class='ocrx_word' id='word_1_291' title='bbox 158 2505 387 2536; x_wconf 84' lang='lat' dir='ltr'>intelleximus</span> <span class='ocrx_word' id='word_1_292' title='bbox 411 2509 441 2536; x_wconf 91' lang='lat' dir='ltr'>tc</span> <span class='ocrx_word' id='word_1_293' title='bbox 461 2505 593 2535; x_wconf 81' lang='lat' dir='ltr'>secisse.</span> <span class='ocrx_word' id='word_1_294' title='bbox 622 2506 779 2536; x_wconf 86' lang='lat' dir='ltr'>Preterea</span> <span class='ocrx_word' id='word_1_295' title='bbox 805 2506 989 2537; x_wconf 79' lang='lat' dir='ltr'>transferas</span> <span class='ocrx_word' id='word_1_296' title='bbox 1011 2506 1174 2538; x_wconf 89' lang='lat' dir='ltr'>moniales</span> 
     </span>
     <span class='ocr_line' id='line_1_41' title="bbox 160 2557 1174 2599; baseline 0.002 -10"><span class='ocrx_word' id='word_1_297' title='bbox 160 2558 200 2590; x_wconf 88' lang='lat' dir='ltr'>de</span> <span class='ocrx_word' id='word_1_298' title='bbox 215 2567 282 2589; x_wconf 89' lang='lat' dir='ltr'>uno</span> <span class='ocrx_word' id='word_1_299' title='bbox 298 2558 501 2589; x_wconf 84' lang='lat' dir='ltr'>monasterio</span> <span class='ocrx_word' id='word_1_300' title='bbox 513 2558 553 2588; x_wconf 82' lang='lat' dir='ltr'>ad</span> <span class='ocrx_word' id='word_1_301' title='bbox 566 2557 669 2594; x_wconf 87' lang='lat' dir='ltr'>aliud,</span> <span class='ocrx_word' id='word_1_302' title='bbox 685 2558 714 2589; x_wconf 90' lang='lat' dir='ltr'>si</span> <span class='ocrx_word' id='word_1_303' title='bbox 726 2559 850 2590; x_wconf 86' lang='lat' dir='ltr'>videris</span> <span class='ocrx_word' id='word_1_304' title='bbox 863 2559 1028 2598; x_wconf 82' lang='lat' dir='ltr'>expedire,</span> <span class='ocrx_word' id='word_1_305' title='bbox 1042 2561 1174 2599; x_wconf 87' lang='lat' dir='ltr'>proviso</span> 
     </span>
     <span class='ocr_line' id='line_1_42' title="bbox 160 2611 1175 2652; baseline 0.002 -10"><span class='ocrx_word' id='word_1_306' title='bbox 160 2611 265 2651; x_wconf 87' lang='lat' dir='ltr'>quod,</span> <span class='ocrx_word' id='word_1_307' title='bbox 283 2611 311 2642; x_wconf 88' lang='lat' dir='ltr'>si</span> <span class='ocrx_word' id='word_1_308' title='bbox 328 2611 490 2642; x_wconf 85' lang='lat' dir='ltr'>moniales</span> <span class='ocrx_word' id='word_1_309' title='bbox 513 2620 628 2643; x_wconf 89' lang='lat' dir='ltr'>omnes</span> <span class='ocrx_word' id='word_1_310' title='bbox 649 2611 690 2643; x_wconf 87' lang='lat' dir='ltr'>de</span> <span class='ocrx_word' id='word_1_311' title='bbox 711 2611 824 2652; x_wconf 88' lang='lat' dir='ltr'>aliquo</span> <span class='ocrx_word' id='word_1_312' title='bbox 846 2613 898 2643; x_wconf 83' lang='lat' dir='ltr'>vel</span> <span class='ocrx_word' id='word_1_313' title='bbox 918 2613 1088 2652; x_wconf 81' lang='lat' dir='ltr'>aliquibus</span> <span class='ocrx_word' id='word_1_314' title='bbox 1104 2623 1175 2644; x_wconf 90' lang='lat' dir='ltr'>mo-</span> 
     </span>
     <span class='ocr_line' id='line_1_43' title="bbox 158 2663 1175 2701; baseline 0.002 -6"><span class='ocrx_word' id='word_1_315' title='bbox 158 2664 316 2695; x_wconf 85' lang='lat' dir='ltr'>nasteriis</span> <span class='ocrx_word' id='word_1_316' title='bbox 333 2664 373 2694; x_wconf 87' lang='lat' dir='ltr'>ad</span> <span class='ocrx_word' id='word_1_317' title='bbox 389 2663 455 2694; x_wconf 85' lang='lat' dir='ltr'>alia</span> <span class='ocrx_word' id='word_1_318' title='bbox 471 2664 605 2695; x_wconf 80' lang='lat' dir='ltr'>duxeris</span> <span class='ocrx_word' id='word_1_319' title='bbox 622 2665 886 2701; x_wconf 74' lang='lat' dir='ltr'>transferendas,</span> <span class='ocrx_word' id='word_1_320' title='bbox 904 2666 991 2696; x_wconf 88' lang='lat' dir='ltr'>bona</span> <span class='ocrx_word' id='word_1_321' title='bbox 1006 2671 1175 2698; x_wconf 87' lang='lat' dir='ltr'>monaste-</span> 
     </span>
     <span class='ocr_line' id='line_1_44' title="bbox 160 2716 1174 2758; baseline 0.004 -12"><span class='ocrx_word' id='word_1_322' title='bbox 160 2717 288 2747; x_wconf 87' lang='lat' dir='ltr'>riorum</span> <span class='ocrx_word' id='word_1_323' title='bbox 302 2716 436 2747; x_wconf 85' lang='lat' dir='ltr'>illorum</span> <span class='ocrx_word' id='word_1_324' title='bbox 454 2726 471 2746; x_wconf 87' lang='lat' dir='ltr'>a</span> <span class='ocrx_word' id='word_1_325' title='bbox 488 2717 610 2756; x_wconf 88' lang='lat' dir='ltr'>quibus</span> <span class='ocrx_word' id='word_1_326' title='bbox 627 2722 734 2748; x_wconf 88' lang='lat' dir='ltr'>amote</span> <span class='ocrx_word' id='word_1_327' title='bbox 750 2718 891 2754; x_wconf 75' lang='lat' dir='ltr'>fuerint,</span> <span class='ocrx_word' id='word_1_328' title='bbox 917 2728 991 2749; x_wconf 84' lang='lat' dir='ltr'>cum</span> <span class='ocrx_word' id='word_1_329' title='bbox 1006 2719 1088 2758; x_wconf 87' lang='lat' dir='ltr'>ipsis</span> <span class='ocrx_word' id='word_1_330' title='bbox 1104 2729 1174 2750; x_wconf 90' lang='lat' dir='ltr'>mo—</span> 
     </span>
     <span class='ocr_line' id='line_1_45' title="bbox 159 2769 1175 2805; baseline 0.003 -5"><span class='ocrx_word' id='word_1_331' title='bbox 159 2769 307 2800; x_wconf 85' lang='lat' dir='ltr'>nialibus</span> <span class='ocrx_word' id='word_1_332' title='bbox 337 2769 377 2799; x_wconf 87' lang='lat' dir='ltr'>ad</span> <span class='ocrx_word' id='word_1_333' title='bbox 406 2769 472 2799; x_wconf 83' lang='lat' dir='ltr'>alia</span> <span class='ocrx_word' id='word_1_334' title='bbox 500 2771 763 2805; x_wconf 75' lang='lat' dir='ltr'>transferantur,</span> <span class='ocrx_word' id='word_1_335' title='bbox 793 2776 961 2802; x_wconf 87' lang='lat' dir='ltr'>reservato</span> <span class='ocrx_word' id='word_1_336' title='bbox 990 2772 1059 2802; x_wconf 90' lang='lat' dir='ltr'>illis</span> <span class='ocrx_word' id='word_1_337' title='bbox 1086 2772 1175 2804; x_wconf 86' lang='lat' dir='ltr'>unde</span> 
     </span>
     <span class='ocr_line' id='line_1_46' title="bbox 159 2822 1175 2864; baseline 0.002 -11"><span class='ocrx_word' id='word_1_338' title='bbox 159 2822 328 2853; x_wconf 84' lang='lat' dir='ltr'>commode</span> <span class='ocrx_word' id='word_1_339' title='bbox 346 2823 447 2861; x_wconf 76' lang='lat' dir='ltr'>possit</span> <span class='ocrx_word' id='word_1_340' title='bbox 465 2822 523 2852; x_wconf 89' lang='lat' dir='ltr'>uni</span> <span class='ocrx_word' id='word_1_341' title='bbox 541 2823 703 2854; x_wconf 80' lang='lat' dir='ltr'>sacerdoti</span> <span class='ocrx_word' id='word_1_342' title='bbox 720 2828 749 2854; x_wconf 88' lang='lat' dir='ltr'>et</span> <span class='ocrx_word' id='word_1_343' title='bbox 764 2824 892 2855; x_wconf 82' lang='lat' dir='ltr'>duobus</span> <span class='ocrx_word' id='word_1_344' title='bbox 907 2824 1037 2855; x_wconf 82' lang='lat' dir='ltr'>clericis</span> <span class='ocrx_word' id='word_1_345' title='bbox 1054 2826 1111 2864; x_wconf 91' lang='lat' dir='ltr'>qui</span> <span class='ocrx_word' id='word_1_346' title='bbox 1127 2825 1175 2855; x_wconf 87' lang='lat' dir='ltr'>ihi</span> 
     </span>
     <span class='ocr_line' id='line_1_47' title="bbox 159 2874 1175 2917; baseline 0.002 -11"><span class='ocrx_word' id='word_1_347' title='bbox 159 2875 302 2906; x_wconf 90' lang='lat' dir='ltr'>Domino</span> <span class='ocrx_word' id='word_1_348' title='bbox 318 2874 533 2907; x_wconf 80' lang='lat' dir='ltr'>famulentur.</span> <span class='ocrx_word' id='word_1_349' title='bbox 552 2875 587 2905; x_wconf 89' lang='lat' dir='ltr'>in</span> <span class='ocrx_word' id='word_1_350' title='bbox 604 2876 804 2907; x_wconf 83' lang='lat' dir='ltr'>necessariis</span> <span class='ocrx_word' id='word_1_351' title='bbox 819 2877 997 2915; x_wconf 74' lang='lat' dir='ltr'>provideri,</span> <span class='ocrx_word' id='word_1_352' title='bbox 1015 2895 1055 2900; x_wconf 91' lang='lat'>—</span> <span class='ocrx_word' id='word_1_353' title='bbox 1068 2878 1175 2917; x_wconf 88' lang='lat' dir='ltr'>provi-</span> 
     </span>
     <span class='ocr_line' id='line_1_48' title="bbox 159 2929 1175 2967; baseline 0.003 -8"><span class='ocrx_word' id='word_1_354' title='bbox 159 2937 258 2959; x_wconf 88' lang='lat' dir='ltr'>surus</span> <span class='ocrx_word' id='word_1_355' title='bbox 272 2933 319 2963; x_wconf 82' lang='lat' dir='ltr'>ut,</span> <span class='ocrx_word' id='word_1_356' title='bbox 336 2932 511 2967; x_wconf 82' lang='lat' dir='ltr'>postquam</span> <span class='ocrx_word' id='word_1_357' title='bbox 528 2929 690 2960; x_wconf 85' lang='lat' dir='ltr'>moniales</span> <span class='ocrx_word' id='word_1_358' title='bbox 704 2930 905 2961; x_wconf 82' lang='lat' dir='ltr'>accesserint</span> <span class='ocrx_word' id='word_1_359' title='bbox 919 2930 959 2960; x_wconf 85' lang='lat' dir='ltr'>ad</span> <span class='ocrx_word' id='word_1_360' title='bbox 972 2931 1175 2962; x_wconf 85' lang='lat' dir='ltr'>monasteria</span> 
     </span>
     <span class='ocr_line' id='line_1_49' title="bbox 158 2982 1175 3022; baseline 0.003 -10"><span class='ocrx_word' id='word_1_361' title='bbox 158 2982 194 3012; x_wconf 89' lang='lat' dir='ltr'>in</span> <span class='ocrx_word' id='word_1_362' title='bbox 211 2982 334 3022; x_wconf 81' lang='lat' dir='ltr'>quibus</span> <span class='ocrx_word' id='word_1_363' title='bbox 350 2991 408 3020; x_wconf 89' lang='lat' dir='ltr'>per</span> <span class='ocrx_word' id='word_1_364' title='bbox 425 2987 454 3012; x_wconf 79' lang='lat' dir='ltr'>te</span> <span class='ocrx_word' id='word_1_365' title='bbox 470 2982 595 3012; x_wconf 82' lang='lat' dir='ltr'>fuerint</span> <span class='ocrx_word' id='word_1_366' title='bbox 610 2982 820 3018; x_wconf 78' lang='lat' dir='ltr'>recludende,</span> <span class='ocrx_word' id='word_1_367' title='bbox 839 2983 878 3014; x_wconf 88' lang='lat' dir='ltr'>de</span> <span class='ocrx_word' id='word_1_368' title='bbox 894 2983 991 3015; x_wconf 88' lang='lat' dir='ltr'>bonis</span> <span class='ocrx_word' id='word_1_369' title='bbox 1007 2988 1175 3016; x_wconf 87' lang='lat' dir='ltr'>monaste-</span> 
     </span>
    </p>
   </div>
   <div class='ocr_carea' id='block_1_8' title="bbox 1256 386 2271 582">
    <p class='ocr_par' dir='ltr' id='par_1_8' title="bbox 1256 386 2271 582">
     <span class='ocr_line' id='line_1_50' title="bbox 1257 386 2270 426; baseline 0.005 -11"><span class='ocrx_word' id='word_1_370' title='bbox 1257 386 1382 416; x_wconf 89' lang='lat' dir='ltr'>riorum</span> <span class='ocrx_word' id='word_1_371' title='bbox 1400 387 1547 425; x_wconf 83' lang='lat' dir='ltr'>ipsorum</span> <span class='ocrx_word' id='word_1_372' title='bbox 1564 398 1581 417; x_wconf 90' lang='lat' dir='ltr'>a</span> <span class='ocrx_word' id='word_1_373' title='bbox 1598 388 1720 426; x_wconf 84' lang='lat' dir='ltr'>quibus</span> <span class='ocrx_word' id='word_1_374' title='bbox 1737 393 1861 418; x_wconf 79' lang='lat' dir='ltr'>semote</span> <span class='ocrx_word' id='word_1_375' title='bbox 1877 389 2019 423; x_wconf 80' lang='lat' dir='ltr'>fuerint,</span> <span class='ocrx_word' id='word_1_376' title='bbox 2040 394 2167 419; x_wconf 85' lang='lat' dir='ltr'>tantum</span> <span class='ocrx_word' id='word_1_377' title='bbox 2184 392 2270 421; x_wconf 87' lang='lat' dir='ltr'>acci-</span> 
     </span>
     <span class='ocr_line' id='line_1_51' title="bbox 1257 439 2271 481; baseline 0.006 -13"><span class='ocrx_word' id='word_1_378' title='bbox 1257 439 1329 477; x_wconf 83' lang='lat' dir='ltr'>pias</span> <span class='ocrx_word' id='word_1_379' title='bbox 1346 448 1404 477; x_wconf 90' lang='lat' dir='ltr'>pcr</span> <span class='ocrx_word' id='word_1_380' title='bbox 1424 440 1511 478; x_wconf 81' lang='lat' dir='ltr'>quod</span> <span class='ocrx_word' id='word_1_381' title='bbox 1534 441 1659 479; x_wconf 83' lang='lat' dir='ltr'>possint</span> <span class='ocrx_word' id='word_1_382' title='bbox 1684 441 1813 471; x_wconf 80' lang='lat' dir='ltr'>edificia</span> <span class='ocrx_word' id='word_1_383' title='bbox 1837 442 2001 477; x_wconf 67' lang='lat' dir='ltr'>construi,</span> <span class='ocrx_word' id='word_1_384' title='bbox 2028 443 2060 471; x_wconf 91' lang='lat' dir='ltr'>iu</span> <span class='ocrx_word' id='word_1_385' title='bbox 2079 443 2200 481; x_wconf 81' lang='lat' dir='ltr'>quibus</span> <span class='ocrx_word' id='word_1_386' title='bbox 2216 452 2271 474; x_wconf 89' lang='lat' dir='ltr'>co-</span> 
     </span>
     <span class='ocr_line' id='line_1_52' title="bbox 1256 492 2271 533; baseline 0.005 -11"><span class='ocrx_word' id='word_1_387' title='bbox 1256 493 1351 523; x_wconf 90' lang='lat' dir='ltr'>mode</span> <span class='ocrx_word' id='word_1_388' title='bbox 1368 492 1499 523; x_wconf 87' lang='lat' dir='ltr'>valeant</span> <span class='ocrx_word' id='word_1_389' title='bbox 1515 494 1723 524; x_wconf 85' lang='lat' dir='ltr'>commorari.</span> <span class='ocrx_word' id='word_1_390' title='bbox 1747 495 1819 523; x_wconf 89' lang='lat' dir='ltr'>Dat.</span> <span class='ocrx_word' id='word_1_391' title='bbox 1842 495 2010 533; x_wconf 53' lang='lat' dir='ltr'>Anagnie,</span> <span class='ocrx_word' id='word_1_392' title='bbox 2034 496 2094 525; x_wconf 66' lang='lat' dir='ltr'>vll</span> <span class='ocrx_word' id='word_1_393' title='bbox 2113 496 2271 527; x_wconf 78' lang='lat' dir='ltr'>kalendas</span> 
     </span>
     <span class='ocr_line' id='line_1_53' title="bbox 1257 546 1715 582; baseline 0.004 -7"><span class='ocrx_word' id='word_1_394' title='bbox 1257 546 1458 582; x_wconf 82' lang='lat' dir='ltr'>novembris,</span> <span class='ocrx_word' id='word_1_395' title='bbox 1477 555 1564 576; x_wconf 87' lang='lat' dir='ltr'>anno</span> <span class='ocrx_word' id='word_1_396' title='bbox 1581 551 1682 577; x_wconf 87' lang='lat' dir='ltr'>sexto.</span> <span class='ocrx_word' id='word_1_397' title='bbox 1703 559 1715 574; x_wconf 86' lang='lat'>»</span> 
     </span>
    </p>
   </div>
   <div class='ocr_carea' id='block_1_9' title="bbox 1327 718 1416 746">
    <p class='ocr_par' dir='ltr' id='par_1_9' title="bbox 1327 718 1416 746">
     <span class='ocr_line' id='line_1_54' title="bbox 1327 718 1416 746; baseline 0 0"><span class='ocrx_word' id='word_1_398' title='bbox 1327 718 1416 746; x_wconf 74' lang='lat'>833</span> 
     </span>
    </p>
   </div>
   <div class='ocr_carea' id='block_1_10' title="bbox 1256 778 2273 1057">
    <p class='ocr_par' dir='ltr' id='par_1_10' title="bbox 1256 778 2273 1057">
     <span class='ocr_line' id='line_1_55' title="bbox 1294 778 2271 816; baseline 0.004 -11"><span class='ocrx_word' id='word_1_399' title='bbox 1294 778 1438 814; x_wconf 86' lang='lat' dir='ltr'>Episcopo</span> <span class='ocrx_word' id='word_1_400' title='bbox 1455 780 1662 814; x_wconf 83' lang='lat' dir='ltr'>Argentinensi</span> <span class='ocrx_word' id='word_1_401' title='bbox 1681 780 1812 816; x_wconf 83' lang='lat' dir='ltr'>indulget</span> <span class='ocrx_word' id='word_1_402' title='bbox 1834 786 1878 813; x_wconf 81' lang='lat' dir='ltr'>ut,</span> <span class='ocrx_word' id='word_1_403' title='bbox 1895 790 1960 808; x_wconf 89' lang='lat' dir='ltr'>cum</span> <span class='ocrx_word' id='word_1_404' title='bbox 1981 782 2015 808; x_wconf 85' lang='lat' dir='ltr'>ad</span> <span class='ocrx_word' id='word_1_405' title='bbox 2032 783 2211 809; x_wconf 71' lang='lat' dir='ltr'>sacerdotem</span> <span class='ocrx_word' id='word_1_406' title='bbox 2226 783 2271 809; x_wconf 86' lang='lat' dir='ltr'>vel</span> 
     </span>
     <span class='ocr_line' id='line_1_56' title="bbox 1258 827 2272 865; baseline 0.005 -12"><span class='ocrx_word' id='word_1_407' title='bbox 1258 827 1410 854; x_wconf 87' lang='lat' dir='ltr'>diaconum</span> <span class='ocrx_word' id='word_1_408' title='bbox 1423 828 1638 862; x_wconf 83' lang='lat' dir='ltr'>degradandum</span> <span class='ocrx_word' id='word_1_409' title='bbox 1650 832 1766 864; x_wconf 90' lang='lat' dir='ltr'>propter</span> <span class='ocrx_word' id='word_1_410' title='bbox 1778 829 1951 857; x_wconf 85' lang='lat' dir='ltr'>haereticam</span> <span class='ocrx_word' id='word_1_411' title='bbox 1965 831 2132 865; x_wconf 77' lang='lat' dir='ltr'>pravitatem</span> <span class='ocrx_word' id='word_1_412' title='bbox 2145 834 2272 858; x_wconf 78' lang='lat' dir='ltr'>statutus</span> 
     </span>
     <span class='ocr_line' id='line_1_57' title="bbox 1257 876 2273 913; baseline 0.004 -11"><span class='ocrx_word' id='word_1_413' title='bbox 1257 876 1461 911; x_wconf 83' lang='lat' dir='ltr'>episcoporum</span> <span class='ocrx_word' id='word_1_414' title='bbox 1479 885 1618 904; x_wconf 86' lang='lat' dir='ltr'>numerus</span> <span class='ocrx_word' id='word_1_415' title='bbox 1634 886 1690 904; x_wconf 91' lang='lat' dir='ltr'>non</span> <span class='ocrx_word' id='word_1_416' title='bbox 1706 878 1801 912; x_wconf 87' lang='lat' dir='ltr'>possit</span> <span class='ocrx_word' id='word_1_417' title='bbox 1818 879 1983 912; x_wconf 77' lang='lat' dir='ltr'>convenire,</span> <span class='ocrx_word' id='word_1_418' title='bbox 2000 879 2063 913; x_wconf 81' lang='lat' dir='ltr'>ipse</span> <span class='ocrx_word' id='word_1_419' title='bbox 2079 887 2145 906; x_wconf 89' lang='lat' dir='ltr'>cum</span> <span class='ocrx_word' id='word_1_420' title='bbox 2162 879 2273 906; x_wconf 86' lang='lat' dir='ltr'>abbati-</span> 
     </span>
     <span class='ocr_line' id='line_1_58' title="bbox 1256 924 2272 963; baseline 0.003 -12"><span class='ocrx_word' id='word_1_421' title='bbox 1256 924 1312 952; x_wconf 89' lang='lat' dir='ltr'>bus</span> <span class='ocrx_word' id='word_1_422' title='bbox 1322 925 1443 960; x_wconf 85' lang='lat' dir='ltr'>aliisque</span> <span class='ocrx_word' id='word_1_423' title='bbox 1453 925 1488 952; x_wconf 91' lang='lat' dir='ltr'>ad</span> <span class='ocrx_word' id='word_1_424' title='bbox 1498 926 1667 953; x_wconf 87' lang='lat' dir='ltr'>clericorum</span> <span class='ocrx_word' id='word_1_425' title='bbox 1683 926 1919 961; x_wconf 79' lang='lat' dir='ltr'>degradationem</span> <span class='ocrx_word' id='word_1_426' title='bbox 1932 927 2078 962; x_wconf 88' lang='lat' dir='ltr'>procedat.</span> <span class='ocrx_word' id='word_1_427' title='bbox 2089 927 2272 963; x_wconf 72' lang='lat' dir='ltr'>-(Rssc..16,</span> 
     </span>
     <span class='ocr_line' id='line_1_59' title="bbox 1256 973 2271 1010; baseline 0.003 -10"><span class='ocrx_word' id='word_1_428' title='bbox 1256 973 1275 1001; x_wconf 78' lang='lat' dir='ltr'>f.</span> <span class='ocrx_word' id='word_1_429' title='bbox 1293 974 1326 1001; x_wconf 84' lang='grc'>46</span> <span class='ocrx_word' id='word_1_430' title='bbox 1344 979 1387 1005; x_wconf 88' lang='lat' dir='ltr'>v⁰;</span> <span class='ocrx_word' id='word_1_431' title='bbox 1405 982 1470 1002; x_wconf 83' lang='lat' dir='ltr'>ann.</span> <span class='ocrx_word' id='word_1_432' title='bbox 1488 973 1543 1006; x_wconf 86' lang='lat' dir='ltr'>VI,</span> <span class='ocrx_word' id='word_1_433' title='bbox 1565 983 1590 1001; x_wconf 84' lang='lat' dir='ltr'>c.</span> <span class='ocrx_word' id='word_1_434' title='bbox 1612 975 1677 1009; x_wconf 78' lang='lat'>1443</span> <span class='ocrx_word' id='word_1_435' title='bbox 1695 989 1728 995; x_wconf 99' lang='lat'><strong>—</strong></span> <span class='ocrx_word' id='word_1_436' title='bbox 1747 974 1866 1002; x_wconf 68' lang='lat' dir='ltr'>Monam</span> <span class='ocrx_word' id='word_1_437' title='bbox 1887 976 1963 1010; x_wconf 88' lang='grc'>1187,</span> <span class='ocrx_word' id='word_1_438' title='bbox 1982 976 2000 1002; x_wconf 84' lang='lat' dir='ltr'>f.</span> <span class='ocrx_word' id='word_1_439' title='bbox 2020 976 2087 1008; x_wconf 75' lang='lat'>339;</span> <span class='ocrx_word' id='word_1_440' title='bbox 2104 990 2139 997; x_wconf 93' lang='lat'>—</span> <span class='ocrx_word' id='word_1_441' title='bbox 2157 976 2271 1004; x_wconf 67' lang='lat' dir='ltr'>Ronan-</span> 
     </span>
     <span class='ocr_line' id='line_1_60' title="bbox 1258 1023 1418 1057; baseline 0 -7"><span class='ocrx_word' id='word_1_442' title='bbox 1258 1031 1326 1050; x_wconf 76' lang='lat' dir='ltr'>ssno</span> <span class='ocrx_word' id='word_1_443' title='bbox 1344 1023 1418 1057; x_wconf 81' lang='lat'>485.)</span> 
     </span>
    </p>
   </div>
   <div class='ocr_carea' id='block_1_11' title="bbox 1791 719 2197 754">
    <p class='ocr_par' dir='ltr' id='par_1_11' title="bbox 1791 719 2197 754">
     <span class='ocr_line' id='line_1_61' title="bbox 1791 719 2197 754; baseline 0.007 -9"><span class='ocrx_word' id='word_1_444' title='bbox 1791 719 1916 754; x_wconf 82' lang='lat' dir='ltr'>Anagni‚</span> <span class='ocrx_word' id='word_1_445' title='bbox 1938 720 1968 747; x_wconf 78' lang='lat'>19</span> <span class='ocrx_word' id='word_1_446' title='bbox 1984 721 2100 747; x_wconf 83' lang='lat' dir='ltr'>octobre</span> <span class='ocrx_word' id='word_1_447' title='bbox 2121 720 2197 748; x_wconf 70' lang='lat'><strong>¹232.</strong></span> 
     </span>
    </p>
   </div>
   <div class='ocr_carea' id='block_1_12' title="bbox 1256 1127 2275 2750">
    <p class='ocr_par' dir='ltr' id='par_1_12' title="bbox 1256 1127 2275 2750">
     <span class='ocr_line' id='line_1_62' title="bbox 1299 1127 2273 1165; baseline 0.003 -12"><span class='ocrx_word' id='word_1_448' title='bbox 1299 1138 1312 1152; x_wconf 83' lang='lat'>«</span> <span class='ocrx_word' id='word_1_449' title='bbox 1333 1148 1352 1154; x_wconf 93' lang='lat'>..</span> <span class='ocrx_word' id='word_1_450' title='bbox 1370 1127 1503 1163; x_wconf 80' lang='lat' dir='ltr'>episcopo</span> <span class='ocrx_word' id='word_1_451' title='bbox 1524 1127 1753 1163; x_wconf 72' lang='lat' dir='ltr'>Arqentinensi.</span> <span class='ocrx_word' id='word_1_452' title='bbox 1778 1127 1848 1156; x_wconf 87' lang='lat' dir='ltr'>Etsi</span> <span class='ocrx_word' id='word_1_453' title='bbox 1871 1130 1985 1156; x_wconf 88' lang='lat' dir='ltr'>contra</span> <span class='ocrx_word' id='word_1_454' title='bbox 2001 1127 2182 1157; x_wconf 79' lang='lat' dir='ltr'>hereticam</span> <span class='ocrx_word' id='word_1_455' title='bbox 2196 1136 2273 1165; x_wconf 87' lang='lat' dir='ltr'>pra·</span> 
     </span>
     <span class='ocr_line' id='line_1_63' title="bbox 1258 1178 2272 1218; baseline 0.003 -11"><span class='ocrx_word' id='word_1_456' title='bbox 1258 1178 1395 1209; x_wconf 87' lang='lat' dir='ltr'>vitatem</span> <span class='ocrx_word' id='word_1_457' title='bbox 1411 1178 1452 1208; x_wconf 87' lang='lat' dir='ltr'>ab</span> <span class='ocrx_word' id='word_1_458' title='bbox 1467 1178 1657 1217; x_wconf 82' lang='lat' dir='ltr'>Apostolica</span> <span class='ocrx_word' id='word_1_459' title='bbox 1673 1179 1757 1210; x_wconf 87' lang='lat' dir='ltr'>Sede</span> <span class='ocrx_word' id='word_1_460' title='bbox 1773 1179 1904 1209; x_wconf 75' lang='lat' dir='ltr'>diversa</span> <span class='ocrx_word' id='word_1_461' title='bbox 1916 1179 2058 1209; x_wconf 82' lang='lat' dir='ltr'>diversis</span> <span class='ocrx_word' id='word_1_462' title='bbox 2071 1180 2272 1218; x_wconf 77' lang='lat' dir='ltr'>temporibus</span> 
     </span>
     <span class='ocr_line' id='line_1_64' title="bbox 1259 1231 2270 1271; baseline 0.003 -11"><span class='ocrx_word' id='word_1_463' title='bbox 1259 1231 1469 1261; x_wconf 85' lang='lat' dir='ltr'>manaverint</span> <span class='ocrx_word' id='word_1_464' title='bbox 1491 1231 1662 1267; x_wconf 75' lang='lat' dir='ltr'>instituta,</span> <span class='ocrx_word' id='word_1_465' title='bbox 1688 1232 1767 1270; x_wconf 84' lang='lat' dir='ltr'>quia</span> <span class='ocrx_word' id='word_1_466' title='bbox 1796 1236 1906 1262; x_wconf 85' lang='lat' dir='ltr'>tamen</span> <span class='ocrx_word' id='word_1_467' title='bbox 1929 1232 2024 1262; x_wconf 81' lang='lat' dir='ltr'>novis</span> <span class='ocrx_word' id='word_1_468' title='bbox 2044 1232 2203 1271; x_wconf 78' lang='lat' dir='ltr'>periculis</span> <span class='ocrx_word' id='word_1_469' title='bbox 2225 1237 2270 1263; x_wconf 88' lang='lat' dir='ltr'>est</span> 
     </span>
     <span class='ocr_line' id='line_1_65' title="bbox 1258 1284 2273 1325; baseline 0.003 -12"><span class='ocrx_word' id='word_1_470' title='bbox 1258 1284 1420 1323; x_wconf 89' lang='lat' dir='ltr'>promptis</span> <span class='ocrx_word' id='word_1_471' title='bbox 1436 1284 1593 1315; x_wconf 84' lang='lat' dir='ltr'>remediis</span> <span class='ocrx_word' id='word_1_472' title='bbox 1610 1285 1868 1320; x_wconf 83' lang='lat' dir='ltr'>occurrendum,</span> <span class='ocrx_word' id='word_1_473' title='bbox 1891 1295 1928 1316; x_wconf 90' lang='lat' dir='ltr'>eo</span> <span class='ocrx_word' id='word_1_474' title='bbox 1951 1286 2037 1325; x_wconf 80' lang='lat' dir='ltr'>quod</span> <span class='ocrx_word' id='word_1_475' title='bbox 2058 1286 2205 1316; x_wconf 81' lang='lat' dir='ltr'>recentia</span> <span class='ocrx_word' id='word_1_476' title='bbox 2220 1294 2273 1316; x_wconf 90' lang='lat' dir='ltr'>so-</span> 
     </span>
     <span class='ocr_line' id='line_1_66' title="bbox 1258 1337 2274 1377; baseline 0 -10"><span class='ocrx_word' id='word_1_477' title='bbox 1258 1337 1348 1367; x_wconf 85' lang='lat' dir='ltr'>leant</span> <span class='ocrx_word' id='word_1_478' title='bbox 1371 1338 1464 1376; x_wconf 89' lang='lat' dir='ltr'>pcrdi</span> <span class='ocrx_word' id='word_1_479' title='bbox 1489 1338 1621 1368; x_wconf 83' lang='lat' dir='ltr'>facilius</span> <span class='ocrx_word' id='word_1_480' title='bbox 1648 1348 1747 1377; x_wconf 79' lang='lat' dir='ltr'>quani</span> <span class='ocrx_word' id='word_1_481' title='bbox 1770 1343 1916 1369; x_wconf 84' lang='lat' dir='ltr'>vetusta.</span> <span class='ocrx_word' id='word_1_482' title='bbox 1943 1339 2085 1369; x_wconf 82' lang='lat' dir='ltr'>libenter</span> <span class='ocrx_word' id='word_1_483' title='bbox 2111 1338 2274 1369; x_wconf 76' lang='lat' dir='ltr'>adicimus</span> 
     </span>
     <span class='ocr_line' id='line_1_67' title="bbox 1258 1392 2273 1431; baseline 0.001 -11"><span class='ocrx_word' id='word_1_484' title='bbox 1258 1400 1317 1429; x_wconf 89' lang='lat' dir='ltr'>per</span> <span class='ocrx_word' id='word_1_485' title='bbox 1341 1400 1405 1429; x_wconf 86' lang='lat' dir='ltr'>que</span> <span class='ocrx_word' id='word_1_486' title='bbox 1427 1392 1530 1429; x_wconf 81' lang='lat' dir='ltr'>pestis</span> <span class='ocrx_word' id='word_1_487' title='bbox 1555 1392 1637 1420; x_wconf 85' lang='lat' dir='ltr'>tanti</span> <span class='ocrx_word' id='word_1_488' title='bbox 1660 1392 1866 1422; x_wconf 80' lang='lat' dir='ltr'>discriminis</span> <span class='ocrx_word' id='word_1_489' title='bbox 1892 1392 2052 1422; x_wconf 76' lang='lat' dir='ltr'>deleatur.</span> <span class='ocrx_word' id='word_1_490' title='bbox 2076 1392 2273 1431; x_wconf 60' lang='lat' dir='ltr'>Accepimus</span> 
     </span>
     <span class='ocr_line' id='line_1_68' title="bbox 1259 1443 2274 1483; baseline 0.003 -11"><span class='ocrx_word' id='word_1_491' title='bbox 1259 1443 1426 1482; x_wconf 88' lang='lat' dir='ltr'>siquidem</span> <span class='ocrx_word' id='word_1_492' title='bbox 1443 1443 1544 1482; x_wconf 70' lang='lat' dir='ltr'>quod,</span> <span class='ocrx_word' id='word_1_493' title='bbox 1563 1452 1637 1473; x_wconf 87' lang='lat' dir='ltr'>cum</span> <span class='ocrx_word' id='word_1_494' title='bbox 1660 1444 1765 1483; x_wconf 86' lang='lat' dir='ltr'>aliqui</span> <span class='ocrx_word' id='word_1_495' title='bbox 1787 1444 1864 1474; x_wconf 87' lang='lat' dir='ltr'>laici</span> <span class='ocrx_word' id='word_1_496' title='bbox 1887 1445 1921 1474; x_wconf 88' lang='lat' dir='ltr'>in</span> <span class='ocrx_word' id='word_1_497' title='bbox 1944 1445 2093 1483; x_wconf 81' lang='lat' dir='ltr'>partibus</span> <span class='ocrx_word' id='word_1_498' title='bbox 2113 1444 2274 1475; x_wconf 88' lang='lat' dir='ltr'>Teutonie</span> 
     </span>
     <span class='ocr_line' id='line_1_69' title="bbox 1259 1496 2273 1536; baseline 0.002 -11"><span class='ocrx_word' id='word_1_499' title='bbox 1259 1496 1375 1526; x_wconf 85' lang='lat' dir='ltr'>infecti</span> <span class='ocrx_word' id='word_1_500' title='bbox 1398 1496 1544 1526; x_wconf 84' lang='lat' dir='ltr'>heretica</span> <span class='ocrx_word' id='word_1_501' title='bbox 1566 1496 1696 1526; x_wconf 85' lang='lat' dir='ltr'>macula</span> <span class='ocrx_word' id='word_1_502' title='bbox 1719 1498 1984 1536; x_wconf 81' lang='lat' dir='ltr'>comprobantur,</span> <span class='ocrx_word' id='word_1_503' title='bbox 2003 1498 2115 1527; x_wconf 72' lang='lat' dir='ltr'>statim</span> <span class='ocrx_word' id='word_1_504' title='bbox 2131 1498 2169 1528; x_wconf 85' lang='lat' dir='ltr'>(le</span> <span class='ocrx_word' id='word_1_505' title='bbox 2190 1498 2273 1536; x_wconf 88' lang='lat' dir='ltr'>ipsis</span> 
     </span>
     <span class='ocr_line' id='line_1_70' title="bbox 1259 1549 2273 1589; baseline 0.003 -11"><span class='ocrx_word' id='word_1_506' title='bbox 1259 1549 1407 1579; x_wconf 84' lang='lat' dir='ltr'>vindicta</span> <span class='ocrx_word' id='word_1_507' title='bbox 1429 1550 1574 1579; x_wconf 84' lang='lat' dir='ltr'>sumitur</span> <span class='ocrx_word' id='word_1_508' title='bbox 1596 1560 1659 1589; x_wconf 85' lang='lat' dir='ltr'>que</span> <span class='ocrx_word' id='word_1_509' title='bbox 1682 1550 1831 1580; x_wconf 87' lang='lat' dir='ltr'>debetur.</span> <span class='ocrx_word' id='word_1_510' title='bbox 1855 1551 1939 1581; x_wconf 88' lang='lat' dir='ltr'>Cum</span> <span class='ocrx_word' id='word_1_511' title='bbox 1965 1559 2040 1581; x_wconf 77' lang='lat' dir='ltr'>vero</span> <span class='ocrx_word' id='word_1_512' title='bbox 2060 1551 2137 1581; x_wconf 87' lang='lat' dir='ltr'>iude</span> <span class='ocrx_word' id='word_1_513' title='bbox 2160 1551 2273 1581; x_wconf 88' lang='lat' dir='ltr'>clerici</span> 
     </span>
     <span class='ocr_line' id='line_1_71' title="bbox 1260 1602 2273 1643; baseline 0.001 -11"><span class='ocrx_word' id='word_1_514' title='bbox 1260 1602 1514 1638; x_wconf 74' lang='lat' dir='ltr'>convincuntur,</span> <span class='ocrx_word' id='word_1_515' title='bbox 1532 1607 1746 1633; x_wconf 84' lang='lat' dir='ltr'>reservantur</span> <span class='ocrx_word' id='word_1_516' title='bbox 1757 1603 1792 1632; x_wconf 91' lang='lat' dir='ltr'>in</span> <span class='ocrx_word' id='word_1_517' title='bbox 1803 1608 1971 1642; x_wconf 86' lang='lat' dir='ltr'>posterum</span> <span class='ocrx_word' id='word_1_518' title='bbox 1985 1603 2167 1643; x_wconf 76' lang='lat' dir='ltr'>judicandi,</span> <span class='ocrx_word' id='word_1_519' title='bbox 2184 1612 2273 1634; x_wconf 87' lang='lat' dir='ltr'>occa-</span> 
     </span>
     <span class='ocr_line' id='line_1_72' title="bbox 1259 1655 2274 1695; baseline -0.001 -9"><span class='ocrx_word' id='word_1_520' title='bbox 1259 1655 1353 1686; x_wconf 90' lang='lat' dir='ltr'>sione</span> <span class='ocrx_word' id='word_1_521' title='bbox 1369 1655 1627 1694; x_wconf 86' lang='lat' dir='ltr'>sollempnitatis</span> <span class='ocrx_word' id='word_1_522' title='bbox 1643 1665 1718 1694; x_wconf 81' lang='lat' dir='ltr'>que,</span> <span class='ocrx_word' id='word_1_523' title='bbox 1739 1656 1921 1686; x_wconf 87' lang='lat' dir='ltr'>secundum</span> <span class='ocrx_word' id='word_1_524' title='bbox 1936 1657 2013 1695; x_wconf 79' lang='lat' dir='ltr'>Jura</span> <span class='ocrx_word' id='word_1_525' title='bbox 2029 1656 2199 1691; x_wconf 81' lang='lat' dir='ltr'>canonica,</span> <span class='ocrx_word' id='word_1_526' title='bbox 2217 1656 2274 1685; x_wconf 85' lang='lat' dir='ltr'>de·</span> 
     </span>
     <span class='ocr_line' id='line_1_73' title="bbox 1259 1709 2275 1747; baseline 0 -9"><span class='ocrx_word' id='word_1_527' title='bbox 1259 1709 1314 1739; x_wconf 89' lang='lat' dir='ltr'>bet</span> <span class='ocrx_word' id='word_1_528' title='bbox 1335 1709 1371 1738; x_wconf 89' lang='lat' dir='ltr'>in</span> <span class='ocrx_word' id='word_1_529' title='bbox 1393 1709 1544 1747; x_wconf 87' lang='lat' dir='ltr'>ipsorum</span> <span class='ocrx_word' id='word_1_530' title='bbox 1564 1709 1801 1747; x_wconf 82' lang='lat' dir='ltr'>degradatione</span> <span class='ocrx_word' id='word_1_531' title='bbox 1817 1709 1960 1741; x_wconf 81' lang='lat' dir='ltr'>servari:</span> <span class='ocrx_word' id='word_1_532' title='bbox 1979 1709 2093 1747; x_wconf 79' lang='lat' dir='ltr'>sicque</span> <span class='ocrx_word' id='word_1_533' title='bbox 2112 1709 2275 1747; x_wconf 82' lang='lat' dir='ltr'>contingit</span> 
     </span>
     <span class='ocr_line' id='line_1_74' title="bbox 1260 1761 2274 1802; baseline -0.001 -10"><span class='ocrx_word' id='word_1_534' title='bbox 1260 1762 1347 1802; x_wconf 79' lang='lat' dir='ltr'>quod</span> <span class='ocrx_word' id='word_1_535' title='bbox 1359 1762 1464 1801; x_wconf 89' lang='lat' dir='ltr'>aliqui</span> <span class='ocrx_word' id='word_1_536' title='bbox 1476 1762 1673 1792; x_wconf 82' lang='lat' dir='ltr'>clericorum</span> <span class='ocrx_word' id='word_1_537' title='bbox 1684 1761 1832 1792; x_wconf 87' lang='lat' dir='ltr'>heretica</span> <span class='ocrx_word' id='word_1_538' title='bbox 1843 1762 1916 1793; x_wconf 85' lang='lat' dir='ltr'>labe</span> <span class='ocrx_word' id='word_1_539' title='bbox 1928 1762 2083 1801; x_wconf 81' lang='lat' dir='ltr'>respersi.</span> <span class='ocrx_word' id='word_1_540' title='bbox 2095 1762 2274 1801; x_wconf 87' lang='lat' dir='ltr'>aliquando</span> 
     </span>
     <span class='ocr_line' id='line_1_75' title="bbox 1257 1814 2275 1854; baseline 0.001 -10"><span class='ocrx_word' id='word_1_541' title='bbox 1257 1814 1421 1845; x_wconf 87' lang='lat' dir='ltr'>ultionem</span> <span class='ocrx_word' id='word_1_542' title='bbox 1430 1815 1594 1853; x_wconf 76' lang='lat' dir='ltr'>effugiunt</span> <span class='ocrx_word' id='word_1_543' title='bbox 1602 1815 1655 1845; x_wconf 84' lang='lat' dir='ltr'>vel</span> <span class='ocrx_word' id='word_1_544' title='bbox 1663 1815 1698 1844; x_wconf 92' lang='lat' dir='ltr'>in</span> <span class='ocrx_word' id='word_1_545' title='bbox 1708 1824 1839 1846; x_wconf 89' lang='lat' dir='ltr'>carcere</span> <span class='ocrx_word' id='word_1_546' title='bbox 1849 1815 2039 1846; x_wconf 90' lang='lat' dir='ltr'>moriuntur</span> <span class='ocrx_word' id='word_1_547' title='bbox 2048 1826 2053 1851; x_wconf 69' lang='grc' dir='ltr'><strong>ς</strong></span> <span class='ocrx_word' id='word_1_548' title='bbox 2068 1824 2169 1854; x_wconf 83' lang='lat' dir='ltr'>quare</span> <span class='ocrx_word' id='word_1_549' title='bbox 2178 1815 2275 1845; x_wconf 88' lang='lat' dir='ltr'>laicis</span> 
     </span>
     <span class='ocr_line' id='line_1_76' title="bbox 1258 1868 2275 1907; baseline 0 -9"><span class='ocrx_word' id='word_1_550' title='bbox 1258 1868 1377 1899; x_wconf 77' lang='lat' dir='ltr'>exinde</span> <span class='ocrx_word' id='word_1_551' title='bbox 1394 1877 1491 1906; x_wconf 85' lang='lat' dir='ltr'>grave</span> <span class='ocrx_word' id='word_1_552' title='bbox 1509 1868 1703 1898; x_wconf 85' lang='lat' dir='ltr'>scandalum</span> <span class='ocrx_word' id='word_1_553' title='bbox 1725 1872 1914 1907; x_wconf 83' lang='lat' dir='ltr'>generatur.</span> <span class='ocrx_word' id='word_1_554' title='bbox 1937 1869 2156 1899; x_wconf 84' lang='lat' dir='ltr'>Attendentes</span> <span class='ocrx_word' id='word_1_555' title='bbox 2171 1868 2275 1906; x_wconf 83' lang='lat' dir='ltr'>igitur</span> 
     </span>
     <span class='ocr_line' id='line_1_77' title="bbox 1258 1921 2275 1960; baseline 0 -9"><span class='ocrx_word' id='word_1_556' title='bbox 1258 1921 1347 1960; x_wconf 88' lang='lat' dir='ltr'>quod</span> <span class='ocrx_word' id='word_1_557' title='bbox 1362 1930 1461 1960; x_wconf 83' lang='lat' dir='ltr'>super</span> <span class='ocrx_word' id='word_1_558' title='bbox 1480 1921 1542 1951; x_wconf 86' lang='lat' dir='ltr'>hoc</span> <span class='ocrx_word' id='word_1_559' title='bbox 1558 1921 1755 1951; x_wconf 82' lang='lat' dir='ltr'>clericorum</span> <span class='ocrx_word' id='word_1_560' title='bbox 1771 1930 1926 1952; x_wconf 74' lang='lat' dir='ltr'>excessus</span> <span class='ocrx_word' id='word_1_561' title='bbox 1944 1931 1981 1952; x_wconf 86' lang='lat' dir='ltr'>eo</span> <span class='ocrx_word' id='word_1_562' title='bbox 1997 1926 2075 1952; x_wconf 86' lang='lat' dir='ltr'>sunt</span> <span class='ocrx_word' id='word_1_563' title='bbox 2093 1921 2226 1959; x_wconf 74' lang='lat' dir='ltr'>gravius</span> <span class='ocrx_word' id='word_1_564' title='bbox 2243 1926 2275 1952; x_wconf 90' lang='lat' dir='ltr'>et</span> 
     </span>
     <span class='ocr_line' id='line_1_78' title="bbox 1259 1974 2274 2013; baseline 0.001 -9"><span class='ocrx_word' id='word_1_565' title='bbox 1259 1974 1359 2004; x_wconf 84' lang='lat' dir='ltr'>citius</span> <span class='ocrx_word' id='word_1_566' title='bbox 1374 1974 1549 2013; x_wconf 82' lang='lat' dir='ltr'>puniendi,</span> <span class='ocrx_word' id='word_1_567' title='bbox 1568 1983 1632 2013; x_wconf 89' lang='lat' dir='ltr'>quo</span> <span class='ocrx_word' id='word_1_568' title='bbox 1648 1975 1755 2012; x_wconf 79' lang='lat' dir='ltr'>magis</span> <span class='ocrx_word' id='word_1_569' title='bbox 1766 1975 1886 2005; x_wconf 86' lang='lat' dir='ltr'>debent</span> <span class='ocrx_word' id='word_1_570' title='bbox 1898 1974 2076 2013; x_wconf 71' lang='lat' dir='ltr'>invigilare</span> <span class='ocrx_word' id='word_1_571' title='bbox 2093 1974 2274 2005; x_wconf 87' lang='lat' dir='ltr'>virtutibus</span> 
     </span>
     <span class='ocr_line' id='line_1_79' title="bbox 1258 2027 2275 2066; baseline 0 -9"><span class='ocrx_word' id='word_1_572' title='bbox 1258 2031 1290 2058; x_wconf 88' lang='lat' dir='ltr'>et</span> <span class='ocrx_word' id='word_1_573' title='bbox 1303 2036 1321 2057; x_wconf 88' lang='lat' dir='ltr'>a</span> <span class='ocrx_word' id='word_1_574' title='bbox 1337 2027 1431 2057; x_wconf 88' lang='lat' dir='ltr'>vitiis</span> <span class='ocrx_word' id='word_1_575' title='bbox 1445 2027 1624 2060; x_wconf 57' lang='lat' dir='ltr'>abstinere,</span> <span class='ocrx_word' id='word_1_576' title='bbox 1642 2027 1792 2057; x_wconf 87' lang='lat' dir='ltr'>volentes</span> <span class='ocrx_word' id='word_1_577' title='bbox 1809 2027 1908 2057; x_wconf 84' lang='lat' dir='ltr'>etiam</span> <span class='ocrx_word' id='word_1_578' title='bbox 1921 2037 2097 2065; x_wconf 77' lang='lat' dir='ltr'>precavere</span> <span class='ocrx_word' id='word_1_579' title='bbox 2119 2036 2176 2059; x_wconf 67' lang='lat' dir='ltr'>ne,</span> <span class='ocrx_word' id='word_1_580' title='bbox 2195 2027 2275 2066; x_wconf 83' lang='lat' dir='ltr'>quia</span> 
     </span>
     <span class='ocr_line' id='line_1_80' title="bbox 1257 2080 2272 2119; baseline 0.001 -10"><span class='ocrx_word' id='word_1_581' title='bbox 1257 2080 1411 2110; x_wconf 85' lang='lat' dir='ltr'>differtur</span> <span class='ocrx_word' id='word_1_582' title='bbox 1426 2080 1609 2110; x_wconf 86' lang='lat' dir='ltr'>sententia.</span> <span class='ocrx_word' id='word_1_583' title='bbox 1628 2080 1714 2110; x_wconf 87' lang='lat' dir='ltr'>mala</span> <span class='ocrx_word' id='word_1_584' title='bbox 1738 2080 1888 2110; x_wconf 87' lang='lat' dir='ltr'>securius</span> <span class='ocrx_word' id='word_1_585' title='bbox 1912 2081 2053 2110; x_wconf 81' lang='lat' dir='ltr'>audeant</span> <span class='ocrx_word' id='word_1_586' title='bbox 2071 2085 2272 2119; x_wconf 82' lang='lat' dir='ltr'>perpetrare,</span> 
     </span>
     <span class='ocr_line' id='line_1_81' title="bbox 1256 2132 2272 2172; baseline 0 -9"><span class='ocrx_word' id='word_1_587' title='bbox 1256 2133 1292 2163; x_wconf 86' lang='lat' dir='ltr'>in</span> <span class='ocrx_word' id='word_1_588' title='bbox 1308 2133 1370 2163; x_wconf 82' lang='lat' dir='ltr'>hoc</span> <span class='ocrx_word' id='word_1_589' title='bbox 1386 2133 1597 2163; x_wconf 83' lang='lat' dir='ltr'>necessitatis</span> <span class='ocrx_word' id='word_1_590' title='bbox 1618 2132 1758 2163; x_wconf 90' lang='lat' dir='ltr'>articulo</span> <span class='ocrx_word' id='word_1_591' title='bbox 1778 2133 1839 2162; x_wconf 87' lang='lat' dir='ltr'>tibi</span> <span class='ocrx_word' id='word_1_592' title='bbox 1855 2133 2050 2163; x_wconf 71' lang='lat' dir='ltr'>auctoritate</span> <span class='ocrx_word' id='word_1_593' title='bbox 2066 2133 2272 2172; x_wconf 85' lang='lat' dir='ltr'>presentium</span> 
     </span>
     <span class='ocr_line' id='line_1_82' title="bbox 1258 2185 2272 2224; baseline -0.001 -8"><span class='ocrx_word' id='word_1_594' title='bbox 1258 2186 1414 2216; x_wconf 79' lang='lat' dir='ltr'>duximus</span> <span class='ocrx_word' id='word_1_595' title='bbox 1430 2185 1672 2224; x_wconf 77' lang='lat' dir='ltr'>indulgendum</span> <span class='ocrx_word' id='word_1_596' title='bbox 1687 2191 1734 2217; x_wconf 77' lang='lat' dir='ltr'>ut,</span> <span class='ocrx_word' id='word_1_597' title='bbox 1747 2195 1822 2216; x_wconf 88' lang='lat' dir='ltr'>cum</span> <span class='ocrx_word' id='word_1_598' title='bbox 1837 2186 1877 2216; x_wconf 87' lang='lat' dir='ltr'>ad</span> <span class='ocrx_word' id='word_1_599' title='bbox 1887 2195 1991 2216; x_wconf 88' lang='lat' dir='ltr'>unum</span> <span class='ocrx_word' id='word_1_600' title='bbox 2006 2186 2210 2217; x_wconf 68' lang='lat' dir='ltr'>sacerdotem</span> <span class='ocrx_word' id='word_1_601' title='bbox 2221 2186 2272 2216; x_wconf 83' lang='lat' dir='ltr'>vel</span> 
     </span>
     <span class='ocr_line' id='line_1_83' title="bbox 1258 2241 2272 2280; baseline 0.001 -9"><span class='ocrx_word' id='word_1_602' title='bbox 1258 2241 1435 2272; x_wconf 89' lang='lat' dir='ltr'>diaconum</span> <span class='ocrx_word' id='word_1_603' title='bbox 1452 2241 1700 2279; x_wconf 82' lang='lat' dir='ltr'>degradandum</span> <span class='ocrx_word' id='word_1_604' title='bbox 1715 2246 1860 2271; x_wconf 82' lang='lat' dir='ltr'>statutus</span> <span class='ocrx_word' id='word_1_605' title='bbox 1872 2242 2100 2280; x_wconf 78' lang='lat' dir='ltr'>episcoporum</span> <span class='ocrx_word' id='word_1_606' title='bbox 2114 2250 2272 2272; x_wconf 77' lang='lat' dir='ltr'>numerus</span> 
     </span>
     <span class='ocr_line' id='line_1_84' title="bbox 1259 2294 2273 2333; baseline 0 -8"><span class='ocrx_word' id='word_1_607' title='bbox 1259 2295 1443 2326; x_wconf 88' lang='lat' dir='ltr'>secundum</span> <span class='ocrx_word' id='word_1_608' title='bbox 1456 2295 1633 2324; x_wconf 81' lang='lat' dir='ltr'>canonicas</span> <span class='ocrx_word' id='word_1_609' title='bbox 1647 2295 1837 2325; x_wconf 88' lang='lat' dir='ltr'>sanctiones</span> <span class='ocrx_word' id='word_1_610' title='bbox 1852 2304 1916 2325; x_wconf 84' lang='lat' dir='ltr'>non</span> <span class='ocrx_word' id='word_1_611' title='bbox 1933 2296 2034 2333; x_wconf 73' lang='lat' dir='ltr'>possit</span> <span class='ocrx_word' id='word_1_612' title='bbox 2050 2295 2121 2325; x_wconf 73' lang='lat' dir='ltr'>sine</span> <span class='ocrx_word' id='word_1_613' title='bbox 2135 2294 2273 2325; x_wconf 81' lang='lat' dir='ltr'>difficul-</span> 
     </span>
     <span class='ocr_line' id='line_1_85' title="bbox 1258 2347 2273 2387; baseline -0.001 -9"><span class='ocrx_word' id='word_1_614' title='bbox 1258 2352 1325 2378; x_wconf 88' lang='lat' dir='ltr'>tate</span> <span class='ocrx_word' id='word_1_615' title='bbox 1342 2348 1447 2378; x_wconf 87' lang='lat' dir='ltr'>nimia</span> <span class='ocrx_word' id='word_1_616' title='bbox 1463 2348 1657 2383; x_wconf 79' lang='lat' dir='ltr'>convenire,</span> <span class='ocrx_word' id='word_1_617' title='bbox 1676 2351 1728 2383; x_wconf 86' lang='lat' dir='ltr'>tu⁷</span> <span class='ocrx_word' id='word_1_618' title='bbox 1747 2356 1821 2377; x_wconf 87' lang='lat' dir='ltr'>cum</span> <span class='ocrx_word' id='word_1_619' title='bbox 1844 2347 1967 2387; x_wconf 77' lang='lat' dir='ltr'>aliquis</span> <span class='ocrx_word' id='word_1_620' title='bbox 1990 2348 2130 2378; x_wconf 58' lang='lat' dir='ltr'>clei-ivus</span> <span class='ocrx_word' id='word_1_621' title='bbox 2151 2349 2185 2377; x_wconf 90' lang='lat' dir='ltr'>in</span> <span class='ocrx_word' id='word_1_622' title='bbox 2208 2348 2273 2378; x_wconf 85' lang='lat' dir='ltr'>tuis</span> 
     </span>
     <span class='ocr_line' id='line_1_86' title="bbox 1258 2400 2272 2440; baseline 0 -9"><span class='ocrx_word' id='word_1_623' title='bbox 1258 2401 1411 2440; x_wconf 86' lang='lat' dir='ltr'>partibus</span> <span class='ocrx_word' id='word_1_624' title='bbox 1426 2401 1528 2431; x_wconf 78' lang='lat' dir='ltr'>fuerit</span> <span class='ocrx_word' id='word_1_625' title='bbox 1544 2400 1713 2431; x_wconf 88' lang='lat' dir='ltr'>hereticus</span> <span class='ocrx_word' id='word_1_626' title='bbox 1728 2400 1877 2439; x_wconf 82' lang='lat' dir='ltr'>legitime</span> <span class='ocrx_word' id='word_1_627' title='bbox 1893 2401 2140 2439; x_wconf 77' lang='lat' dir='ltr'>comprobatus.</span> <span class='ocrx_word' id='word_1_628' title='bbox 2158 2410 2272 2431; x_wconf 80' lang='lat' dir='ltr'>convo-</span> 
     </span>
     <span class='ocr_line' id='line_1_87' title="bbox 1259 2453 2271 2493; baseline -0.001 -9"><span class='ocrx_word' id='word_1_629' title='bbox 1259 2454 1342 2484; x_wconf 89' lang='lat' dir='ltr'>catis</span> <span class='ocrx_word' id='word_1_630' title='bbox 1359 2453 1536 2484; x_wconf 87' lang='lat' dir='ltr'>abbatibus</span> <span class='ocrx_word' id='word_1_631' title='bbox 1553 2458 1584 2484; x_wconf 87' lang='lat' dir='ltr'>ct</span> <span class='ocrx_word' id='word_1_632' title='bbox 1600 2453 1676 2484; x_wconf 90' lang='lat' dir='ltr'>aliis</span> <span class='ocrx_word' id='word_1_633' title='bbox 1691 2453 1829 2492; x_wconf 88' lang='lat' dir='ltr'>prelatis</span> <span class='ocrx_word' id='word_1_634' title='bbox 1846 2463 1883 2484; x_wconf 87' lang='lat' dir='ltr'>ac</span> <span class='ocrx_word' id='word_1_635' title='bbox 1895 2454 2063 2493; x_wconf 69' lang='lat' dir='ltr'>religiosis</span> <span class='ocrx_word' id='word_1_636' title='bbox 2079 2455 2230 2493; x_wconf 80' lang='lat' dir='ltr'>personis</span> <span class='ocrx_word' id='word_1_637' title='bbox 2243 2459 2271 2485; x_wconf 85' lang='lat' dir='ltr'>et</span> 
     </span>
     <span class='ocr_line' id='line_1_88' title="bbox 1258 2506 2273 2546; baseline 0 -9"><span class='ocrx_word' id='word_1_638' title='bbox 1258 2506 1417 2537; x_wconf 86' lang='lat' dir='ltr'>litteratis</span> <span class='ocrx_word' id='word_1_639' title='bbox 1434 2510 1489 2537; x_wconf 92' lang='lat' dir='ltr'>tue</span> <span class='ocrx_word' id='word_1_640' title='bbox 1505 2506 1658 2542; x_wconf 79' lang='lat' dir='ltr'>diocesis,</span> <span class='ocrx_word' id='word_1_641' title='bbox 1677 2507 1717 2537; x_wconf 91' lang='lat' dir='ltr'>ad</span> <span class='ocrx_word' id='word_1_642' title='bbox 1733 2507 1880 2546; x_wconf 88' lang='lat' dir='ltr'>ipsorum</span> <span class='ocrx_word' id='word_1_643' title='bbox 1902 2507 2098 2538; x_wconf 75' lang='lat' dir='ltr'>clericorum</span> <span class='ocrx_word' id='word_1_644' title='bbox 2114 2507 2273 2545; x_wconf 75' lang='lat' dir='ltr'>degrada-</span> 
     </span>
     <span class='ocr_line' id='line_1_89' title="bbox 1260 2559 2271 2599; baseline 0 -10"><span class='ocrx_word' id='word_1_645' title='bbox 1260 2559 1385 2590; x_wconf 89' lang='lat' dir='ltr'>tionem</span> <span class='ocrx_word' id='word_1_646' title='bbox 1407 2559 1604 2590; x_wconf 87' lang='lat' dir='ltr'>auctoritate</span> <span class='ocrx_word' id='word_1_647' title='bbox 1627 2564 1741 2590; x_wconf 87' lang='lat' dir='ltr'>nostra</span> <span class='ocrx_word' id='word_1_648' title='bbox 1762 2561 1934 2599; x_wconf 69' lang='lat' dir='ltr'>procedas,</span> <span class='ocrx_word' id='word_1_649' title='bbox 1957 2561 2045 2599; x_wconf 73' lang='lat' dir='ltr'>ipsos</span> <span class='ocrx_word' id='word_1_650' title='bbox 2067 2561 2271 2599; x_wconf 68' lang='lat' dir='ltr'>postmodum</span> 
     </span>
     <span class='ocr_line' id='line_1_90' title="bbox 1259 2612 2272 2653; baseline 0 -10"><span class='ocrx_word' id='word_1_651' title='bbox 1259 2612 1439 2644; x_wconf 88' lang='lat' dir='ltr'>relicturus</span> <span class='ocrx_word' id='word_1_652' title='bbox 1462 2613 1606 2643; x_wconf 86' lang='lat' dir='ltr'>seculari</span> <span class='ocrx_word' id='word_1_653' title='bbox 1625 2613 1751 2653; x_wconf 85' lang='lat' dir='ltr'>judicio</span> <span class='ocrx_word' id='word_1_654' title='bbox 1768 2614 2057 2644; x_wconf 77' lang='lat' dir='ltr'>animadversione</span> <span class='ocrx_word' id='word_1_655' title='bbox 2080 2614 2190 2644; x_wconf 76' lang='lat' dir='ltr'>‹lebita</span> <span class='ocrx_word' id='word_1_656' title='bbox 2211 2623 2272 2653; x_wconf 90' lang='lat' dir='ltr'>pu-</span> 
     </span>
     <span class='ocr_line' id='line_1_91' title="bbox 1260 2665 2270 2704; baseline 0 -9"><span class='ocrx_word' id='word_1_657' title='bbox 1260 2665 1412 2697; x_wconf 85' lang='lat' dir='ltr'>niendos.</span> <span class='ocrx_word' id='word_1_658' title='bbox 1440 2667 1513 2696; x_wconf 87' lang='lat' dir='ltr'>Dat.</span> <span class='ocrx_word' id='word_1_659' title='bbox 1540 2666 1713 2704; x_wconf 78' lang='lat' dir='ltr'>Anagnie,</span> <span class='ocrx_word' id='word_1_660' title='bbox 1739 2667 1842 2697; x_wconf 85' lang='lat' dir='ltr'>XIIII</span> <span class='ocrx_word' id='word_1_661' title='bbox 1871 2667 2029 2697; x_wconf 65' lang='lat' dir='ltr'>kalendas</span> <span class='ocrx_word' id='word_1_662' title='bbox 2062 2666 2250 2697; x_wconf 80' lang='lat' dir='ltr'>novembris</span> <span class='ocrx_word' id='word_1_663' title='bbox 2265 2690 2270 2695; x_wconf 86' lang='lat'><strong><em>.</em></strong></span> 
     </span>
     <span class='ocr_line' id='line_1_92' title="bbox 1259 2723 1497 2750; baseline 0 -1"><span class='ocrx_word' id='word_1_664' title='bbox 1259 2727 1347 2750; x_wconf 87' lang='lat' dir='ltr'>anno</span> <span class='ocrx_word' id='word_1_665' title='bbox 1361 2723 1463 2750; x_wconf 82' lang='lat' dir='ltr'>sexto.</span> <span class='ocrx_word' id='word_1_666' title='bbox 1484 2732 1497 2746; x_wconf 93' lang='lat'>»</span> 
     </span>
    </p>
   </div>
   <div class='ocr_carea' id='block_1_13' title="bbox 1329 2878 1419 2907">
    <p class='ocr_par' dir='ltr' id='par_1_13' title="bbox 1329 2878 1419 2907">
     <span class='ocr_line' id='line_1_93' title="bbox 1329 2878 1419 2907; baseline 0 0"><span class='ocrx_word' id='word_1_667' title='bbox 1329 2878 1419 2907; x_wconf 75' lang='lat'>884</span> 
     </span>
    </p>
   </div>
   <div class='ocr_carea' id='block_1_14' title="bbox 1257 2938 2270 3024">
    <p class='ocr_par' dir='ltr' id='par_1_14' title="bbox 1257 2938 2270 3024">
     <span class='ocr_line' id='line_1_94' title="bbox 1293 2938 2270 2973; baseline -0.003 -5"><span class='ocrx_word' id='word_1_668' title='bbox 1293 2940 1401 2968; x_wconf 82' lang='lat' dir='ltr'>Abbati</span> <span class='ocrx_word' id='word_1_669' title='bbox 1415 2944 1444 2968; x_wconf 86' lang='lat' dir='ltr'>et</span> <span class='ocrx_word' id='word_1_670' title='bbox 1459 2940 1615 2968; x_wconf 86' lang='lat' dir='ltr'>conventui</span> <span class='ocrx_word' id='word_1_671' title='bbox 1636 2939 1802 2966; x_wconf 83' lang='lat' dir='ltr'>monasterii</span> <span class='ocrx_word' id='word_1_672' title='bbox 1820 2938 1962 2965; x_wconf 82' lang='lat' dir='ltr'>Venusini</span> <span class='ocrx_word' id='word_1_673' title='bbox 1985 2939 2115 2973; x_wconf 72' lang='lat' dir='ltr'>indulget</span> <span class='ocrx_word' id='word_1_674' title='bbox 2131 2943 2161 2966; x_wconf 88' lang='lat' dir='ltr'>ut</span> <span class='ocrx_word' id='word_1_675' title='bbox 2177 2941 2270 2967; x_wconf 84' lang='lat' dir='ltr'>eccle—</span> 
     </span>
     <span class='ocr_line' id='line_1_95' title="bbox 1257 2987 2269 3024; baseline -0.001 -8"><span class='ocrx_word' id='word_1_676' title='bbox 1257 2988 1300 3016; x_wconf 82' lang='lat' dir='ltr'>sia</span> <span class='ocrx_word' id='word_1_677' title='bbox 1315 2988 1438 3017; x_wconf 83' lang='lat' dir='ltr'>Sanctae</span> <span class='ocrx_word' id='word_1_678' title='bbox 1454 2989 1560 3016; x_wconf 84' lang='lat' dir='ltr'>Mariae</span> <span class='ocrx_word' id='word_1_679' title='bbox 1576 2989 1611 3015; x_wconf 89' lang='lat' dir='ltr'>de</span> <span class='ocrx_word' id='word_1_680' title='bbox 1631 2988 1775 3023; x_wconf 83' lang='lat' dir='ltr'>Septimo,</span> <span class='ocrx_word' id='word_1_681' title='bbox 1791 2996 1875 3022; x_wconf 82' lang='lat' dir='ltr'>quam</span> <span class='ocrx_word' id='word_1_682' title='bbox 1899 2987 1933 3014; x_wconf 85' lang='lat' dir='ltr'>ad</span> <span class='ocrx_word' id='word_1_683' title='bbox 1953 2988 2118 3015; x_wconf 64' lang='lat' dir='ltr'>inundatum</span> <span class='ocrx_word' id='word_1_684' title='bbox 2133 2989 2269 3024; x_wconf 82' lang='lat' dir='ltr'>apostoli-</span> 
     </span>
    </p>
   </div>
   <div class='ocr_carea' id='block_1_15' title="bbox 1816 2877 2196 2912">
    <p class='ocr_par' dir='ltr' id='par_1_15' title="bbox 1816 2877 2196 2912">
     <span class='ocr_line' id='line_1_96' title="bbox 1816 2877 2196 2912; baseline 0.005 -9"><span class='ocrx_word' id='word_1_685' title='bbox 1816 2877 1949 2912; x_wconf 73' lang='lat' dir='ltr'>[Anagni¹</span> <span class='ocrx_word' id='word_1_686' title='bbox 1968 2878 2084 2904; x_wconf 85' lang='lat' dir='ltr'>octobre</span> <span class='ocrx_word' id='word_1_687' title='bbox 2102 2877 2196 2912; x_wconf 66' lang='lat'>1232&#39;11</span> 
     </span>
    </p>
   </div>
  </div>
 </body>
</html>
