2498 3242
178 269 236 299 809
1034 256 1248 295 SEPTIEME
1270 256 1431 294 ANNEE.
2229 265 2288 295 ειη

175 335 351 372 presbitero,
370 334 455 363 Beate
473 334 569 363 Mario
584 334 709 370 MaJ'oris
727 333 901 367 canonicis,
919 337 944 360 et
967 332 1115 368 mayistro
1133 331 1189 359 Do·
1227 329 1234 334 '

179 387 285 420 nadeo.
303 387 556 424 archipresbitero
571 387 681 415 Sancte
700 387 788 415 anie
805 386 839 414 de
855 386 994 422 Conli'nio
1007 385 1040 413 de
1061 385 1144 413 [fi-be.
1162 384 1189 413 A

179 439 333 478 pluribus
359 439 593 476 redarguimur
623 456 672 467 —.
701 439 775 468 Dat.
804 437 976 471 Laterani,
1005 437 1056 466 III
1086 445 1190 465 nonas

177 491 269 532 julii,
291 500 377 521 anno
395 491 547 530 septimo.
568 503 580 517 n

253 665 273 692 Ι
280 664 369 692 450

219 725 307 752 Priori
330 729 357 752 et
375 726 512 752 trau-ibus
527 725 617 752 eremi
634 724 863 751 Camaldulensis
879 728 907 750 et
925 724 1073 750 monacbis
1092 723 1191 750 Fontis

769 662 882 694 Latran,
901 663 915 689 5
929 662 1023 697 juillet
1042 662 1118 689 ¹233.

180 774 251 802 Boni
275 778 373 800 notum
398 775 463 800 facit
484 782 569 809 quam
590 774 626 800 ob
645 782 703 800 rem
721 774 764 800 eis
781 774 986 799 monasterinm
1004 772 1102 799 Sancti
1117 772 1191 798 Cos-

179 831 242 850 mae
259 823 286 849 in
305 822 383 850 Urbe
397 823 557 853 subtraxit,
574 822 650 856 quod
669 822 740 855 ipsis
755 826 837 848 antea
853 821 980 847 dederat.
996 836 1029 841 —
1045 821 1128 853 (Rea.
1151 821 1190 851 17,

177 872 197 899 s.
212 871 245 899 67
264 878 304 903 ¹⁸⁰3
322 880 389 899 ann.
409 871 472 903 vn,
490 880 516 897 c.
533 870 600 903 2323
619 886 651 890 —
669 870 816 897 Purrmsr
831 870 923 901 {ies-2.)

221 985 233 999 «
249 996 269 1002 ..
281 974 382 1011 priori
398 978 423 1001 et
435 973 589 1009 fratribus
605 973 720 1001 heremi
732 972 976 1002 Camaldulensix
991 977 1017 1001 et
1033 972 1192 1001 monachis

178 1027 283 1056 Fontis
299 1027 384 1055 Boni.
398 1025 483 1062 Quia
500 1025 576 1055 illos
589 1034 664 1055 vere
678 1042 727 1053 —-.
742 1025 816 1054 Non
834 1029 881 1054 est
899 1024 1002 1061 igitur
1016 1024 1191 1054 adversum

179 1087 239 1109 nos
263 1079 352 1118 justa
379 1078 472 1109 vobis
496 1078 626 1108 occasio
646 1078 829 1108 murmuris
854 1087 953 1116 super
975 1077 1042 1108 hiis
1063 1086 1126 1116 que
1153 1077 1192 1107 de

178 1131 373 1162 monasterii
405 1132 517 1161 Sancti
543 1131 661 1162 Cosme
685 1131 816 1168 negotio
839 1131 1018 1165 retulistis,
1043 1131 1131 1169 quod
1155 1139 1193 1160 ea

180 1194 268 1225 nunc
285 1185 470 1215 intentione
487 1185 718 1215 subduximus,
732 1194 795 1223 qua
814 1184 906 1213 vobis
923 1183 1044 1223 ante[a]
1060 1183 1193 1213 dedera-

179 1246 265 1267 mus.
290 1237 448 1267 volentes
473 1237 563 1267 enim
584 1237 694 1267 decori
717 1241 826 1267 vestro
846 1241 994 1275 prestare
1016 1237 1190 1271 virtutem,

179 1289 215 1318 in
237 1289 361 1327 optimo
384 1288 486 1319 I’rhis
507 1288 576 1318 solo
600 1289 792 1318 curavimus
813 1292 920 1318 vestre
944 1288 1022 1317 vitis
1044 1287 1193 1325 plantare

180 1341 413 1380 propaginem,
432 1359 471 1362 —
490 1341 547 1371 sed
569 1350 709 1379 persone
733 1350 816 1379 quas
839 1340 980 1375 ibidem,
1002 1340 1193 1370 innocentie

180 1398 288 1425 vestre
313 1403 392 1432 pace
415 1398 560 1429 servata,
588 1394 700 1424 minus
726 1394 861 1432 provide
882 1394 1062 1429 direxistis,
1083 1402 1193 1423 coram

178 1447 369 1486 Apostolica
385 1447 479 1483 Sede,
498 1447 600 1478 Urbis
613 1447 830 1478 multitudine
843 1447 895 1477 vel
911 1447 1001 1477 orbis
1018 1447 1059 1477 ad
1075 1448 1193 1477 Roma-

178 1509 256 1530 nam
273 1500 410 1531 Curiam
428 1500 642 1535 confluentis,
664 1500 847 1530 monastice
864 1499 1039 1538 religionis
1059 1501 1193 1530 odorem

177 1553 281 1584 fetere
303 1554 471 1589 fecerunt,
489 1553 564 1592 plus
584 1553 750 1588 scandali,
771 1553 845 1591 plus
866 1553 990 1583 orroris
1006 1557 1038 1583 et
1056 1553 1192 1583 tristitie

176 1607 390 1641 suscitantes,
408 1616 508 1646 quam
526 1606 653 1637 illaturi
672 1606 768 1636 nobis
789 1606 1026 1642 edificationis,
1045 1606 1193 1636 suavita—

176 1660 220 1690 tis
238 1664 269 1689 et
285 1660 398 1698 gaudii
419 1659 633 1698 putabantur.
653 1659 765 1690 Nullis
782 1659 895 1697 igitur,
914 1660 982 1690 nisi
1000 1660 1136 1695 vestris,
1159 1659 1193 1689 id

177 1713 264 1752 quod
277 1717 429 1743 secutum
445 1717 505 1748 est,
526 1713 699 1751 imputetis
715 1731 764 1742 —.
782 1714 856 1743 Dat.
875 1713 1044 1747 Laterani,
1063 1714 1113 1744 III
1132 1722 1192 1743 no-

178 1775 238 1797 nas
251 1766 341 1806 julii,
360 1775 447 1796 anno
463 1766 615 1805 septimo.
637 1779 649 1792 ι)

254 1946 364 1974 1451

217 2007 360 2042 Episcopo
386 2013 412 2034 et
438 2008 563 2043 capitulo
589 2008 805 2035 Exoniensibus
828 2008 943 2034 mandat
967 2012 1112 2042 quatenus
1138 2017 1193 2035 non

180 2056 338 2091 impediant
361 2058 428 2091 quin
452 2057 592 2089 limbus,
619 2061 702 2083 natus
724 2056 866 2083 KIohannis
887 2057 1017 2088 Gaetani,
1039 2057 1112 2083 civis
1134 2057 1195 2084 Ro-

181 2106 268 2132 mani.
282 2110 310 2131 ct
324 2105 490 2140 Stephanus
503 2105 616 2137 Basset,
630 2105 830 2132 Eb‹›1-acenses
842 2105 984 2137 canonici,
997 2105 1029 2131 ad
1043 2106 1194 2132 ecetesiam

182 2154 217 2181 de
234 2154 446 2181 Asseminister
459 2158 487 2180 et
502 2154 640 2188 capellam
656 2154 692 2180 de
708 2153 828 2180 Membri
842 2154 964 2180 vicarios
980 2154 1099 2181 idoneos
1117 2163 1195 2188 prae-

773 1946 887 1978 Latran,
904 1946 919 1972 4
931 1946 1028 1980 juillet
1044 1946 1121 1974 1233.

182 2207 314 2235 sentent,
335 2203 383 2237 qui
405 2203 494 2229 velint
514 2208 542 2229 et
562 2203 674 2229 valeant
695 2202 842 2229 deservire
866 2203 892 2228 in
915 2202 1041 2233 eisdem,
1066 2211 1120 2229 non
1143 2203 1196 2230 ob-

182 2256 277 2278 stante
298 2251 421 2286 quadam
442 2251 653 2286 compositione
674 2259 762 2286 super
777 2251 887 2277 eisdem
904 2251 1027 2277 ecclesia
1043 2255 1072 2277 et
1088 2252 1194 2285 capella

182 2309 197 2326 a
214 2301 352 2333 magistro
369 2300 476 2326 Erat-do
493 2300 519 2326 in
544 2299 752 2334 praejudicium
775 2299 904 2333 magistri
922 2299 1041 2326 Roberti
1059 2301 1142 2328 facta.
1161 2314 1198 2321 -—

184 2349 266 2383 (Rau.
287 2350 326 2376 17.
345 2349 363 2376 f.
380 2349 412 2376 67
431 2355 475 2378 vu:
493 2357 559 2375 ann.
581 2347 644 2377 vti,
663 2357 689 2375 c.
707 2348 780 2381 ²233.)

224 2464 236 2478 «
262 2474 281 2480 ..
304 2452 438 2489 episeopo
459 2456 484 2479 et
509 2451 644 2488 capitulo
664 2451 896 2480 Emoniensibtts.
921 2450 971 2480 Ad
991 2450 1197 2480 audientiam

183 2508 330 2534 nostram
357 2503 518 2533 noveritis
544 2504 738 2542 pervenisse
764 2504 861 2542 quod,
888 2512 963 2533 cum
993 2503 1133 2534 ecelesia
1158 2504 1197 2534 de

183 2556 460 2594 Asseminist[er],
477 2565 552 2586 cum
568 2556 693 2595 capella
710 2557 749 2586 de
767 2556 907 2586 Membri
922 2560 953 2587 et
967 2556 1044 2587 aliis
1060 2556 1197 2595 capellis

183 2615 213 2642 et
230 2609 444 2649 pertinentiis
464 2610 551 2644 suis,
570 2610 768 2640 Exoniensis
789 2610 947 2645 diocesis,
967 2610 1006 2639 ad
1023 2610 1104 2640 duas
1123 2619 1198 2648 pre-

182 2662 308 2694 bendas
323 2662 543 2692 Eboracensis
559 2662 716 2698 ecclesie,
738 2671 820 2701 quas
841 2662 981 2693 dilectus
998 2663 1087 2693 silius
1101 2664 1199 2693 Jaco-

184 2716 257 2750 hus,
276 2720 373 2745 natus
387 2714 508 2745 nobilis
523 2715 586 2744 viri
599 2714 765 2745 Johannis
779 2715 931 2751 Gaetani,
945 2715 1028 2745 rivis
1042 2716 1196 2752 Romani,

185 2773 215 2799 et
233 2768 422 2806 Stephanus
440 2768 572 2799 Basset.
596 2768 820 2798 Eboracenses
837 2768 1007 2798 canonici.
1025 2769 1196 2804 obtinent,

185 2821 353 2860 pertinere
372 2825 538 2853 noscatur,
563 2820 734 2857 magistris
756 2820 880 2850 Erardo
901 2825 930 2850 et
955 2821 1099 2851 Roberto
1120 2821 1200 2851 olim

186 2874 371 2913 prebendas
396 2873 486 2912 ipsas
511 2882 586 2903 cnm
613 2873 683 2903 suis
711 2873 924 2911 pertinentiis
943 2873 1197 2903 obtinentibus:

187 2928 275 2958 idem
292 2926 453 2961 Erat-dus,
472 2926 542 2965 ipso
559 2926 703 2956 Roberto
720 2931 809 2956 extra
827 2936 966 2963 regnum
986 2926 1104 2965 Anglie
1122 2936 1200 2957 con-

1271 329 1404 361 stituto.
1428 330 1701 368 compositionem
1723 329 1889 368 quandam
1911 338 1970 359 seu
1992 329 2105 359 verius
2130 329 2286 361 collusio-

1273 392 1364 418 nem,
1397 383 1431 412 in
1460 383 1609 422 ejusdem
1639 383 1776 413 Roherti
1804 387 1835 412 et
1865 383 2013 421 ipsarum
2043 383 2285 421 prebendarum

1271 434 1432 465 lesionem
1451 444 1514 465 non
1534 436 1707 466 modicam.
1726 436 1834 466 facere
1851 436 2068 473 attemptavit,
2083 440 2117 465 ut
2134 435 2287 466 videlicet

1274 488 1438 523 Matheus,
1458 497 1559 527 nepos
1576 489 1659 518 bone
1677 489 1835 518 memorie
1852 512 1871 517 ..
1887 489 2130 527 predecessoris
2148 489 2206 524 tui,
2223 490 2286 519 fra-

1274 545 1322 570 ter
1338 541 1501 579 episcope,
1520 541 1627 579 ipsam
1651 541 1788 571 baberet
1805 541 1978 571 ecclesiam
2000 546 2033 571 ut
2053 542 2210 573 vicarius.
2228 552 2286 581 pro

1274 602 1311 623 ea
1328 594 1498 623 canonicis
1518 595 1574 633 qui
1592 594 1724 624 easdem
1743 594 1929 624 obtinerent
1948 594 2147 632 prebendas,
2167 595 2283 631 viginti

1273 651 1416 685 quatuor
1443 656 1570 677 marcas
1594 648 1691 677 annis
1719 647 1862 683 singulis
1891 647 2078 681 soluturus,
2108 652 2137 677 et
2167 649 2284 683 Lucas,

1274 699 1345 738 ejus
1369 709 1487 738 nepos,
1506 701 1687 738 predictam
1706 699 1865 738 capellam
1890 704 1924 729 ut
1943 700 2087 730 vicarius
2104 701 2284 737 obtineret,

1273 762 1311 783 ac
1327 762 1384 791 pro
1401 763 1437 783 ea
1457 758 1581 783 certam
1597 754 1737 792 pecunie
1754 753 1973 792 quantitatem
1991 753 2055 791 ipsi
2072 754 2204 783 Matheo
2220 753 2286 783 sol-

1274 810 1364 835 veret
1382 806 1567 835 annuatim.
1586 806 1682 837 Unde
1695 805 1815 844 prefati
1833 805 1985 835 canonici
2002 806 2096 835 nobis
2114 806 2287 836 humiliter

1274 858 1501 896 supplicarunt
1534 862 1583 894 nt,
1615 867 1690 888 cum
1720 858 1826 896 ipsius
1857 858 1996 888 ecclesie
2025 858 2174 888 redditus
2199 858 2288 888 circa

1274 916 1407 941 centum
1424 920 1552 941 marcas
1569 911 1831 949 sterlinguorum
1847 911 1955 941 valeat
1971 912 2156 943 annuatim,
2175 916 2206 941 et
2222 911 2287 950 ipsi

1275 964 1355 994 adeo
1371 964 1526 994 ledantnr
1549 974 1606 1003 per
1622 965 1895 1002 compositionem
1919 974 1977 993 seu
1994 974 2051 1002 per
2069 964 2287 994 collusionem

1274 1017 1472 1055 predictam,
1491 1022 1527 1048 ut
1553 1027 1616 1048 non
1639 1018 1704 1048 nisi
1729 1018 1847 1055 viginti
1869 1022 2011 1057 quatuor
2029 1027 2174 1053 marcas,
2202 1018 2287 1048 sicut

1275 1071 1459 1109 predictum
1477 1075 1541 1101 cst.
1560 1072 1743 1110 percipiant
1766 1081 1803 1100 ex
1825 1071 1954 1101 eadem.
1974 1080 2073 1109 super
2094 1071 2154 1101 hoc
2177 1071 2287 1110 provi-

1276 1124 1352 1153 dere
1371 1129 1507 1163 paterna
1523 1124 1750 1154 sollicitudine
1766 1124 1991 1162 dignaremur,
2011 1124 2192 1154 amovendo
2213 1132 2287 1162 pre-

1276 1178 1360 1207 fatos
1378 1177 1547 1207 Matheum
1565 1182 1595 1207 et
1613 1179 1734 1207 Lucam
1752 1178 1792 1207 ab
1811 1177 1951 1207 ecclesia
1967 1182 1996 1207 et
2016 1177 2140 1216 capella
2158 1177 2287 1215 predic·

1275 1230 1329 1264 tis,
1350 1239 1424 1259 cum
1442 1231 1589 1268 prefatus
1606 1231 1751 1260 Erardus
1768 1230 1801 1259 in
1817 1230 2036 1269 prejudicium
2051 1230 2130 1260 dicti
2151 1230 2287 1260 Roberti

1276 1287 1307 1313 et
1324 1283 1543 1313 Ebot-astensis
1564 1284 1702 1313 ecclesie
1728 1284 2000 1321 compositionem
2018 1284 2056 1313 de
2072 1284 2146 1323 jur(=
2169 1283 2287 1323 nequi-

1276 1336 1359 1366 verit
1380 1337 1489 1366 sacere
1511 1341 1733 1375 prenotatam,
1753 1341 1780 1366 et
1804 1336 1866 1374 ipsi
1890 1336 2042 1366 Matheus
2059 1341 2087 1366 et
2107 1337 2211 1366 Luras
2229 1345 2287 1366 ne-

1276 1398 1442 1428 quaquam
1459 1389 1577 1421 velint,
1594 1394 1628 1419 ut
1645 1390 1777 1424 dicitur,
1797 1389 2015 1428 personaliter
2034 1390 2068 1418 in
2085 1390 2166 1427 ipsis
2183 1389 2288 1420 eccle-

1276 1442 1348 1478 siis,
1378 1447 1473 1480 prout
1498 1443 1539 1472 ad
1564 1442 1727 1472 vicarium
1752 1442 1906 1481 pertinet,
1936 1442 2114 1472 deservire.
2143 1442 2285 1481 Ideoque

1274 1496 1472 1526 mandamus
1495 1501 1678 1535 quatenus,
1703 1496 1731 1525 si
1754 1505 1807 1526 res
1829 1496 1875 1525 ita
1900 1505 1934 1525 se
1955 1495 2071 1525 habet.
2095 1505 2159 1525 non
2182 1496 2287 1534 impe-

1276 1549 1375 1579 diatis
1400 1549 1482 1588 quin
1507 1549 1628 1587 prefati
1653 1548 1805 1578 canonici
1822 1548 1862 1578 ad
1884 1548 2059 1578 ecclesiam
2075 1553 2107 1578 et
2127 1548 2287 1586 capellam

1274 1602 1417 1632 vicarios
1435 1602 1573 1631 idoneos
1589 1605 1830 1640 representem,
1848 1601 1906 1640 qui
1922 1601 2025 1631 velint
2041 1606 2071 1630 et
2088 1601 2220 1631 valeant
2235 1601 2288 1631 de-

1276 1655 1401 1685 servire
1413 1655 1634 1693 personaliter
1644 1655 1679 1684 in
1691 1655 1827 1689 eisdem,
1843 1654 1955 1693 etqui,
1969 1654 2168 1692 competenti
2182 1654 2288 1692 provi-

1276 1708 1369 1738 sione
1385 1708 1550 1738 contenti.
1568 1708 1741 1738 residuum
1759 1707 1929 1737 dimittant
1951 1707 2120 1737 canonicis
2140 1707 2289 1745 sepedic-

1276 1761 1330 1791 tis.
1348 1761 1507 1800 Alioquin
1524 1761 1654 1791 dilectis
1672 1761 1752 1791 filiis
1771 1784 1790 1789 ..
1808 1760 1912 1799 priori
1929 1760 2047 1791 Sancte
2064 1761 2250 1796 Trinitatis,
2268 1784 2285 1790 ..

1276 1814 1511 1844 archidiacono
1526 1814 1727 1845 Colocestrie
1748 1817 1779 1844 et
1797 1836 1817 1842 ..
1835 1813 1959 1843 decano
1977 1813 2016 1843 de
2038 1814 2191 1843 Arcnbus
2207 1814 2289 1843 Lon-

1276 1867 1456 1905 donien[si]
1480 1867 1603 1897 nostris
1626 1867 1743 1896 damus
1764 1866 1888 1896 litteris
1911 1866 1947 1895 in
1967 1866 2134 1896 mandatis
2154 1871 2188 1896 ut
2205 1866 2287 1905 ipsi,

1277 1921 1415 1950 veritate
1435 1921 1577 1958 cognita,
1596 1920 1629 1949 id
1646 1919 1791 1949 faciendi
1812 1919 1937 1949 eisdem
1956 1920 2127 1949 canonicis
2145 1919 2290 1949 auctori-

1276 1977 1342 2003 tate
1368 1977 1482 2003 nostra
1498 1973 1639 2002 liberam
1662 1972 1810 2002 tribuant
1828 1976 2038 2010 potestatem.
2060 1972 2290 2003 Contradicto-

1276 2035 1330 2056 res
1357 2031 1418 2056 etc.
1449 2026 1523 2055 Non
1553 2025 1764 2055 obstantibus
1796 2024 1919 2054 litteris
1949 2034 2048 2063 super
2074 2025 2134 2055 hoc
2161 2034 2179 2055 a
2206 2025 2289 2055 Sede

1278 2078 1467 2118 Apostolica
1482 2078 1669 2117 impetratis
1686 2082 1717 2108 et
1737 2078 1974 2107 constitutione
1990 2078 2029 2108 de
2046 2078 2174 2107 duabus
2191 2077 2289 2107 dietis

1277 2132 1363 2161 edita
1381 2132 1414 2161 in
1429 2131 1570 2161 concilio
1587 2130 1746 2169 generali.
1764 2132 1837 2160 Dat.
1856 2130 2023 2160 Laterani.
2038 2131 2105 2160 IIII
2123 2140 2226 2161 nonas
2239 2131 2290 2170 ju-

1277 2185 1326 2219 lii,
1345 2194 1432 2215 anno
1451 2185 1600 2223 septimo.
1623 2197 1636 2211 »

1315 2303 1417 2327 ¹452.
1434 2312 1470 2319 -
1484 2298 1630 2332 Scriptum
1649 2302 1693 2323 est
1705 2305 1794 2331 super
1810 2296 1902 2322 hocin
1919 2296 2043 2323 eundem
2060 2296 2176 2323 modum
2192 2297 2291 2323 eisdem

1278 2348 1475 2374 executoribus.

1355 2517 1375 2544 Ι
1382 2516 1472 2544 453

1317 2578 1547 2613 Archiepiscopo
1569 2576 1717 2603 hundensi
1740 2575 1855 2602 mandat
1873 2579 2019 2609 quatenus
2040 2576 2209 2610 presbytero
2231 2576 2294 2602 cui-

1280 2627 1345 2653 dam
1365 2627 1414 2661 qui
1434 2627 1524 2653 furem
1542 2626 1741 2656 interfecerat,
1759 2626 1786 2651 in
1803 2625 1898 2658 aliquo
1917 2623 2062 2658 stipendio
2085 2624 2159 2650 unde
2175 2629 2294 2651 susten-

1868 2513 1982 2545 Latran,
2000 2513 2014 2539 4
2028 2514 2123 2548 juillet
2144 2513 2217 2541 1:³33.

1281 2676 1333 2702 tari
1350 2675 1453 2710 possit,
1466 2676 1493 2702 in
1511 2683 1562 2701 sua
1579 2674 1705 2700 dioecesi
1723 2672 1879 2708 provideat,
1898 2681 1931 2698 ne
1950 2672 2112 2698 mendicare
2128 2676 2248 2706 cogatur
2264 2673 2292 2699 in

1281 2724 1468 2760 opprobrium
1484 2723 1594 2750 ordinis
1609 2723 1760 2749 clericatis.
1777 2735 1812 2742 —
1831 2721 1912 2753 (Reo-
1934 2721 1979 2752 17,
1998 2721 2015 2747 f.
2033 2720 2066 2746 ΓΝ
2083 2725 2122 2753 r⁰;
2141 2728 2207 2747 ann.
2228 2720 2292 2748 VII.

1281 2781 1306 2799 c.
1324 2772 1392 2807 ἓΒ-ἱς
1413 2788 1443 2791 -
1463 2771 1608 2799 Porrfflsr
1623 2771 1716 2803 9250.)

1325 2887 1337 2900 «
1355 2897 1373 2902 ..
1391 2875 1617 2911 archiepis-copo
1631 2873 1794 2902 Lundcnsi.
1816 2870 1985 2901 Interdum
1999 2879 2081 2909 quos
2098 2874 2231 2900 accusat
2243 2886 2292 2898 —.

1283 2927 1357 2957 Dat.
1376 2931 1408 2957 ut
1427 2936 1538 2965 supra.
1561 2939 1573 2952 n
