2498 3242
245 288 319 319 1019
967 289 1205 319 1111015Το115
1228 287 1283 318 DE
1305 280 1527 318 GREGOIRE
1550 288 1609 318 lx.
2262 288 2338 319 1020

243 355 343 381 neficia
353 358 578 388 consequantur,
589 362 653 381 cum
664 355 738 389 apud
750 354 842 381 Deum
854 363 908 381 non
922 355 958 381 sit
969 355 1097 389 accepti⁰
1109 362 1248 389 persona-

243 410 316 429 rum.
327 417 359 422 —
369 401 450 435 (Rso.
468 403 507 431 17,
520 403 538 429 f.
555 403 602 429 173
616 410 654 430 r⁰z
667 411 733 430 ann.
744 402 823 430 VIII.
836 411 860 430 c..
873 403 922 433 ‘23;
937 418 967 422 —
982 403 1128 431 Pori-iuer
1138 402 1248 434 26211.)

285 516 295 528 α
317 526 336 531 ..
358 504 583 540 archiepiscopo
605 504 835 533 Consuaricnsi.
859 504 908 533 Ad
933 503 1078 533 officium
1106 503 1249 541 pertinet

242 572 290 583 —.
310 555 380 585 Dat.
401 555 566 585 Laterani.
587 557 635 586 III
652 565 754 586 nonas
772 556 898 595 aprilis.
917 565 1003 586 anno
1019 561 1175 585 octavo.»

316 746 335 773 Ι
343 746 430 774 864

278 808 538 843 Archipresbytero
550 832 556 841 ,
573 810 773 836 archidiacono
789 813 815 835 et
831 809 957 843 capitulo
974 808 1248 841 Mediolanensibus,

243 856 348 890 quibus
364 856 539 885 Guitl'redus.
557 858 630 883 tituli
647 857 744 884 Sancti
764 857 851 883 Marci
869 856 1020 891 presbyter
1035 855 1203 887 cardinalis,
1220 856 1248 882 in

242 905 372 938 partibus
384 904 570 931 Lombardiae
583 906 694 939 legatus
706 905 892 939 apostolicus.
906 905 1067 930 inhibuerat
1080 912 1115 929 ne
1126 904 1248 938 aliquem

243 952 305 978 sine
322 953 454 978 mandato
471 954 630 986 apostolico
642 975 648 981 .
667 953 828 987 praebenda
845 961 900 978 non
917 956 1046 983 vacante,
1066 953 1093 978 in
1111 951 1248 978 Mediola-

849 747 962 777 Latran,
981 747 995 772 7
1010 746 1079 772 avril
1100 746 1176 773 1‘234.

243 1001 325 1026 nensi
343 1001 465 1026 ecclesia
486 1002 513 1027 in
534 1001 704 1027 canonicum
723 1002 897 1035 reciperent.
916 1004 1013 1026 notum
1031 1000 1098 1026 tacit
1117 1008 1149 1026 se
1164 1000 1248 1034 quid-

242 1049 310 1082 quid
326 1049 360 1074 ab
377 1049 447 1083 ipsis
462 1049 496 1075 ‹le
516 1051 728 1084 cujuscumque
749 1051 914 1084 receptione
931 1053 994 1084 post
1010 1046 1086 1075 illam
1103 1049 1250 1075 inhibitio-

244 1105 307 1124 nem
327 1097 411 1123 suerit
433 1102 650 1132 praesumptum
663 1120 669 1126 .
693 1107 808 1125 cassare
830 1102 858 1124 et
879 1098 906 1124 in
927 1099 1037 1125 irritum
1055 1106 1199 1124 revocare.
1215 1112 1250 1118 «-

242 1144 325 1178 (Rea.
347 1146 386 1172 17,
404 1146 422 1172 t.
445 1146 490 1173 173
507 1154 553 1179 νος
572 1155 637 1172 ann.
656 1146 736 1174 VIII.
753 1155 778 1172 c.
795 1146 850 1178 *2-1.)

285 1260 296 1271 «1
321 1270 339 1274 ..
357 1248 620 1284 archipresbitero.
641 1270 660 1275 ..
678 1247 897 1277 archidiacono
914 1253 939 1276 el
955 1248 1089 1285 capitulo
1111 1248 1249 1277 Mediola-

244 1301 396 1328 mensibus.
416 1300 591 1329 Hesi-rente
609 1299 728 1330 dilecto
744 1300 812 1330 filio
828 1304 940 1330 nostro
957 1300 1138 1335 Guiffredo,
1161 1299 1248 1330 tituli

243 1352 354 1382 Sancti
374 1353 475 1382 Marci
492 1352 674 1390 presbitero
690 1353 871 1387 cardinali.
894 1362 952 1391 pro
968 1357 1056 1383 certo
1072 1353 1249 1382 didicimus

242 1405 339 1444 quod.
358 1414 430 1435 cum
449 1405 535 1434 idem
554 1405 587 1434 in
604 1406 754 1443 partibus
772 1405 966 1435 Lombardie
982 1405 1158 1443 legationis
1173 1406 1250 1436 fun-

242 1462 374 1496 geretur
390 1458 515 1487 officio.
534 1466 705 1488 occurrere
725 1457 863 1488 ecclesie
885 1462 994 1487 vestre
1014 1457 1198 1496 dispendiis
1219 1463 1250 1488 01

242 1510 365 1540 futuris
381 1510 546 1540 scandalis
563 1511 701 1548 cupiens
715 1510 860 1546 obviare,
879 1510 1074 1540 auctoritate
1093 1510 1249 1548 5001οἓ0-

243 1563 343 1592 tionis
360 1572 512 1601 expresse
528 1563 621 1593 110015
638 1563 785 1593 inhibuit
798 1572 838 1593 ne
850 1563 995 1601 aliquem
1009 1563 1082 1592 sine
1096 1563 1249 1592 mandato

243 1620 366 1645 nostro.
383 1615 548 1654 prebenda
568 1624 632 1645 non
647 1620 794 1650 vacante,
813 1616 847 1645 in
867 1615 1005 1645 ecclesia
1024 1619 1133 1644 vestra
1150 1615 1183 1644 in
1196 1624 1250 1645 ca-

244 1669 399 1698 nonicum
416 1668 607 1706 reciperetis
625 1673 655 1698 01
668 1669 816 1703 fratrem,
837 1672 868 1698 et
885 1677 936 1703 ne⁷
955 1677 992 1697 eo
1008 1668 1213 1706 irrequisito,
1232 1678 1249 1697 a

242 1722 335 1751 vobis
352 1721 385 1750 id
403 1722 506 1751 fieret.
525 1727 682 1760 tanquam
698 1730 839 1759 persona
855 1721 961 1759 ipsius
978 1721 1115 1751 ecclesie
1135 1721 1175 1750 ad
1192 1721 1250 1751 Se-

242 1774 315 1804 dem
331 1774 553 1812 Apostolicam
571 1774 758 1812 appellavit.
777 1774 840 1804 Sed
857 1783 929 1807 vos.
948 1774 1054 1811 ipsius
1071 1773 1249 1803 cardinalis

241 1826 442 1856 inhibitione
462 1832 491 1856 et
514 1826 750 1865 appellatione,
769 1826 856 1865 quod
874 1835 930 1856 vos
948 1835 1013 1855 non
1035 1826 1160 1861 decuit,
1180 1834 1247 1855 om-

241 1879 320 1908 0100
339 1879 550 1916 contemptis.
576 1879 733 1917 quosdam
756 1883 864 1916 preter
885 1869 1077 1907 mandatum
1101 1882 1248 1907 nostrum

240 1931 274 1960 in
295 1932 414 1960 fratres
432 1936 460 1961 et
479 1931 666 1961 ‹·anonicos.
685 1932 718 1960 in
743 1940 841 1968 grave
863 1930 970 1968 ipsius
993 1929 1131 1960 ecclesie
1147 1930 1249 1960 detri-

239 1988 388 2013 mentum
403 1989 432 2013 et
452 1984 669 2021 plurimorum
688 1984 892 2017 scandalum.
912 1983 1106 2012 admisistis.
1124 1982 1248 2013 Nolen—

239 2041 288 2067 tes
304 2037 407 2073 igitur
420 2041 453 2066 ut
469 2041 648 2066 memorata
666 2037 816 2071 ecclesia,
831 2045 928 2075 quarn
945 2037 1032 2066 inter
1046 2036 1128 2066 alias
1145 2035 1249 2066 eccle-

240 2090 306 2120 sias
339 2089 447 2119 Ytalie
477 2090 607 2119 sincera
637 2090 671 2119 in
705 2090 847 2119 Domino
883 2089 1055 2127 diligimus
1089 2089 1245 2121 caritate,

239 2142 428 2181 hujusmodi
454 2142 678 2180 receptionum
698 2142 870 2172 occasione
890 2146 1054 2179 gravetur,
1073 2141 1246 2180 presertim

239 2204 312 2225 cum
337 2195 494 2225 indecens
521 2195 682 2228 videatur.
707 2200 741 2224 ut
768 2199 813 2225 tot
834 2195 985 2225 canonici
1009 2195 1070 2224 sul)
1097 2199 1248 2233 expecta—

239 2247 339 2277 tione.
352 2248 385 2276 in
396 2247 532 2276 dubium
544 2247 673 2285 proprie
687 2247 901 2277 conscientie.
918 2247 974 2276 diu
989 2247 1061 2277 sine
1076 2247 1247 2276 beneficiis

238 2305 431 2329 remaneant
451 2300 484 2328 in
507 2308 679 2337 suspenso.
699 2299 858 2338 quicquid
875 2308 893 2329 a
909 2300 1001 2329 vohis
1013 2299 1063 2329 vel
1078 2299 1247 2338 3110110111-

238 2351 300 2381 bus
312 2356 458 2381 vestrum
471 2352 509 2381 <le
523 2352 761 2390 cujuscumque
775 2351 974 2389 receptione,
990 2357 1061 2389 post
1076 2352 1245 2381 inhibitio-

239 2412 313 2433 nem
331 2409 360 2433 et
378 2403 630 2442 appellationem
651 2403 830 2433 cardinalis
848 2404 1006 2442 ejusdem,
1028 2409 1138 2441 preter
1153 2413 1246 2433 man-

238 2457 349 2486 datum
369 2456 583 2494 apostolicum
601 2461 649 2486 est
666 2460 903 2494 presumptum.
925 2465 1094 2486 cassamus
1111 2457 1246 2486 omnino

239 2514 268 2539 et
283 2510 315 2538 in
329 2509 460 2538 irritum
475 2518 677 2538 revocamus.
695 2508 786 2538 vobis
800 2508 1039 2543 nichilominus
1051 2509 1245 2539 auctoritati·

236 2562 440 2600 presentium
463 2561 647 2591 districtius
671 2561 877 2591 inhibentes.
896 2570 936 2590 ne
960 2561 1104 2600 aliquem
1125 2562 1188 2591 nisi
1207 2562 1244 2590 d·-

236 2614 391 2643 mandato
408 2618 519 2643 nostro
534 2614 567 2643 in
585 2614 781 2643 canonicum
799 2614 967 2652 recipiatis
982 2618 1011 2643 et
1027 2614 1173 2649 fratrem,
1191 2624 1243 2643 an-

237 2672 369 2706 tequam
391 2667 439 2696 illi
459 2667 515 2706 qui
539 2667 576 2697 de
602 2667 756 2697 mandato
781 2672 892 2697 nostro
911 2667 945 2696 in
968 2667 1079 2697 eadem
1106 2667 1241 2697 ert-lesia

238 2725 313 2750 511111
331 2720 464 2758 recepti.
483 2720 515 2749 in
534 2721 605 2758 ipsa
625 2720 808 2758 prebendas
826 2720 949 2749 fuerint
969 2718 1176 2757 integraliter
1192 2729 1244 2749 as-

237 2773 354 2803 secuti.
371 2772 529 2811 Alioquin
554 2773 685 2801 irritum
708 2772 917 2801 decernimus
941 2776 969 2801 et
990 2772 1099 2806 inane.
1121 2772 1146 2801 si
1165 2772 1242 2810 quid

237 2830 348 2856 contra
382 2824 616 2854 inhibitionem
656 2829 800 2854 nostram
839 2834 938 2862 super
974 2824 1034 2853 hoc.
1070 2824 1241 2861 contigerit

237 2878 437 2917 attemptari.
460 2879 532 2907 Dat.
558 2878 732 2907 Laterani.
751 2878 814 2908 VII
838 2877 912 2907 idus
935 2877 1067 2915 aprilis,
1087 2886 1173 2907 anno
1190 2886 1243 2907 oc-

238 2936 322 2962 tavo.
349 2944 360 2957 ⁷2

1403 353 1518 382 ¹885
1920 353 2034 387 Latran,
2053 353 2084 382 10
2099 354 2170 381 avril
2187 354 2264 382 1234.

1366 413 1493 449 Hugoni,
1505 414 1706 442 archidiacono
1723 414 1857 447 Senensi,
1874 414 2006 450 indulget
2022 418 2052 442 ut
2067 415 2221 442 ecclesiam
2237 414 2336 442 Sancti

1330 461 1530 497 christophori
1546 462 1701 496 Senensis,
1719 471 1816 490 curam
1832 463 1990 490 animarum
2006 463 2175 496 habentem,
2194 471 2250 490 una
2269 471 2336 491 cum

1330 511 1564 538 archidiaconatu
1581 511 1722 538 Senensis
1737 511 1878 538 ecclesiae
1889 533 1895 544 ,
1912 519 2010 538 curam
2025 512 2157 538 similiter
2176 511 2336 545 obtinente,

1330 559 1419 586 libere
1434 559 1526 585 valeat
1542 559 1677 586 retinere.
1694 574 1728 579 —
1743 559 1824 594 (Rae.
1843 560 1885 592 17,
1902 559 1920 586 s.
1936 559 1984 587 173
1997 566 2040 591 v⁰;
2055 567 2121 586 ann.
2139 559 2220 592 VIII,
2237 567 2262 586 c.
2279 559 2337 593 25.)

1373 672 1385 686 α
1410 661 1547 698 Ηιιροηί,
1567 661 1786 690 archidiacono
1809 660 1944 690 Senensi.
1969 659 2052 691 Cum
2075 659 2123 690 sic
2144 659 2265 690 dicaris
2285 676 2335 689 —.

1331 712 1402 741 Dat.
1424 712 1591 748 Laterani,
1612 712 1680 742 IIII
1696 711 1772 742 idus
1790 711 1916 751 aprilis,
1936 720 2023 742 anno
2038 716 2163 743 octavo.
2181 724 2193 739 ³>

1408 890 1522 918 1863ss
1937 890 2050 923 Latran,
2068 890 2082 917 3
2098 890 2169 917 avril
2186 889 2264 917 1234.

1368 951 1472 977 Abbati
1489 955 1517 978 et
1532 951 1687 978 conventui
1705 951 1802 979 Sancti
1819 951 1950 987 Dionysii
1970 951 1998 978 in
2015 951 2135 978 Francia
2150 951 2279 986 indulget
2294 954 2336 987 ut,

1331 1008 1397 1026 cum
1419 1000 1534 1033 quidam
1553 1008 1605 1034 per
1624 1000 1781 1027 clausulam
1797 1000 1873 1027 illam
1888 1000 2004 1034 quidam
2019 1000 2084 1032 alii,
2102 1008 2174 1035 quae
2190 1001 2220 1026 in
2236 1000 2338 1028 litteris

1331 1048 1498 1083 apostolicis
1517 1052 1709 1075 consueverat
1730 1049 1846 1084 apponi,
1870 1057 1958 1084 saepe
1980 1057 2031 1075 eos
2053 1049 2256 1083 inquietarent,
2281 1056 2337 1076 non

1332 1098 1445 1132 possint
1463 1105 1554 1131 usque
1569 1097 1602 1123 ad
1619 1098 1848 1132 quinquennium
1864 1106 1879 1124 a
1895 1098 2061 1132 receptione
2078 1097 2272 1132 praesentium
2288 1105 2340 1133 per

1332 1146 1442 1172 litteras
1454 1154 1508 1172 non
1522 1146 1660 1172 facientes
1672 1146 1706 1172 de
1718 1146 1846 1181 ipsorum
1864 1146 2038 1172 monasterio
2055 1146 2240 1178 mentionem,
2253 1153 2338 1180 prae-

1332 1197 1411 1221 textu
1436 1195 1567 1229 ejusdem
1593 1194 1739 1221 clausulae
1763 1195 1921 1221 conveniri.
1944 1208 1980 1215 —
2001 1193 2083 1227 (Rea.
2109 1194 2151 1226 17,
2175 1194 2194 1220 f.
2220 1193 2269 1221 173
2288 1199 2337 1226 v⁰;

1331 1251 1397 1270 ann.
1418 1242 1497 1274 VIII,
1513 1251 1538 1269 c.
1556 1242 1612 1276 26.)

1374 1356 1387 1370 «
1407 1367 1427 1373 ..
1445 1345 1546 1374 abbati
1564 1349 1590 1373 et
1605 1345 1770 1374 conventui
1788 1345 1896 1374 Sancti
1908 1345 2041 1373 Dionisii
2058 1345 2092 1373 in
2110 1344 2259 1378 Francia,
2277 1343 2338 1373 Pa-

1333 1399 1471 1427 risiensis
1486 1398 1618 1427 diocesis.
1640 1398 1761 1427 Eorum
1778 1397 1835 1436 qui
1851 1397 1991 1427 oderunt
2006 1414 2055 1426 —.
2072 1397 2146 1426 Dat.
2165 1395 2335 1431 Laterani,

1332 1451 1383 1480 III
1399 1459 1503 1480 nonas
1520 1450 1647 1488 aprilis,
1666 1459 1752 1480 anno
1770 1454 1895 1480 octavo.
1915 1462 1928 1476 »

1407 1621 1520 1649 ¹88¹?
1937 1619 2051 1652 Lati-an,
2069 1620 2084 1646 8
2100 1619 2171 1646 avril
2188 1619 2264 1646 1234.

1368 1682 1483 1708 Eisdem
1502 1682 1631 1716 indulget
1648 1687 1678 1708 ut
1694 1690 1782 1716 super
1798 1681 1944 1708 Ecclesiae
1960 1681 2106 1708 Romanae
2122 1681 2278 1716 privilegiis
2292 1681 2338 1717 ip-

1332 1739 1430 1757 sorum
1463 1730 1637 1756 monasterio
1666 1731 1817 1756 concessis
1842 1731 1958 1756 minime
1987 1732 2139 1756 teneantur
2161 1730 2228 1757 alibi
2251 1738 2338 1764 quam

1331 1779 1406 1814 apud
1426 1778 1530 1805 sedem
1548 1778 1745 1813 Apostolicam
1762 1781 1825 1805 sine
1840 1778 1933 1813 ipsius
1950 1778 2068 1813 speciali
2086 1778 2200 1805 licentia
2214 1778 2336 1813 litigare.

1331 1842 1364 1847 —
1380 1827 1462 1860 (Reo.
1481 1828 1523 1859 17,
1540 1827 1560 1853 f.
1582 1827 1629 1854 173
1646 1833 1692 1861 νος
1709 1835 1774 1854 ann.
1793 1826 1874 1859 VIII,
1890 1835 1917 1854 0.
1933 1826 1983 1859 ‘27;
2000 1841 2033 1846 —
2048 1826 2196 1854 Pom-misr
2210 1826 2302 1860 9441.)

1373 1941 1386 1956 «
1410 1929 1541 1958 Eisdem.
1563 1929 1646 1960 Cum
1667 1928 1760 1959 illius
1783 1928 1827 1959 sit-
1842 1946 1888 1957 —.
1915 1929 1988 1958 Dat.
2013 1928 2183 1964 Laterani,
2200 1929 2246 1959 VI
2260 1928 2336 1959 idus

1332 1981 1458 2021 aprilis,
1477 1990 1564 2012 anno
1582 1986 1707 2012 octavo.
1727 1993 1740 2008 n

1405 2152 1424 2179 1
1434 2152 1521 2180 868
1920 2151 2032 2184 Latran,
2051 2152 2084 2178 10
2099 2151 2170 2178 avril
2187 2151 2264 2180 1234.

1365 2215 1439 2250 Regi
1470 2216 1593 2250 Angliae
1619 2219 1716 2242 notum
1743 2216 1809 2242 facit
1833 2223 1866 2242 se
1891 2214 2091 2242 Cantuariensi
2119 2215 2337 2252 archiepiscopo

1330 2264 1465 2290 mandare
1484 2267 1513 2290 ut
1533 2264 1625 2290 eidem
1644 2264 1704 2298 regi
1721 2264 1853 2298 injungat
1873 2268 1918 2294 ut,
1938 2264 2104 2298 juramento
2126 2264 2262 2299 praestito
2279 2272 2336 2292 non

1329 2312 1472 2344 obstante,
1498 2313 1679 2347 quampluria
1702 2311 1735 2338 ad
1758 2313 1809 2346 jus
1834 2315 1863 2338 et
1885 2315 1992 2338 statum
2017 2320 2139 2339 coronae
2165 2312 2335 2347 spectantia,

1328 2369 1401 2395 quae
1421 2361 1604 2393 alienaverat,
1629 2369 1764 2387 revocare
1787 2364 1930 2395 procuret.
1953 2374 1989 2381 —
2011 2360 2094 2395 (Rae.
2119 2361 2162 2394 17,
2181 2361 2201 2388 f.
2223 2361 2273 2389 173
2288 2367 2332 2393 νος

1327 2417 1393 2436 ann.
1412 2409 1492 2441 VIII,
1510 2417 1535 2436 e.
1553 2408 1609 2442 28.)
1652 2401 1657 2405 ⁴

1370 2522 1383 2536 «
1403 2532 1423 2538 ..
1442 2511 1561 2539 illustri
1577 2511 1642 2548 reqi
1657 2510 1775 2547 Anqlie.
1793 2509 1843 2539 Ad
1859 2518 1956 2539 aures
1967 2514 2098 2540 nostras
2112 2509 2244 2540 noveris
2259 2518 2335 2548 per-

1328 2562 1460 2592 venisse
1477 2562 1574 2601 quod,
1590 2571 1663 2591 cum
1679 2562 1713 2591 in
1728 2562 1940 2592 coronatione
1955 2566 2010 2592 tua
2019 2562 2197 2602 juraveris,
2212 2566 2248 2592 ut
2263 2571 2334 2592 mo-

1327 2615 1374 2644 ris
1389 2619 1448 2650 est„
1463 2615 1549 2654 jura,
1563 2614 1733 2644 libertates
1746 2618 1777 2644 et
1790 2614 1970 2652 dignitates
1982 2623 2178 2645 conservare
2191 2614 2331 2652 regales,

1327 2668 1552 2705 postmodum,
1571 2667 1778 2706 quorundam
1797 2667 1908 2696 minus
1925 2667 2068 2697 discreto
2084 2667 2201 2698 ductus
2223 2667 2334 2698 consi-

1327 2719 1386 2756 lio,
1405 2720 1494 2749 infra
1510 2729 1614 2749 annos
1630 2719 1796 2757 legitimos
1813 2719 2028 2755 constitutus,
2045 2719 2255 2758 quampluria
2268 2728 2332 2758 que

1327 2773 1428 2812 adjus
1440 2777 1470 2803 01
1481 2776 1603 2802 statum
1613 2781 1732 2802 corone
1746 2772 1948 2810 spectabant,
1962 2772 1995 2801 in
2007 2772 2227 2811 prejudicium
2236 2772 2331 2810 regni
2361 2782 2364 2785 ’

1327 2830 1357 2855 01
1373 2829 1485 2855 contra
1507 2825 1666 2855 honorem
1683 2825 1866 2863 improvide
1882 2825 2048 2860 alienans,
2063 2822 2206 2864 juvenili
2220 2824 2332 2855 facili-

1326 2882 1391 2908 tate
1407 2882 1436 2908 te
1460 2887 1524 2908 non
1546 2882 1659 2907 contra
1674 2882 1850 2908 venturum
1868 2878 2056 2917 juramento
2076 2877 2232 2914 firmasti,
2252 2886 2330 2908 con-

1325 2931 1411 2961 fecto
1441 2940 1540 2970 super
1569 2931 1770 2961 alienatione
1797 2930 1988 2970 hujusmodi
2013 2930 2179 2961 autentico
2202 2930 2330 2961 instru-
