2498 3242
184 263 242 295 613

184 332 285 365 quarta
304 327 449 355 affinitatis
469 327 542 354 linea
561 335 592 354 se
611 327 752 362 attingere
768 327 944 361 dicerentur,
961 326 1097 361 inquisita
1113 334 1201 361 super

185 377 242 404 hoc
257 378 386 411 veritate,
399 376 474 411 quod
489 376 640 405 invenerit.
657 376 713 411 ipsi
730 384 818 411 papae
830 376 934 403 litteris
951 376 1014 403 suis
1030 375 1151 402 intimet.
1167 389 1200 394 —

187 425 272 460 (Rae.
291 425 331 454 16,
350 425 369 451 f.
386 425 419 451 74
436 431 477 457 τος
495 433 561 450 ann.
580 424 631 456 VI,
648 432 674 451 c.
692 424 765 458 ⁶251.)

228 538 242 553 «
271 548 290 554 ..
315 527 449 564 episcopo
473 526 657 555 Lemoviensi.
687 526 734 555 Ad
759 525 962 555 audientiam
986 529 1131 555 nostram
1150 542 1199 554 —.

186 576 261 608 Dat.
279 578 442 616 Anagnie,
461 578 528 608 XII
544 578 704 608 kalendas
722 579 900 610 februarii.
919 588 1006 608 anno
1025 583 1125 608 sexto.
1146 590 1158 604 »

263 756 375 785 1051

222 820 453 855 Archiepiscopo
474 820 578 847 Pisano
601 820 716 847 mandat
737 823 880 855 quatenus
901 819 1064 846 Lunensem
1085 819 1201 854 episco-

187 877 266 904 pum,
283 870 344 904 qui,
359 869 393 896 ab
411 870 579 905 Apostolica
596 869 670 896 Sede
686 873 821 903 tauquam
838 869 914 895 filius
931 869 1057 895 nutritus
1072 876 1105 894 ac
1122 872 1202 902 post-

187 917 304 944 modum
325 918 411 944 ctiam
433 918 590 953 exaltatus,
610 919 699 953 ipsam
717 921 811 944 tamen
834 918 975 944 hactenus
991 917 1106 943 visitare
1128 925 1200 943 con-

187 969 358 1001 tempserat,
387 968 539 993 immemor
568 967 697 1002 praestiti
720 967 878 1002 Juramenti
908 975 965 1002 quo
992 966 1143 993 tenebatur
1172 965 1200 992 id

186 1014 299 1041 efficere
319 1016 481 1046 aunuatim,
503 1016 538 1042 ad
561 1017 654 1051 ipsius
678 1024 766 1051 papae
787 1015 978 1050 praesentiam
1000 1016 1098 1041 venire
1118 1022 1200 1041 com-

186 1063 281 1098 pellat.
299 1078 334 1082 —
351 1063 433 1095 (Rae.
453 1064 494 1095 16,
513 1065 532 1090 f.
549 1065 582 1091 74
599 1070 639 1095 r⁰;
656 1073 723 1091 ann.
742 1063 793 1095 VI,
811 1072 836 1091 c.
855 1064 928 1095 252.)

730 757 858 791 Anagni,
874 757 908 784 ‘20
919 757 1033 791 janvier
1050 756 1127 784 ¹233.

227 1179 241 1194 «
264 1190 283 1196 ..
307 1168 533 1204 archiepiscopo
556 1167 677 1195 Pisano.
699 1166 783 1197 Cum
805 1165 1008 1196 venerahilis
1033 1165 1135 1195 frater
1149 1182 1199 1194 -.

185 1221 260 1251 Dat.
280 1220 451 1259 Anagnie,
470 1220 555 1250 XIII
573 1219 733 1250 kalendas
752 1218 931 1253 februarii,
952 1228 1040 1249 anno
1059 1224 1161 1250 sexto.
1185 1231 1198 1245 n

262 1398 378 1427 1052

221 1459 366 1495 Episcopo
382 1459 539 1493 Beatiensi,
557 1473 593 1481 -
607 1468 674 1487 cum
693 1460 792 1495 plures
810 1462 866 1486 tam
883 1460 1099 1487 ecclesiasticae
1114 1467 1200 1494 quam

185 1509 350 1536 saeculares
374 1517 524 1544 personae,
551 1509 702 1536 Sarraceni
729 1509 814 1535 etiam
841 1513 869 1535 et
894 1508 1012 1540 Judaei,
1038 1507 1201 1536 Beatiensis

185 1557 341 1593 dioecesis,
363 1558 473 1592 amplas
493 1558 521 1584 in
542 1558 641 1584 eadem
665 1557 792 1584 dioecesi
816 1557 1020 1592 possessiones
1045 1557 1199 1591 habentes,

186 1606 335 1634 Beatiensi
351 1607 505 1639 ecclesiae,
523 1607 609 1641 longo
626 1610 756 1642 tempore
776 1615 792 1633 a
815 1606 984 1634 Sarracenis
1005 1606 1202 1642 multipliciter

185 1656 356 1691 captivatae,
379 1659 407 1682 et
428 1664 520 1691 nuper
541 1656 691 1683 restitutae
713 1655 805 1682 cultui
827 1655 996 1690 christiano,
1019 1663 1072 1682 nec
1092 1663 1149 1682 non
1173 1658 1201 1682 et

185 1705 249 1732 aliis
264 1704 397 1732 ecclesiis
414 1705 546 1740 ejusdem
560 1705 714 1737 dioecesis,
731 1705 868 1736 decimas,
886 1708 972 1739 prout
989 1705 1024 1731 de
1036 1706 1102 1739 jure
1120 1709 1200 1731 tene-

183 1753 300 1788 bantur,
312 1754 425 1781 solvere
436 1754 676 1785 contradicerent,
686 1768 722 1774 —
732 1753 865 1781 concedit
877 1757 908 1780 ut
919 1762 969 1781 eos
980 1753 1014 1780 ad
1025 1754 1200 1781 solutionem

185 1802 362 1830 decimarum
388 1803 531 1838 ipsarum,
558 1806 762 1838 procuratores
782 1803 916 1829 videlicet
945 1803 1148 1838 episcoporum
1172 1806 1200 1829 et

184 1851 256 1878 alios
272 1851 447 1878 christianos
463 1860 513 1886 per
523 1859 676 1878 censuram
689 1852 927 1885 ecclesiasticam,
941 1851 1116 1878 Sarracenos
1133 1860 1200 1878 vero

183 1903 212 1927 et
225 1899 354 1927 Judaeos
369 1908 436 1927 cum
451 1901 559 1927 auxilio
575 1900 702 1927 fidelium
714 1901 806 1927 valeat
821 1901 988 1927 cohercere.
1002 1915 1035 1920 —
1051 1900 1135 1933 (Rae.
1158 1900 1197 1932 16,

183 1949 203 1975 f.
221 1948 254 1976 74
270 1955 312 1979 r⁰;
327 1957 394 1975 ann.
413 1948 464 1983 VI,
480 1957 507 1976 c.
523 1949 599 1982 253.)

729 1397 856 1432 Anagni,
875 1397 907 1424 13
921 1397 1034 1432 janvier
1052 1397 1128 1424 1233.

225 2062 238 2077 ιι
261 2073 281 2079 ..
301 2052 436 2089 episcopo
454 2051 614 2080 Beatiensi.
635 2050 743 2081 2Iustis
766 2050 951 2090 petentium
971 2054 1032 2080 etc.
1053 2067 1101 2079 ——.
1122 2051 1196 2080 Dat.

182 2104 348 2142 Anagnis,
366 2103 478 2134 idibus
490 2104 650 2143 J'anuarii,
666 2113 753 2134 anno
769 2108 871 2134 sexto.
894 2116 907 2130 »

257 2282 378 2311 1053

218 2343 364 2380 Episcopo
387 2344 654 2380 Mossinopolitano,
676 2344 786 2372 decano
808 2345 980 2372 Atheniensi
1005 2350 1031 2373 et
1054 2347 1196 2374 archidia-

183 2401 257 2421 cono
267 2393 403 2420 Thebano
416 2393 531 2420 mandat
542 2398 684 2428 quatenus
700 2393 841 2420 Marinum
858 2394 893 2420 de
910 2395 1035 2425 Andulo,
1047 2395 1196 2423 dominum

185 2441 384 2477 Andrensem,
399 2458 434 2462 —
450 2443 499 2477 qui
515 2443 704 2470 destructioni
722 2443 886 2470 Andr-ensis
901 2444 1041 2471 ecclesiae
1059 2445 1194 2476 inhiabat,

183 2494 212 2518 et
233 2490 289 2524 M.‚
311 2491 495 2518 Andrensem
516 2493 700 2526 episcopum,
721 2491 770 2518 diu
793 2492 926 2519 detinens
949 2496 1026 2519 artae
1047 2493 1196 2520 custodiae

185 2539 394 2574 mancipatum,
416 2543 445 2566 et
465 2540 586 2566 clericos
605 2540 819 2574 quodammodo
841 2542 1109 2575 excommunicans,
1134 2542 1197 2569 1101-

185 2588 278 2615 versis
300 2592 391 2614 terrae
410 2596 480 2615 suae
500 2589 667 2616 hominibus
687 2589 851 2624 injunxerat
873 2594 903 2616 ut
919 2591 1015 2617 nullus
1031 2591 1197 2625 loqueretur

185 2636 290 2669 eidem,
303 2637 345 2663 vel
364 2637 512 2672 praeberet
528 2637 554 2664 ei
570 2638 683 2672 aliquod
701 2638 854 2664 consilium
873 2639 915 2665 vel
928 2641 1077 2674 juvamen,
1092 2640 1198 2675 ipsum-

182 2694 255 2720 que,
273 2685 386 2712 tandem
404 2687 449 2712 vix
470 2687 563 2721 ipsius
583 2687 762 2721 tyrannidem
785 2688 958 2722 fugientem,
976 2689 1111 2716 omnibus
1129 2698 1196 2724 pos-

183 2735 368 2762 sessionibus
385 2738 414 2761 et
430 2735 589 2762 redditibus
608 2736 816 2763 ecclesiasticis
837 2737 1020 2772 spoliaverat,
1039 2738 1113 2764 unde
1135 2739 1196 2773 ipse

181 2783 339 2818 episcopus
362 2791 413 2818 per
437 2788 502 2810 octo
525 2792 617 2811 annos
639 2789 667 2810 et
689 2785 813 2819 amplius
835 2786 861 2812 in
884 2790 1050 2821 paupertate
1073 2788 1196 2814 maxima

181 2831 274 2858 fuerat
287 2832 420 2858 exsulare
436 2836 570 2866 coactus;
588 2832 706 2867 quique,
723 2833 798 2864 licet,
813 2834 973 2868 patriarcha
989 2835 1196 2863 Constantino-

183 2879 307 2915 politano
323 2885 351 2906 et
365 2881 428 2907 aliis
446 2881 655 2914 mediantibus,
674 2882 771 2916 plures
785 2883 953 2910 amicabiles
968 2884 1196 2919 compositiones

184 2928 412 2956 intervenissent
432 2918 506 2955 inter
527 2937 591 2962 eos,
613 2930 922 2958 excommunicationis
937 2933 1108 2959 sententiam
1125 2940 1196 2960 con-

724 2283 851 2317 Anagni,
869 2283 898 2309 ‘21
915 2284 1029 2317 janvicr
1048 2284 1124 2312 1233.

1059 252 1240 291 SIXIEME
1263 251 1423 290 ANNEE.

1238 326 1244 338 θ

1283 328 1326 351 tra
1338 325 1432 360 ipsum
1445 325 1529 352 latam
1544 325 1732 360 vilipendens,
1746 325 1974 360 compositiones
1991 326 2069 360 ipsas
2085 332 2184 352 contra
2197 335 2296 361 praes-

1284 374 1332 400 tita
1352 375 1515 408 juramenta
1536 374 1690 400 observare
1714 382 1768 400 non
1792 378 1951 409 curaverat,
1976 389 2008 394 —
2032 375 2150 404 tamdiu.
2175 375 2295 409 pulsatis

1283 423 1431 457 campanis
1446 427 1475 449 et
1489 423 1616 449 candelis
1633 423 1776 456 accensis,
1789 423 2071 450 excommunicatum
2090 424 2202 457 publice
2219 433 2295 451 nun-

1283 471 1354 497 tient
1365 480 1397 497 ac
1409 471 1558 497 faciantab
1574 472 1709 497 omnibus
1724 472 1835 504 evitari,
1853 472 1943 498 donec
1959 472 2050 498 ablata
2066 473 2142 499 dicto
2158 474 2295 508 episcopo

1283 521 1416 546 restituat
1432 520 1577 553 universa,
1597 520 1632 545 de
1653 520 1766 546 damnis
1791 524 1819 546 et
1844 521 1957 554 injuriis
1983 521 2116 555 irrogatis
2139 522 2296 548 satisfaciat

1283 571 1491 602 competenter,
1508 572 1535 594 et
1551 568 1586 593 ab
1602 569 1694 602 ipsius
1715 572 1743 594 ct
1761 568 1901 594 ecclesiae
1921 576 1990 594 suae
2010 570 2225 603 gravaminibus
2246 579 2296 605 pe-

1284 617 1362 642 nitus
1378 616 1575 650 conquiescat,
1592 616 1724 643 invocato
1740 616 1774 642 ad
1791 617 1855 647 hoc,
1869 618 1893 643 sl
1910 625 1984 651 opus
2001 618 2093 645 fuerit.
2109 618 2215 644 auxilio
2233 619 2296 644 bra-

1283 664 1340 690 chii
1365 664 1539 697 saecularis;
1566 665 1680 690 interim
1710 668 1806 691 autem
1833 664 1860 690 in
1887 664 2051 695 Can-mensi,
2081 666 2240 696 lizthliensi,
2268 670 2296 692 et

1283 712 1476 748 Ermipolensi
1497 713 1628 739 ecclesiis
1649 713 1741 739 eidem
1765 713 1911 740 Andrcnsi
1928 715 2064 748 episcopo
2082 714 2185 740 faciant
2202 715 2227 740 in
2246 723 2296 741 ne-

1283 761 1419 788 cessariis
1436 761 1590 796 provideri.
1607 776 1640 781 —
1656 761 1739 795 (Rau.
1759 762 1801 795 16,
1819 762 1838 788 f.
1856 762 1886 788 ‘14
1903 768 1944 792 r⁰·,
1962 771 2028 788 ann.
2049 762 2099 795 Π,
2117 771 2142 787 e.
2161 762 2233 794 254.)

1325 876 1337 889 «
1361 886 1380 892 ..
1401 865 1534 901 episeopo
1548 864 1847 901 ,llessin0110lil[ano],
1868 886 1886 892 ..
1907 864 2018 892 dfatim
2036 865 2212 893 xltlimeivnsi
2229 871 2253 893 cl
2274 887 2292 893 ..

1282 916 1502 945 archidiacono
1520 917 1665 945 Thebano.
1688 916 1846 954 Impietas
1864 916 1984 945 Marini
1999 916 2037 945 dv
2052 934 2099 944 —.
2122 917 2193 946 liat.
2212 918 2296 946 Aua-

1283 969 1371 1007 gnie,
1392 969 1456 999 XII
1470 969 1629 999 kalendas
1646 969 1819 999 februarii.
1838 978 1925 999 anno
1941 974 2044 999 sexto.
2062 982 2074 995 11

1357 1127 1472 1156 1054

1319 1188 1426 1215 Abbati
1448 1188 1484 1214 de
1507 1188 1547 1214 Ile
1574 1190 1624 1222 (=
1644 1188 1720 1219 lhl0‚
1742 1199 1777 1211 =
1802 1187 2006 1221 Schola-Dei),
2033 1192 2061 1215 et
2083 1189 2294 1216 archidiaconis

1283 1237 1452 1272 Astringiae
1477 1241 1504 1263 et
1529 1236 1698 1271 Herlingiae
1721 1237 1836 1263 mandat
1858 1241 2013 1272 quatenus,
2031 1237 2065 1264 ad
2090 1237 2224 1264 Frisones
2245 1246 2296 1264 ac-

1284 1286 1436 1321 cedentes,
1462 1286 1511 1320 qui
1535 1286 1672 1312 continuo
1697 1286 1730 1312 ad
1754 1286 1875 1312 invicem
1894 1286 2116 1321 proeliabantur,
2134 1286 2206 1313 inter
2231 1287 2296 1314 illos

1285 1343 1383 1370 pacem
1409 1335 1573 1362 reforment.
1599 1350 1632 1354 —
1658 1335 1743 1368 (Rae.
1764 1335 1809 1369 16,
1827 1335 1847 1362 f.
1865 1335 1896 1362 74
1915 1341 1958 1368 v⁰;
1976 1344 2043 1363 ann.
2061 1335 2111 1369 Vl,
2135 1344 2160 1362 c.
2177 1336 2245 1368 255;
2263 1351 2295 1356 —

1285 1383 1454 1410 Romanusne
1473 1384 1547 1416 504.)

1824 1127 1950 1162 Anagni,
1971 1127 2127 1161 191301101-
2145 1128 2222 1154 1233.

1326 1497 1339 1511 «
1360 1508 1379 1513 ..
1399 1485 1500 1514 abbati
1518 1486 1551 1513 <112
1567 1486 1619 1520 Ite,
1642 1486 1848 1515 Cis-terciensts·
1866 1486 1996 1514 ordinis.
2015 1492 2039 1515 fl
2059 1509 2077 1514 ..
2097 1487 2251 1523 Astrinyt‘te
2269 1492 2295 1515 ει

1284 1561 1303 1566 ..
1330 1539 1487 1575 Herlinyie
1512 1539 1758 1574 archidiaconis,
1785 1540 1954 1568 Bremensis
1974 1540 2106 1567 ‹limfa-is.
2137 1539 2294 1577 Cogitans

1282 1591 1374 1630 pacis
1388 1591 1529 1621 consilia
1540 1610 1590 1620 -.
1606 1593 1680 1621 Dat.
1693 1592 1856 1630 Anagnie.
1872 1593 1973 1622 XIIII
1988 1592 2147 1622 kalendas
2166 1593 2295 1622 selu-ua-

1282 1645 1337 1679 rii,
1358 1654 1445 1675 anno
1461 1650 1563 1676 sexto.
1584 1658 1596 1672 »

1357 1806 1377 1833 1
1383 1804 1473 1835 055

1318 1867 1584 1902 Gratianopolitano
1600 1868 1738 1902 episcopo
1755 1867 1870 1893 mandat
1884 1871 2036 1901 quatenus,
2050 1876 2116 1894 cum
2135 1868 2237 1894 nobilis
2254 1868 2296 1895 vir

1282 1915 1317 1943 G.
1339 1916 1374 1942 de
1396 1915 1502 1942 Sancto
1523 1916 1650 1950 Gom-gio
1670 1920 1748 1942 essct
1770 1924 1820 1951 pro
1836 1920 1915 1951 parte
1931 1916 2067 1943 domiuus
2087 1918 2174 1943 castri
2192 1917 2226 1943 de
2247 1917 2295 1944 vi-

1826 1804 1950 1838 Anagui,
1967 1804 1997 1831 21
2015 1805 2130 1839 101111101-
2148 1805 2223 1832 1-333.

1282 1965 1355 1996 naio,
1373 1968 1401 1991 et
1418 1973 1484 1999 pars
1499 1973 1552 1991 sua
1567 1974 1583 1991 a
1600 1968 1678 1999 parte
1694 1965 1814 1991 alterius
1829 1965 1937 1991 domiui
1954 1965 2100 1999 dIstincta‚
2118 1970 2145 1992 et
2163 1966 2294 1992 homines

1281 2014 1326 2040 sui
1352 2014 1386 2039 ab
1411 2013 1529 2040 alterius
1551 2014 1716 2040 hominibus
1739 2014 1882 2045 distincti,
1908 2014 1930 2039 si
1958 2015 2112 2047 contigerit
2136 2015 2292 2048 praefatum

1281 2067 1408 2088 castrum
1425 2062 1460 2088 ob
1482 2062 1595 2097 culpam
1613 2063 1732 2089 alterius
1748 2063 1900 2089 interdicto
1920 2064 2063 2097 supponi,
2083 2072 2137 2089 non
2160 2063 2295 2097 impediat

1281 2111 1462 2145 aliquatenus
1483 2111 1640 2145 quominus
1657 2111 1816 2145 jamdictus
1835 2111 1870 2138 G.
1891 2120 1924 2138 ac
1944 2111 2037 2146 ipsius
2058 2112 2190 2138 homines
2207 2112 2294 2138 libere

1285 2159 1407 2194 [ibidem]
1428 2160 1540 2194 possint
1555 2161 1654 2186 audire
1670 2160 1776 2186 divina.
1793 2175 1827 2179 —
1845 2160 1932 2195 (itm.
1951 2161 1991 2194 16,
2008 2161 2026 2186 f.
2040 2160 2073 2187 74
2092 2167 2137 2192 νος
2156 2169 2222 2188 aun.
2243 2160 2292 2192 VI,

1278 2217 1304 2236 c.
1321 2208 1389 2239 956:
1407 2224 1440 2228 —
1457 2208 1576 2236 Morti-:Au
1597 2209 1672 2242 1187,
1691 2209 1709 2235 f.
1728 2209 1802 2238 418.)

1321 2317 1334 2331 «
1355 2327 1374 2333 ..
1394 2305 1681 2342 Gratianopolilano
1705 2306 1850 2342 episcopo.
1871 2304 2001 2334 Nobilis
2022 2305 2071 2333 vir
2090 2306 2128 2334 (3.
2149 2322 2197 2333 —.
2218 2305 2291 2334 Dat.

1279 2358 1443 2396 Anagnic,
1460 2358 1527 2388 XII
1543 2357 1701 2388 kalendas
1720 2358 1893 2393 februarii,
1914 2367 2000 2387 anno
2017 2362 2118 2387 sexto.
2141 2372 2151 2381 ι»

1353 2517 1474 2545 1050

1314 2579 1492 2607 Tornaceusi
1517 2580 1665 2614 episcopo,
1693 2579 1852 2613 apostolico
1878 2579 1981 2613 legato,
2007 2579 2121 2604 mandat
2149 2584 2291 2612 quatenus

1824 2516 1950 2551 Anagni,
1967 2516 2124 2551 ’2111001101-
2145 2516 2218 2543 ¹2:33.

1279 2629 1443 2655 cessionem
1467 2628 1595 2663 episcopi
1620 2628 1772 2654 Tricastini
1797 2628 1925 2662 recipiat,
1950 2633 1977 2653 et
1999 2636 2087 2661 super
2110 2627 2252 2653 amotione
2275 2636 2290 2653 a

1278 2677 1439 2704 Tricastina
1463 2677 1586 2704 ecclesia
1612 2676 1801 2711 quorunulam
1823 2676 2039 2709 canonicorum,
2064 2677 2121 2702 fere
2146 2684 2289 2710 nunquam

1279 2727 1346 2753 illue
1358 2726 1567 2757 accedentium,
1581 2730 1687 2752 statuat
1697 2725 1772 2759 quod
1787 2725 1887 2751 viderit
1898 2725 2093 2751 statuendum.
2108 2724 2234 2756 -(111.0,
2250 2724 2287 2755 16,

1279 2775 1346 2802 1174
1364 2781 1409 2810 νος
1427 2784 1495 2802 ann.
1513 2774 1563 2806 VI,
1581 2783 1606 2801 ‹.·.
1625 2774 1689 2805 ‘2573
1707 2787 1741 2793 ——
1758 2773 1877 2800 Monam
1901 2774 1975 2806 11⁸7,
1993 2773 2009 2798 f.
2030 2773 2101 2803 412³.)

1321 2890 1334 2904 «
1355 2900 1374 2906 ..
1395 2878 1578 2907 Tornaceizsi
1591 2877 1734 2914 episcopo,
1750 2876 1914 2913 :mustoline
1928 2875 2009 2902 Sedis
2027 2875 2129 2911 lrgmlo.
2149 2874 2288 2903 Venera-

1279 2929 1358 2960 bilis
1382 2930 1486 2961 srater
1508 2935 1619 2961 noster
1640 2953 1658 2958 ..
1678 2928 1911 2966 'l‘i·icastin[us]
1935 2927 2108 2966 episcopus
2131 2937 2188 2966 per
2213 2937 2288 2957 suas
