2498 3242
235 208 274 238 69

234 290 354 321 virtute
365 289 715 324 obedientie,fi1·miter
727 289 760 318 in
775 288 938 328 preceptis
955 290 986 318 nt
1002 288 1243 318 ordinationem

232 342 354 382 ipsam,
373 342 443 373 sive
459 349 668 380 quocumque
685 341 748 371 alio
762 341 895 371 nomine
913 341 1032 370 sactum
1051 339 1243 379 hujusmodi

230 396 415 429 censeatur,
429 394 627 433 etquicquid
640 402 726 424 exeo
736 395 886 424 secutum
896 395 956 430 est,
966 393 1101 423 omnino
1115 394 1243 423 revocet

232 447 304 478 sine
322 456 424 483 mora,
442 447 485 477 ita
501 447 589 485 quod
603 447 767 477 ultratres
782 447 853 476 dies
867 448 939 485 post
956 446 1174 484 receptionem
1193 445 1243 474 lit·
1271 459 1273 475 ι

231 501 375 531 terarum
387 501 586 534 nostrarum,
601 500 764 530 revocatio
777 500 847 538 ipsa
860 499 1049 529 nullatenus
1060 499 1241 532 differatur,

231 553 263 583 et
284 560 440 591 expresse
462 552 610 582 inhibeat
633 561 672 582 no
693 552 768 591 quis
790 554 904 582 contra
916 552 987 590 ipsa
1012 551 1166 590 capitula,
1188 550 1241 579 vel

231 605 363 644 aliquas
377 605 631 644 aliaspersonas
640 605 893 639 ecclesiasticas,
910 605 980 634 sive
997 604 1082 634 bona
1095 604 1241 642 ipsarum
1270 622 1271 627 ,

229 658 353 696 aliqua,
381 658 554 688 occasione
570 658 727 697 predicta
748 659 916 696 presumat
937 657 1128 687 violentiam
1147 664 1239 686 exer-

230 719 314 746 cere,
333 712 363 740 et
381 711 409 741 si
425 720 492 749 qua
508 711 731 741 ecclesiastica
747 710 834 740 bona
848 711 926 740 sunt
941 709 1112 740 occasione
1129 708 1241 747 nujus-

229 763 318 793 modi
349 764 518 802 occupata,
547 772 585 793 ea
613 763 741 793 restitui
768 763 867 793 saciat
898 762 1066 792 universa.
1097 761 1239 799 Ideoque

227 815 423 846 discretioni
454 817 562 846 vestre
590 825 649 854 per
681 815 860 854 apostolica
893 815 1013 854 scripta
1043 814 1240 845 mandamus
1269 800 1270 844 1

227 870 404 907 quatenus,
428 869 456 898 si
477 869 604 907 legatus
625 870 694 907 ipse
719 870 880 901 nostrum,
906 868 994 906 quod
1014 867 1148 897 omnino
1173 875 1239 896 non
1269 884 1270 895 1

227 921 406 955 credimus,
425 921 606 959 neglexerit
619 921 799 959 adimplere
813 923 1014 959 preceptum,
1031 921 1087 950 aut
1102 920 1184 950 forte
1199 919 1239 949 ad

227 975 430 1012 presentiam
462 976 609 1004 nostram
638 974 840 1012 regrediens,
867 974 1027 1004 terminos
1058 973 1155 1003 fuerit
1180 981 1239 1002 sue

226 1027 402 1065 legationis
423 1035 588 1066 egressus,
612 1035 671 1057 vos
692 1027 724 1057 id
748 1027 940 1057 auctoritate
963 1026 1143 1065 apostolica
1166 1034 1239 1055 exe-

227 1081 377 1118 quentes,
406 1080 650 1110 ordinationem
681 1080 800 1118 ipsam,
831 1088 1040 1118 quocumque
1064 1080 1240 1109 censeatur
1268 1100 1270 1118 ι

229 1132 402 1167 vocabolo,
428 1132 631 1162 denuntietis
658 1133 791 1171 penitus
821 1132 947 1162 irritam
976 1134 1004 1163 et
1033 1133 1177 1167 inanem,
1203 1140 1238 1160 ac
1268 1123 1270 1134 ”

226 1185 405 1215 inhibeatis
422 1193 578 1224 expresse
595 1194 635 1215 ne
659 1185 734 1223 quis
750 1193 788 1214 ea
810 1185 982 1215 occasione
999 1186 1168 1223 presumat
1191 1192 1238 1213 ec-

225 1237 411 1268 clesiastica
434 1237 522 1268 bona
550 1238 707 1267 invadere
734 1237 786 1267 vel
811 1237 958 1272 turbare,
986 1237 1152 1275 quoslibet
1181 1236 1238 1274 qui
1268 1235 1269 1239 ’

227 1299 322 1321 secus
337 1292 530 1330 attemptare
546 1291 810 1330 presumpserint
825 1300 842 1321 a
858 1291 1107 1329 presumptione
1124 1290 1238 1328 liujus·
1268 1306 1269 1326 3

225 1343 518 1378 modi‚monitione
530 1344 771 1383 pre-missaper
780 1352 955 1374 censuram
967 1343 1237 1376 ecclesiasticam,
1268 1335 1269 1338 ¹

224 1397 445 1436 appellatione
457 1397 650 1436 postposita,
663 1398 922 1436 compescentes,
947 1397 977 1427 et
1001 1396 1237 1434 compellentes
1267 1412 1268 1427 l

225 1450 466 1480 nichilominus
493 1450 534 1480 ad
563 1450 780 1484 reddendum,
799 1450 826 1479 si
856 1450 912 1488 qui
942 1449 1037 1484 forte,
1066 1449 1236 1479 occasione

221 1503 392 1541 jamdicta,
410 1503 522 1541 aliqua
538 1503 578 1533 de
596 1502 695 1533 honis
712 1503 946 1533 ecclesiasticis
955 1503 1238 1542 occuparunt.,nec

223 1556 422 1595 permittatis
447 1556 614 1586 ullatenus
635 1556 789 1595 impediri
812 1556 894 1594 quin
919 1556 1037 1594 illiqui
1059 1555 1235 1591 voluerint,

224 1608 328 1639 libere
344 1609 478 1639 valeant
490 1609 532 1639 ad
549 1609 697 1639 nostram
714 1609 828 1639 venire
843 1609 1058 1648 presentianL
1076 1617 1237 1647 personas

225 1662 256 1692 et
270 1661 358 1692 bona
373 1670 488 1692 eorum
505 1670 542 1692 ac
559 1662 701 1692 aliorum
717 1662 912 1692 clericorum
929 1662 968 1692 de
983 1661 1168 1700 provinciis
1185 1670 1236 1691 su-

224 1715 382 1753 pradictis
405 1715 596 1745 auctoritate
618 1715 797 1754 apostolica
817 1715 1032 1745 defendentes
1052 1716 1083 1745 et
1105 1723 1236 1745 conser-

226 1768 342 1798 vantes
368 1768 475 1804 illesa,
504 1768 732 1798 molestatores
759 1777 873 1799 eorum
900 1769 1106 1798 districtione
1132 1767 1236 1798 simili
1266 1770 1267 1773 ’

225 1820 403 1851 efficaciter
439 1821 690 1860 compescendo,
728 1821 920 1851 auctoritate
970 1820 1236 1851 conservationis

226 1873 418 1912 hujusmodi
437 1873 595 1912 quamdiu
615 1873 711 1904 nobis
728 1874 890 1912 placuerit
907 1874 1076 1904 duratura.
1095 1874 1191 1909 Quod
1207 1874 1235 1904 si

228 1934 294 1956 non
312 1934 428 1956 omnes
445 1928 522 1960 etc.‚
540 1926 604 1956 duo
623 1928 772 1956 vestrum
788 1928 848 1957 etc.
867 1927 942 1957 Dat.
961 1928 997 1956 ut
1016 1935 1123 1965 supra.
1150 1937 1164 1953 n

300 2101 369 2132 132

789 2099 911 2133 Anagni,
929 2100 959 2126 19
972 2099 1066 2135 juillet
1089 2101 1164 2127 ¹227.

263 2183 399 2218 Episcopo
417 2184 588 2211 'fornacensi
609 2186 638 2211 et
658 2184 854 2219 conjudicibus
876 2184 936 2211 suis
957 2184 1077 2210 mandat
1098 2187 1237 2219 quatenus

225 2232 393 2259 examinent
417 2240 453 2259 an
478 2233 534 2259 dux
558 2233 729 2259 Brabautiae
749 2233 987 2267 septuagenarius
1011 2233 1102 2260 valeat
1123 2236 1239 2268 propter

226 2280 422 2307 valetudinem
447 2283 475 2307 et
496 2281 676 2308 debilitatem
698 2281 806 2308 absolvi
829 2289 846 2308 a
867 2283 929 2308 roto
949 2282 1023 2315 quod
1044 2282 1182 2308 emiserat
1203 2283 1237 2308 ad

226 2328 330 2356 Terrae
345 2330 468 2357 Sanctae
486 2330 646 2357 subsidium
664 2338 693 2357 se
706 2330 884 2365 accingendi.
903 2346 935 2350 —
953 2330 1033 2365 (Περ.
1057 2331 1095 2363 14,
1114 2331 1131 2357 s.
1148 2332 1179 2357 23
1195 2339 1238 2364 r0;

226 2385 294 2404 ann.
313 2378 334 2410 1,
352 2386 376 2405 c.
401 2379 463 2411 132;
483 2393 517 2398 -
533 2371 648 2405 Monate
668 2379 744 2410 ¹184,
761 2378 779 2405 s.
799 2380 856 2410 5¹.)

267 2482 283 2498 (ε
309 2495 328 2502 ..
349 2472 490 2511 episcopo
522 2471 703 2502 Tornacensi
726 2477 752 2502 ec
781 2471 991 2511 conjudicibus
1017 2472 1090 2502 sui-5.
1120 2472 1241 2503 Dilecti

228 2523 290 2554 filii
308 2525 466 2563 magister
485 2524 672 2555 Balduinus
687 2525 726 2555 de
756 2524 950 2555 Barbenzon
968 2526 999 2555 et
1015 2524 1186 2555 ‚Iohannes
1201 2525 1241 2555 de

228 2575 378 2607 Lovania
401 2576 524 2612 clerici,
550 2577 657 2607 nuntii
677 2579 708 2608 et
730 2578 959 2616 procuratores
984 2577 1106 2607 nobilis
1129 2577 1192 2607 viri
1219 2599 1238 2607 ..

229 2625 324 2657 ducis
341 2626 520 2657 Brabantie
537 2627 760 2667 crucesignati
780 2627 812 2658 in
831 2629 944 2658 nostra
964 2629 1132 2667 presentia
1149 2638 1243 2660 cons-

229 2677 329 2713 tituti,
348 2687 390 2709 ex
406 2681 495 2718 parte
513 2679 620 2719 ipsius
643 2680 740 2711 nobis
758 2680 928 2711 humiliter
944 2681 1174 2720 supplicarunt
1195 2683 1242 2718 ut,

230 2738 306 2761 cum
332 2730 402 2770 ipse
429 2733 703 2772 septuagenarius
731 2741 804 2764 esse
832 2733 996 2769 credatur,
1026 2742 1085 2765 nec
1109 2736 1244 2774 propter

1054 199 1287 236 Pnieinilxnn
1311 197 1477 235 ANNEi-j.

231 2782 457 2814 valetudinem
473 2786 504 2815 et
523 2785 729 2817 debilitatem
746 2786 874 2825 proprii
891 2787 1041 2825 corporis
1058 2789 1170 2818 votum
1187 2797 1244 2818 va-

231 2835 298 2866 leat
314 2837 434 2875 exequi
457 2838 546 2875 quod
563 2838 685 2873 emisit,
703 2838 889 2878 predictum
906 2839 1024 2870 ducem
1044 2848 1063 2870 a
1082 2841 1155 2871 voto
1172 2849 1245 2880 pre-

231 2888 299 2920 fato
315 2888 488 2920 absolvere
505 2889 764 2922 misericorditer
779 2891 1004 2931 dignaremur.
1020 2892 1090 2924 Nos
1109 2902 1187 2924 vero
1203 2894 1244 2925 de

2274 211 2313 239 ΤΟ

1305 286 1413 321 vobis,
1442 285 1564 324 quilius
1592 286 1711 324 poterit
1735 287 1774 317 de
1802 289 1975 326 premissis
2003 290 2073 319 lieri
2098 291 2194 328 plena
2218 293 2311 326 tides,

1303 340 1454 378 gerentes
1483 339 1517 368 in
1547 339 1692 369 Domino
1720 339 1874 370 fiduciam
1904 342 2092 379 specialem,
2120 344 2309 376 discretioni

1305 393 1412 422 vestre
1439 400 1497 430 per
1519 392 1698 430 apostolica
1727 392 1849 431 scripta
1877 395 2087 432 precipiendo
2114 397 2311 428 mandamus

1303 446 1478 483 quatenus,
1506 444 1546 473 ad
1574 445 1715 475 eundem
1740 445 2084 484 ducempei-sonaliter
2108 450 2310 485 accedentes,

1304 497 1355 527 vel
1378 498 1418 527 ad
1442 498 1550 527 locum
1578 497 1618 527 ad
1642 506 1739 535 quem
1766 498 1838 529 sine
1861 499 2007 537 perit-ulo
2034 510 2171 538 persone
2198 503 2309 533 venire

1303 549 1409 579 valeat
1428 550 1583 580 vocantes
1600 550 1753 586 eundem,
1772 551 1799 579 si
1816 550 1911 580 vobis
1926 553 2108 582 constiterit
2123 562 2196 583 eum
2214 564 2309 593 posse

1300 602 1519 640 personaliter
1541 603 1659 640 exempti
1679 603 1792 632 votum
1817 612 1927 639 suum,
1953 606 1985 634 ut
2005 605 2037 634 in
2062 607 2212 644 proximo
2238 617 2309 646 pas—

1301 655 1392 693 sagio
1419 655 1528 685 martii
1555 656 1595 685 ad
1622 656 1891 694 prosequendum
1916 659 2027 687 votum
2054 659 2234 696 predictum
2262 669 2307 696 se,

1302 708 1387 738 sicut
1410 708 1513 743 decet,
1539 708 1687 747 accingat
1708 708 1817 747 ipsum
1840 710 2002 740 moneatis
2024 712 2190 749 attentius,
2214 715 2255 747 et,
2280 715 2308 744 si

1302 769 1435 791 necesse
1461 761 1571 795 suerit,
1600 761 1823 792 ecclesiastica
1848 771 1989 793 censura
2013 765 2148 802 cogatis.
2168 765 2204 795 Si
2232 775 2309 796 vero

1300 813 1443 844 eundem
1461 814 1578 844 ducem
1598 814 1638 844 ad
1656 815 1876 853 peragendam
1894 816 2192 855 peregrinationem
2215 828 2309 849 snam

1300 867 1434 905 proprio
1458 875 1595 906 corpore
1618 867 1812 898 inveneritis
1838 869 2064 907 impotentem,
2093 871 2126 899 ut
2149 871 2186 900 de
2211 871 2308 902 rebus

1300 920 1444 959 propriis
1466 920 1530 950 tria
1551 920 1645 950 milia
1670 920 1829 951 librarum
1856 921 2059 952 Parisiensis
2084 927 2225 958 monete,
2250 934 2308 963 pro

1300 972 1422 1011 quibus
1435 974 1581 1011 tempore
1597 982 1713 1011 guerre
1727 974 1942 1012 quadraginta
1961 975 2082 1005 milites
2098 976 2130 1006 in
2147 978 2307 1008 transma-

1300 1024 1384 1054 rinis
1408 1025 1559 1063 partibus
1584 1034 1643 1064 per
1665 1034 1788 1056 annum
1814 1026 2004 1057 deserviant
2028 1029 2196 1060 crucifixo,
2223 1030 2308 1060 infra

1300 1085 1425 1107 annum
1443 1079 1517 1116 post
1538 1078 1760 1120 receptionem
1782 1080 1986 1118 presentium
2005 1081 2037 1110 in
2061 1081 2158 1111 domo
2177 1083 2307 1121 Templi

1300 1130 1340 1160 ab
1363 1130 1479 1160 eodem
1506 1131 1587 1161 duce
1607 1131 1759 1161 Pal-isius
1786 1132 2011 1168 absolvantur,
2037 1135 2218 1165 monitione
2238 1145 2308 1174 pre-

1300 1183 1354 1212 via
1373 1192 1432 1222 per
1453 1192 1626 1214 censuram
1649 1184 1917 1220 ecclesiastis-am,
1930 1187 2150 1224 appellatione
2171 1190 2306 1223 remota,

1299 1236 1450 1274 cogatis!;
1482 1237 1617 1275 proviso
1647 1238 1766 1267 attente
1795 1247 1834 1268 ne
1860 1238 1990 1269 interim
2015 1248 2033 1269 a
2059 1241 2205 1278 predicto
2232 1243 2307 1271 voto

1299 1288 1481 1319 absolvatis
1497 1289 1651 1323 eundem,
1670 1290 1733 1319 nisi
1752 1291 1845 1329 prius
1861 1291 2006 1330 predicta
2021 1293 2081 1322 tria
2098 1293 2190 1323 milia
2209 1294 2306 1324 libra-

1300 1349 1373 1370 rum
1388 1341 1484 1379 juxta
1504 1342 1671 1380 promissa
1690 1343 1912 1381 predictorum
1932 1345 2123 1375 nuntiorum
2143 1348 2171 1375 et
2191 1355 2306 1384 procu-

1299 1395 1443 1424 ratorum
1467 1394 1628 1433 ejusdem,
1652 1397 1747 1434 prout
1767 1396 1889 1426 dictum
1911 1399 1971 1431 est,
1991 1398 2142 1428 l'arisius
2164 1400 2307 1430 totaliter

1297 1447 1391 1484 [sint]
1408 1447 1588 1485 persoluta.
1607 1448 1702 1483 Quod
1721 1448 1749 1478 si
1768 1457 1833 1479 non
1854 1458 1968 1479 omnes
1986 1452 2059 1485 etc,
2078 1452 2142 1481 duo
2160 1455 2307 1483 vestrum

1297 1501 1356 1529 etc.
1398 1500 1474 1529 Dat.
1511 1500 1674 1539 Anagnie,
1706 1500 1807 1531 XIIII
1839 1502 2000 1533 kalendas
2035 1504 2178 1543 augusti,
2221 1514 2308 1536 anno

1297 1561 1417 1592 primo.
1430 1564 1444 1579 »

1366 1715 1437 1746 133
1805 1716 1941 1752 [Anagni‚
1964 1717 2099 1752 lSjuillet
2123 1720 2186 1745 1227
2205 1719 2237 1755 ¹.]

1331 1795 1467 1823 Remensi
1483 1798 1509 1823 et
1525 1797 1590 1824 aliis
1608 1797 1740 1832 capitulis
1757 1801 1857 1825 notum
1874 1799 1941 1827 facit
1958 1808 1988 1827 se
2004 1802 2175 1828 Senonensis
2190 1804 2215 1829 et
2235 1803 2309 1830 Pari-

1296 1844 1399 1872 siensis
1420 1845 1613 1879 capitulorum
1633 1846 1746 1873 litteras
1770 1848 1924 1882 recepisse;
1945 1849 2026 1875 deflet
2047 1849 2236 1877 immaturam
2256 1853 2308 1878 Lu-

1297 1893 1388 1920 dovici
1408 1893 1470 1919 VIlI
1491 1894 1565 1928 regis
1591 1897 1731 1928 mortem;
1754 1897 1782 1922 et
1804 1896 1845 1922 eis
1871 1897 1996 1923 notificat
2022 1897 2132 1925 litteras
2158 1900 2188 1925 n.
2213 1900 2309 1926 Sancti

1298 1941 1399 1976 Angeli
1415 1942 1566 1975 cardinali,
1581 1945 1609 1969 et
1622 1943 1755 1978 episcopo
1771 1944 1981 1971 Cenomaueusi
1997 1949 2023 1972 et
2039 1946 2233 1981 conjudicibus
2249 1948 2308 1983 ejus

1268 2014 1269 2021 ,
1299 1990 1333 2016 ab
1348 1990 1409 2023 ipso
1425 1990 1564 2024 directas,
1577 1999 1662 2025 super
1675 1991 1854 2019 ordinatione
1870 1993 1905 2019 ab
1921 1994 2019 2020 eodem
2035 1995 2174 2022 cardinali
2191 1997 2309 2023 senonis

1297 2038 1384 2065 edita.
1404 2054 1439 2058 —
1457 2039 1537 2072 (linc.
1558 2040 1599 2073 ¹4,
1623 2039 1642 2065 s.
1662 2041 1694 2066 23
1720 2048 1764 2074 ιτς
1786 2049 1854 2068 ann.
1877 2041 1896 2073 1,
1919 2049 1942 2068 c.
1966 2043 2027 2075 ¹333
2044 2058 2077 2062 —-
2097 2043 2211 2071 Monac
2233 2045 2309 2078 1184,

1299 2085 1319 2112 s.
1339 2088 1385 2119 533
1403 2087 1483 2117 ibid¹5
1500 2088 1519 2113 f.
1535 2088 1583 2118 80;
1604 2103 1635 2107 -
1652 2088 1789 2115 ΡοττιιΑετ
1803 2090 1895 2124 7986.)

1341 2191 1355 2207 «
1380 2180 1516 2210 [ternensi
1540 2185 1566 2209 ec
1589 2181 1659 2210 aliis
1681 2181 1833 2221 capitulis.
1856 2182 2048 2215 Presentate
2069 2185 2187 2223 pagine
2211 2186 2312 2216 Seno-

1299 2233 1414 2264 nensis
1429 2235 1461 2264 et
1477 2234 1679 2265 Parisiensis
1697 2235 1916 2274 capitulorum
1932 2238 2026 2267 tenor
2042 2237 2210 2268 exhibitus
2226 2247 2312 2269 ama-

1300 2286 1433 2316 rissime
1446 2287 1546 2316 mirre
1558 2286 1753 2318 fasciculum
1770 2288 1877 2324 nobis,
1892 2289 1932 2320 de
1945 2299 2031 2320 novo
2046 2290 2079 2321 in
2095 2299 2190 2321 cruce
2202 2291 2312 2322 carnis

1301 2340 1332 2370 et
1352 2339 1502 2378 patibulo
1527 2340 1668 2378 spiritus
1692 2341 2058 2378 i111molatis‚oxhib11it,
2077 2344 2134 2383 qui
2157 2344 2202 2374 ita
2223 2345 2312 2383 pagi-

1302 2400 1378 2422 nam
1419 2392 1529 2423 cordis
1569 2393 1674 2423 nostri
1704 2393 1851 2425 inaudite
1891 2395 2090 2427 turbationis
2127 2397 2253 2428 calamo
2281 2399 2312 2428 et

1302 2453 1386 2475 nove
1404 2444 1641 2476 amaritudinis
1656 2446 1839 2477 atramento
1851 2448 2060 2488 conscripsit,
2073 2449 2161 2487 quod
2174 2450 2313 2489 scriptu-

1302 2506 1373 2529 ram
1391 2506 1450 2528 nec
1465 2498 1620 2536 lugubris
1638 2499 1760 2529 mentis
1771 2500 1926 2538 gemitus,
1947 2509 2005 2531 nec
2021 2501 2241 2539 lacrymarum
2256 2502 2313 2532 ssu-

1303 2550 1379 2580 vius
1391 2550 1582 2581 oblitterare
1595 2551 1715 2587 valeat,
1728 2560 1827 2590 quam
1840 2554 1952 2583 nostro
1961 2554 2085 2589 animo,
2098 2554 2192 2592 quasi
2204 2563 2313 2593 ungue

1302 2603 1529 2638 adamantino,
1543 2612 1630 2634 novo
1644 2604 1788 2635 cudendi
1803 2614 1935 2644 genere,
1945 2606 2043 2636 stilus
2053 2607 2178 2637 exarati
2188 2607 2313 2638 doloris

1303 2656 1485 2694 impressit.
1505 2656 1678 2692 Quomodo
1695 2657 1813 2695 lugens
1831 2658 1937 2688 valeat
1952 2659 2115 2689 consolari
2132 2661 2313 2691 merentem

1303 2709 1462 2739 dolensve
1480 2709 1620 2740 delinire
1636 2709 1778 2745 dolores,
1796 2719 1870 2740 cum
1887 2712 2051 2742 contraria
2069 2711 2139 2742 suis
2157 2715 2313 2744 curentur

1305 2762 1478 2801 oppositis,
1506 2771 1572 2792 non
1599 2763 1649 2792 est
1674 2762 1770 2793 facile
1799 2763 1976 2802 repperire.
2004 2764 2110 2795 Nemo
2138 2767 2253 2804 querat
2272 2765 2313 2796 ab

1338 2860 1360 2884 ¹.
1381 2858 1456 2883 Cette
1470 2858 1546 2883 bullo
1562 2860 1603 2882 est
1618 2865 1684 2883 suns
1701 2859 1777 2886 date:
1792 2866 1862 2884 nous
1878 2860 1904 2884 la
1918 2862 2082 2892 tappet-tons
2097 2868 2148 2893 par
2160 2862 2314 2892 conjecturo

1305 2908 1341 2927 au
1357 2903 1444 2927 meme
1456 2903 1520 2934 jour
1535 2909 1586 2934 quc
1602 2902 1643 2927 les
1659 2903 1749 2934 pieres
1766 2904 1808 2928 130
1823 2905 1849 2928 et
1865 2904 1916 2928 131.
