<?xml version="1.0" encoding="UTF-8"?>
<!DOCTYPE html PUBLIC "-//W3C//DTD XHTML 1.0 Transitional//EN"
    "http://www.w3.org/TR/xhtml1/DTD/xhtml1-transitional.dtd">
<html xmlns="http://www.w3.org/1999/xhtml" xml:lang="en" lang="en">
 <head>
  <title>
</title>
<meta http-equiv="Content-Type" content="text/html;charset=utf-8" />
  <meta name='ocr-system' content='tesseract 3.04.00' />
  <meta name='ocr-capabilities' content='ocr_page ocr_carea ocr_par ocr_line ocrx_word'/>
</head>
<body>
  <div class='ocr_page' id='page_1' title='image "./lesregistresdegr01cathuoft_0563.png"; bbox 0 0 2498 3242; ppageno 0'>
   <div class='ocr_carea' id='block_1_1' title="bbox 184 275 260 306">
    <p class='ocr_par' dir='ltr' id='par_1_1' title="bbox 184 275 260 306">
     <span class='ocr_line' id='line_1_1' title="bbox 184 275 260 306; baseline 0 0"><span class='ocrx_word' id='word_1_1' title='bbox 184 275 260 306; x_wconf 88' lang='grc'>1109</span> 
     </span>
    </p>
   </div>
   <div class='ocr_carea' id='block_1_2' title="bbox 183 340 1204 1229">
    <p class='ocr_par' dir='ltr' id='par_1_2' title="bbox 183 340 1204 1229">
     <span class='ocr_line' id='line_1_2' title="bbox 183 340 1200 375; baseline -0.002 -3"><span class='ocrx_word' id='word_1_2' title='bbox 183 342 267 372; x_wconf 87' lang='lat' dir='ltr'>catis</span> <span class='ocrx_word' id='word_1_3' title='bbox 294 341 466 372; x_wconf 78' lang='lat' dir='ltr'><strong>caritative</strong></span> <span class='ocrx_word' id='word_1_4' title='bbox 497 342 627 374; x_wconf 87' lang='lat' dir='ltr'>duobus</span> <span class='ocrx_word' id='word_1_5' title='bbox 655 343 892 375; x_wconf 84' lang='lat' dir='ltr'>Cisterciensis</span> <span class='ocrx_word' id='word_1_6' title='bbox 921 342 1049 373; x_wconf 81' lang='lat' dir='ltr'>ordinis</span> <span class='ocrx_word' id='word_1_7' title='bbox 1078 340 1200 371; x_wconf 80' lang='lat' dir='ltr'>vicinis</span> 
     </span>
     <span class='ocr_line' id='line_1_3' title="bbox 185 394 1200 434; baseline -0.001 -10"><span class='ocrx_word' id='word_1_8' title='bbox 185 394 380 431; x_wconf 84' lang='lat' dir='ltr'>abbatibus,</span> <span class='ocrx_word' id='word_1_9' title='bbox 404 395 590 434; x_wconf 80' lang='lat' dir='ltr'>procedatis</span> <span class='ocrx_word' id='word_1_10' title='bbox 617 397 652 426; x_wconf 91' lang='lat' dir='ltr'>in</span> <span class='ocrx_word' id='word_1_11' title='bbox 672 397 895 428; x_wconf 79' lang='lat' dir='ltr'>celebratione</span> <span class='ocrx_word' id='word_1_12' title='bbox 917 395 1072 434; x_wconf 88' lang='lat' dir='ltr'>capituli,</span> <span class='ocrx_word' id='word_1_13' title='bbox 1094 395 1200 424; x_wconf 87' lang='lat' dir='ltr'>Deum</span> 
     </span>
     <span class='ocr_line' id='line_1_4' title="bbox 184 446 1201 490; baseline 0 -13"><span class='ocrx_word' id='word_1_14' title='bbox 184 446 347 490; x_wconf 80' lang='lat' dir='ltr'>habentes</span> <span class='ocrx_word' id='word_1_15' title='bbox 371 457 427 486; x_wconf 88' lang='lat' dir='ltr'>pre</span> <span class='ocrx_word' id='word_1_16' title='bbox 444 448 560 484; x_wconf 80' lang='lat' dir='ltr'>oculis,</span> <span class='ocrx_word' id='word_1_17' title='bbox 578 450 671 489; x_wconf 80' lang='lat' dir='ltr'>juxta</span> <span class='ocrx_word' id='word_1_18' title='bbox 689 449 962 481; x_wconf 90' lang='lat' dir='ltr'>constitutionem</span> <span class='ocrx_word' id='word_1_19' title='bbox 979 447 1113 478; x_wconf 87' lang='lat' dir='ltr'>concilii</span> <span class='ocrx_word' id='word_1_20' title='bbox 1132 455 1201 477; x_wconf 88' lang='lat' dir='ltr'>me-</span> 
     </span>
     <span class='ocr_line' id='line_1_5' title="bbox 184 500 1201 542; baseline -0.001 -12"><span class='ocrx_word' id='word_1_21' title='bbox 184 501 323 536; x_wconf 88' lang='lat' dir='ltr'>morati;</span> <span class='ocrx_word' id='word_1_22' title='bbox 342 501 456 531; x_wconf 85' lang='lat' dir='ltr'>eadem</span> <span class='ocrx_word' id='word_1_23' title='bbox 474 510 614 532; x_wconf 81' lang='lat' dir='ltr'>censura</span> <span class='ocrx_word' id='word_1_24' title='bbox 633 503 753 533; x_wconf 75' lang='lat' dir='ltr'>facturi</span> <span class='ocrx_word' id='word_1_25' title='bbox 772 512 834 542; x_wconf 88' lang='lat' dir='ltr'>que</span> <span class='ocrx_word' id='word_1_26' title='bbox 851 502 886 532; x_wconf 91' lang='lat' dir='ltr'>in</span> <span class='ocrx_word' id='word_1_27' title='bbox 908 511 944 532; x_wconf 88' lang='lat' dir='ltr'>eo</span> <span class='ocrx_word' id='word_1_28' title='bbox 961 500 1201 531; x_wconf 77' lang='lat' dir='ltr'>deliberatione</span> 
     </span>
     <span class='ocr_line' id='line_1_6' title="bbox 185 553 1202 592; baseline -0.001 -9"><span class='ocrx_word' id='word_1_29' title='bbox 185 553 323 592; x_wconf 84' lang='lat' dir='ltr'>provida</span> <span class='ocrx_word' id='word_1_30' title='bbox 342 554 469 584; x_wconf 85' lang='lat' dir='ltr'>fuerint</span> <span class='ocrx_word' id='word_1_31' title='bbox 491 555 656 592; x_wconf 89' lang='lat' dir='ltr'>ordinata,</span> <span class='ocrx_word' id='word_1_32' title='bbox 678 556 819 587; x_wconf 88' lang='lat' dir='ltr'>firmiter</span> <span class='ocrx_word' id='word_1_33' title='bbox 836 555 1016 590; x_wconf 87' lang='lat' dir='ltr'>observari,</span> <span class='ocrx_word' id='word_1_34' title='bbox 1038 563 1074 584; x_wconf 78' lang='lat' dir='ltr'>ae</span> <span class='ocrx_word' id='word_1_35' title='bbox 1091 553 1202 583; x_wconf 90' lang='lat' dir='ltr'>reddi-</span> 
     </span>
     <span class='ocr_line' id='line_1_7' title="bbox 187 606 1202 648; baseline -0.001 -12"><span class='ocrx_word' id='word_1_36' title='bbox 187 606 254 636; x_wconf 89' lang='lat' dir='ltr'>turi</span> <span class='ocrx_word' id='word_1_37' title='bbox 271 607 428 643; x_wconf 90' lang='lat' dir='ltr'>Domino,</span> <span class='ocrx_word' id='word_1_38' title='bbox 449 607 484 637; x_wconf 89' lang='lat' dir='ltr'>in</span> <span class='ocrx_word' id='word_1_39' title='bbox 504 609 598 648; x_wconf 89' lang='lat' dir='ltr'>cujus</span> <span class='ocrx_word' id='word_1_40' title='bbox 621 614 799 648; x_wconf 86' lang='lat' dir='ltr'>conspectu</span> <span class='ocrx_word' id='word_1_41' title='bbox 820 609 932 639; x_wconf 82' lang='lat' dir='ltr'>onmia</span> <span class='ocrx_word' id='word_1_42' title='bbox 957 608 1045 638; x_wconf 90' lang='lat' dir='ltr'>nuda</span> <span class='ocrx_word' id='word_1_43' title='bbox 1068 611 1145 638; x_wconf 90' lang='lat' dir='ltr'>sunt</span> <span class='ocrx_word' id='word_1_44' title='bbox 1171 610 1202 637; x_wconf 93' lang='lat' dir='ltr'>et</span> 
     </span>
     <span class='ocr_line' id='line_1_8' title="bbox 188 659 1201 698; baseline -0.001 -9"><span class='ocrx_word' id='word_1_45' title='bbox 188 664 320 698; x_wconf 82' lang='lat' dir='ltr'>aperta,</span> <span class='ocrx_word' id='word_1_46' title='bbox 339 659 373 689; x_wconf 92' lang='lat' dir='ltr'>in</span> <span class='ocrx_word' id='word_1_47' title='bbox 391 664 536 691; x_wconf 86' lang='lat' dir='ltr'>extremo</span> <span class='ocrx_word' id='word_1_48' title='bbox 554 661 606 691; x_wconf 90' lang='lat' dir='ltr'>die</span> <span class='ocrx_word' id='word_1_49' title='bbox 629 662 771 692; x_wconf 86' lang='lat' dir='ltr'>districti</span> <span class='ocrx_word' id='word_1_50' title='bbox 789 661 952 692; x_wconf 76' lang='lat' dir='ltr'>examinis</span> <span class='ocrx_word' id='word_1_51' title='bbox 972 661 1153 693; x_wconf 76' lang='lat' dir='ltr'>rationem,</span> <span class='ocrx_word' id='word_1_52' title='bbox 1172 659 1201 689; x_wconf 90' lang='lat' dir='ltr'>si</span> 
     </span>
     <span class='ocr_line' id='line_1_9' title="bbox 187 712 1202 753; baseline 0 -12"><span class='ocrx_word' id='word_1_53' title='bbox 187 720 320 742; x_wconf 90' lang='lat' dir='ltr'>omnem</span> <span class='ocrx_word' id='word_1_54' title='bbox 338 712 599 744; x_wconf 83' lang='lat' dir='ltr'>sollicitudinem</span> <span class='ocrx_word' id='word_1_55' title='bbox 615 718 646 744; x_wconf 90' lang='lat' dir='ltr'>et</span> <span class='ocrx_word' id='word_1_56' title='bbox 663 714 873 752; x_wconf 77' lang='lat' dir='ltr'>diligentiam</span> <span class='ocrx_word' id='word_1_57' title='bbox 891 723 954 753; x_wconf 87' lang='lat' dir='ltr'>que</span> <span class='ocrx_word' id='word_1_58' title='bbox 972 714 1059 743; x_wconf 83' lang='lat' dir='ltr'>eirca</span> <span class='ocrx_word' id='word_1_59' title='bbox 1078 722 1202 743; x_wconf 88' lang='lat' dir='ltr'>correc-</span> 
     </span>
     <span class='ocr_line' id='line_1_10' title="bbox 188 763 1200 801; baseline 0 -7"><span class='ocrx_word' id='word_1_60' title='bbox 188 763 313 795; x_wconf 84' lang='lat' dir='ltr'>tionem</span> <span class='ocrx_word' id='word_1_61' title='bbox 338 769 369 795; x_wconf 91' lang='lat' dir='ltr'>et</span> <span class='ocrx_word' id='word_1_62' title='bbox 392 766 663 797; x_wconf 80' lang='lat' dir='ltr'>reformationem</span> <span class='ocrx_word' id='word_1_63' title='bbox 688 766 815 797; x_wconf 79' lang='lat' dir='ltr'>ordinis</span> <span class='ocrx_word' id='word_1_64' title='bbox 841 766 1027 797; x_wconf 87' lang='lat' dir='ltr'>adhibende</span> <span class='ocrx_word' id='word_1_65' title='bbox 1055 765 1200 801; x_wconf 76' lang='lat' dir='ltr'>fuerint,</span> 
     </span>
     <span class='ocr_line' id='line_1_11' title="bbox 187 817 1204 859; baseline 0 -12"><span class='ocrx_word' id='word_1_66' title='bbox 187 817 402 856; x_wconf 77' lang='lat' dir='ltr'>neglexeritis</span> <span class='ocrx_word' id='word_1_67' title='bbox 426 818 594 849; x_wconf 84' lang='lat' dir='ltr'>adhibere.</span> <span class='ocrx_word' id='word_1_68' title='bbox 626 820 671 850; x_wconf 90' lang='lat' dir='ltr'>Ut</span> <span class='ocrx_word' id='word_1_69' title='bbox 695 824 806 850; x_wconf 85' lang='lat' dir='ltr'>autem</span> <span class='ocrx_word' id='word_1_70' title='bbox 833 829 895 859; x_wconf 84' lang='lat' dir='ltr'>que</span> <span class='ocrx_word' id='word_1_71' title='bbox 926 823 1049 849; x_wconf 87' lang='lat' dir='ltr'>statuta</span> <span class='ocrx_word' id='word_1_72' title='bbox 1077 817 1204 848; x_wconf 84' lang='lat' dir='ltr'>fuerint</span> 
     </span>
     <span class='ocr_line' id='line_1_12' title="bbox 187 871 1204 907; baseline -0.001 -6"><span class='ocrx_word' id='word_1_73' title='bbox 187 871 308 902; x_wconf 87' lang='lat' dir='ltr'>melius</span> <span class='ocrx_word' id='word_1_74' title='bbox 334 875 511 902; x_wconf 90' lang='lat' dir='ltr'>teneantur</span> <span class='ocrx_word' id='word_1_75' title='bbox 532 873 723 903; x_wconf 84' lang='lat' dir='ltr'>memoriter</span> <span class='ocrx_word' id='word_1_76' title='bbox 744 877 775 903; x_wconf 92' lang='lat' dir='ltr'>et</span> <span class='ocrx_word' id='word_1_77' title='bbox 798 873 977 907; x_wconf 79' lang='lat' dir='ltr'>ferventer,</span> <span class='ocrx_word' id='word_1_78' title='bbox 1002 872 1153 902; x_wconf 88' lang='lat' dir='ltr'>volumus</span> <span class='ocrx_word' id='word_1_79' title='bbox 1172 875 1204 901; x_wconf 91' lang='lat' dir='ltr'>et</span> 
     </span>
     <span class='ocr_line' id='line_1_13' title="bbox 186 924 1204 965; baseline 0.001 -11"><span class='ocrx_word' id='word_1_80' title='bbox 186 925 386 955; x_wconf 80' lang='lat' dir='ltr'>mandamus</span> <span class='ocrx_word' id='word_1_81' title='bbox 409 929 444 955; x_wconf 90' lang='lat' dir='ltr'>ut</span> <span class='ocrx_word' id='word_1_82' title='bbox 464 925 657 965; x_wconf 85' lang='lat' dir='ltr'>hujusmodi</span> <span class='ocrx_word' id='word_1_83' title='bbox 674 926 856 964; x_wconf 83' lang='lat' dir='ltr'>capitulum</span> <span class='ocrx_word' id='word_1_84' title='bbox 874 925 972 956; x_wconf 86' lang='lat' dir='ltr'>annis</span> <span class='ocrx_word' id='word_1_85' title='bbox 989 924 1132 963; x_wconf 70' lang='lat' dir='ltr'>singulis</span> <span class='ocrx_word' id='word_1_86' title='bbox 1150 934 1204 955; x_wconf 88' lang='lat' dir='ltr'>ce-</span> 
     </span>
     <span class='ocr_line' id='line_1_14' title="bbox 187 977 1203 1017; baseline 0 -10"><span class='ocrx_word' id='word_1_87' title='bbox 187 977 346 1013; x_wconf 82' lang='lat' dir='ltr'>lebretur,</span> <span class='ocrx_word' id='word_1_88' title='bbox 365 986 524 1008; x_wconf 85' lang='lat' dir='ltr'>concessa</span> <span class='ocrx_word' id='word_1_89' title='bbox 549 979 597 1009; x_wconf 90' lang='lat' dir='ltr'>eis</span> <span class='ocrx_word' id='word_1_90' title='bbox 614 979 671 1017; x_wconf 91' lang='lat' dir='ltr'>qui</span> <span class='ocrx_word' id='word_1_91' title='bbox 688 979 729 1008; x_wconf 90' lang='lat' dir='ltr'>ad</span> <span class='ocrx_word' id='word_1_92' title='bbox 748 979 985 1017; x_wconf 86' lang='lat' dir='ltr'>presidendum</span> <span class='ocrx_word' id='word_1_93' title='bbox 1004 978 1127 1008; x_wconf 83' lang='lat' dir='ltr'>futuris</span> <span class='ocrx_word' id='word_1_94' title='bbox 1148 986 1203 1007; x_wconf 87' lang='lat' dir='ltr'>ca-</span> 
     </span>
     <span class='ocr_line' id='line_1_15' title="bbox 186 1030 1203 1070; baseline 0.001 -10"><span class='ocrx_word' id='word_1_95' title='bbox 186 1030 304 1070; x_wconf 86' lang='lat' dir='ltr'>pitulis</span> <span class='ocrx_word' id='word_1_96' title='bbox 321 1031 448 1061; x_wconf 81' lang='lat' dir='ltr'>suerint</span> <span class='ocrx_word' id='word_1_97' title='bbox 466 1031 628 1067; x_wconf 84' lang='lat' dir='ltr'>ordinati,</span> <span class='ocrx_word' id='word_1_98' title='bbox 652 1032 855 1062; x_wconf 85' lang='lat' dir='ltr'>convocandi</span> <span class='ocrx_word' id='word_1_99' title='bbox 876 1031 1012 1062; x_wconf 76' lang='lat' dir='ltr'>abbates</span> <span class='ocrx_word' id='word_1_100' title='bbox 1029 1035 1059 1061; x_wconf 84' lang='lat' dir='ltr'>et</span> <span class='ocrx_word' id='word_1_101' title='bbox 1077 1031 1203 1070; x_wconf 84' lang='lat' dir='ltr'>priores</span> 
     </span>
     <span class='ocr_line' id='line_1_16' title="bbox 186 1084 1202 1123; baseline 0 -10"><span class='ocrx_word' id='word_1_102' title='bbox 186 1084 352 1123; x_wconf 87' lang='lat' dir='ltr'>predictos</span> <span class='ocrx_word' id='word_1_103' title='bbox 369 1088 400 1114; x_wconf 90' lang='lat' dir='ltr'>et</span> <span class='ocrx_word' id='word_1_104' title='bbox 417 1085 556 1123; x_wconf 82' lang='lat' dir='ltr'>cogendi</span> <span class='ocrx_word' id='word_1_105' title='bbox 576 1084 734 1119; x_wconf 85' lang='lat' dir='ltr'>rebelles,</span> <span class='ocrx_word' id='word_1_106' title='bbox 757 1084 978 1123; x_wconf 85' lang='lat' dir='ltr'>appellatione</span> <span class='ocrx_word' id='word_1_107' title='bbox 1001 1084 1202 1123; x_wconf 89' lang='lat' dir='ltr'>postposita,</span> 
     </span>
     <span class='ocr_line' id='line_1_17' title="bbox 188 1137 1204 1175; baseline 0.001 -9"><span class='ocrx_word' id='word_1_108' title='bbox 188 1137 292 1167; x_wconf 89' lang='lat' dir='ltr'>simili</span> <span class='ocrx_word' id='word_1_109' title='bbox 309 1141 480 1175; x_wconf 83' lang='lat' dir='ltr'>potestate.</span> <span class='ocrx_word' id='word_1_110' title='bbox 499 1137 593 1174; x_wconf 88' lang='lat' dir='ltr'>Quod</span> <span class='ocrx_word' id='word_1_111' title='bbox 613 1138 641 1167; x_wconf 87' lang='lat' dir='ltr'>si</span> <span class='ocrx_word' id='word_1_112' title='bbox 660 1146 727 1168; x_wconf 92' lang='lat' dir='ltr'>non</span> <span class='ocrx_word' id='word_1_113' title='bbox 745 1146 860 1167; x_wconf 90' lang='lat' dir='ltr'>omnes</span> <span class='ocrx_word' id='word_1_114' title='bbox 882 1142 932 1167; x_wconf 89' lang='lat' dir='ltr'>etc</span> <span class='ocrx_word' id='word_1_115' title='bbox 951 1161 956 1170; x_wconf 83' lang='grc'>,</span> <span class='ocrx_word' id='word_1_116' title='bbox 975 1137 1039 1167; x_wconf 90' lang='lat' dir='ltr'>duo</span> <span class='ocrx_word' id='word_1_117' title='bbox 1056 1141 1204 1167; x_wconf 83' lang='lat' dir='ltr'>vestrum</span> 
     </span>
     <span class='ocr_line' id='line_1_18' title="bbox 189 1190 1101 1229; baseline -0.001 -9"><span class='ocrx_word' id='word_1_118' title='bbox 189 1193 250 1220; x_wconf 87' lang='lat' dir='ltr'>etc.</span> <span class='ocrx_word' id='word_1_119' title='bbox 269 1191 342 1220; x_wconf 88' lang='lat' dir='ltr'>Dat.</span> <span class='ocrx_word' id='word_1_120' title='bbox 363 1190 506 1229; x_wconf 87' lang='lat' dir='ltr'>Spoleti,</span> <span class='ocrx_word' id='word_1_121' title='bbox 524 1191 556 1221; x_wconf 95' lang='lat' dir='ltr'>II</span> <span class='ocrx_word' id='word_1_122' title='bbox 576 1190 651 1220; x_wconf 88' lang='lat' dir='ltr'>idus</span> <span class='ocrx_word' id='word_1_123' title='bbox 669 1190 819 1228; x_wconf 85' lang='lat' dir='ltr'>augusti.</span> <span class='ocrx_word' id='word_1_124' title='bbox 839 1199 926 1220; x_wconf 89' lang='lat' dir='ltr'>anno</span> <span class='ocrx_word' id='word_1_125' title='bbox 943 1194 1068 1220; x_wconf 83' lang='lat' dir='ltr'>octavo.</span> <span class='ocrx_word' id='word_1_126' title='bbox 1089 1202 1101 1216; x_wconf 70' lang='lat' dir='ltr'>n</span> 
     </span>
    </p>
   </div>
   <div class='ocr_carea' id='block_1_3' title="bbox 261 1388 1132 1423">
    <p class='ocr_par' dir='ltr' id='par_1_3' title="bbox 261 1388 1132 1423">
     <span class='ocr_line' id='line_1_19' title="bbox 261 1388 1132 1423; baseline 0 -6"><span class='ocrx_word' id='word_1_127' title='bbox 261 1388 385 1418; x_wconf 70' lang='lat'>2⁰55</span> <span class='ocrx_word' id='word_1_128' title='bbox 774 1389 902 1423; x_wconf 77' lang='lat' dir='ltr'>Spolete,</span> <span class='ocrx_word' id='word_1_129' title='bbox 922 1390 950 1416; x_wconf 88' lang='grc'>11</span> <span class='ocrx_word' id='word_1_130' title='bbox 968 1391 1036 1416; x_wconf 77' lang='lat' dir='ltr'>aodt</span> <span class='ocrx_word' id='word_1_131' title='bbox 1053 1390 1132 1417; x_wconf 77' lang='lat'>1‘234.</span> 
     </span>
    </p>
   </div>
   <div class='ocr_carea' id='block_1_4' title="bbox 187 1450 1206 2023">
    <p class='ocr_par' dir='ltr' id='par_1_4' title="bbox 187 1450 1206 2023">
     <span class='ocr_line' id='line_1_20' title="bbox 226 1450 1205 1486; baseline 0 -8"><span class='ocrx_word' id='word_1_132' title='bbox 226 1450 372 1486; x_wconf 86' lang='lat' dir='ltr'>Episcopo</span> <span class='ocrx_word' id='word_1_133' title='bbox 395 1451 539 1483; x_wconf 86' lang='lat' dir='ltr'>Albiensi,</span> <span class='ocrx_word' id='word_1_134' title='bbox 563 1451 659 1478; x_wconf 84' lang='lat' dir='ltr'>abbati</span> <span class='ocrx_word' id='word_1_135' title='bbox 682 1450 783 1478; x_wconf 85' lang='lat' dir='ltr'>Fontis</span> <span class='ocrx_word' id='word_1_136' title='bbox 804 1450 913 1486; x_wconf 85' lang='lat' dir='ltr'>Frigidi</span> <span class='ocrx_word' id='word_1_137' title='bbox 934 1455 962 1477; x_wconf 87' lang='lat' dir='ltr'>et</span> <span class='ocrx_word' id='word_1_138' title='bbox 986 1452 1124 1485; x_wconf 82' lang='lat' dir='ltr'>magistro</span> <span class='ocrx_word' id='word_1_139' title='bbox 1146 1451 1205 1478; x_wconf 83' lang='lat' dir='ltr'>Ar-</span> 
     </span>
     <span class='ocr_line' id='line_1_21' title="bbox 190 1499 1206 1535; baseline 0 -9"><span class='ocrx_word' id='word_1_140' title='bbox 190 1500 273 1527; x_wconf 87' lang='lat' dir='ltr'>naldo</span> <span class='ocrx_word' id='word_1_141' title='bbox 290 1500 325 1527; x_wconf 89' lang='lat' dir='ltr'>de</span> <span class='ocrx_word' id='word_1_142' title='bbox 340 1499 568 1535; x_wconf 72' lang='lat' dir='ltr'>Ganfipriniano,</span> <span class='ocrx_word' id='word_1_143' title='bbox 586 1500 726 1527; x_wconf 86' lang='lat' dir='ltr'>canonico</span> <span class='ocrx_word' id='word_1_144' title='bbox 743 1501 923 1535; x_wconf 83' lang='lat' dir='ltr'>Apamiensi,</span> <span class='ocrx_word' id='word_1_145' title='bbox 937 1501 1082 1534; x_wconf 85' lang='lat' dir='ltr'>significat</span> <span class='ocrx_word' id='word_1_146' title='bbox 1093 1509 1125 1527; x_wconf 85' lang='lat' dir='ltr'>se</span> <span class='ocrx_word' id='word_1_147' title='bbox 1136 1508 1206 1527; x_wconf 89' lang='lat' dir='ltr'>cau-</span> 
     </span>
     <span class='ocr_line' id='line_1_22' title="bbox 189 1548 1206 1584; baseline -0.001 -8"><span class='ocrx_word' id='word_1_148' title='bbox 189 1557 250 1576; x_wconf 81' lang='lat' dir='ltr'>sam</span> <span class='ocrx_word' id='word_1_149' title='bbox 282 1550 358 1575; x_wconf 90' lang='lat' dir='ltr'>inter</span> <span class='ocrx_word' id='word_1_150' title='bbox 386 1549 638 1584; x_wconf 81' lang='lat' dir='ltr'>archiepiscopum</span> <span class='ocrx_word' id='word_1_151' title='bbox 668 1548 889 1575; x_wconf 84' lang='lat' dir='ltr'>Narbonensem</span> <span class='ocrx_word' id='word_1_152' title='bbox 923 1553 952 1575; x_wconf 87' lang='lat' dir='ltr'>et</span> <span class='ocrx_word' id='word_1_153' title='bbox 981 1550 1106 1584; x_wconf 87' lang='lat' dir='ltr'>priorem</span> <span class='ocrx_word' id='word_1_154' title='bbox 1135 1558 1206 1576; x_wconf 88' lang='lat' dir='ltr'>eon-</span> 
     </span>
     <span class='ocr_line' id='line_1_23' title="bbox 188 1597 1204 1632; baseline 0 -8"><span class='ocrx_word' id='word_1_155' title='bbox 188 1601 368 1632; x_wconf 82' lang='lat' dir='ltr'>ventumque</span> <span class='ocrx_word' id='word_1_156' title='bbox 396 1597 568 1624; x_wconf 84' lang='lat' dir='ltr'>Electenses</span> <span class='ocrx_word' id='word_1_157' title='bbox 598 1601 727 1624; x_wconf 84' lang='lat' dir='ltr'>exortam</span> <span class='ocrx_word' id='word_1_158' title='bbox 760 1597 938 1632; x_wconf 81' lang='lat' dir='ltr'>Ricc1ard01,</span> <span class='ocrx_word' id='word_1_159' title='bbox 966 1598 1114 1632; x_wconf 86' lang='lat' dir='ltr'>capellano</span> <span class='ocrx_word' id='word_1_160' title='bbox 1139 1606 1204 1630; x_wconf 89' lang='lat' dir='ltr'>suo,</span> 
     </span>
     <span class='ocr_line' id='line_1_24' title="bbox 189 1646 1205 1682; baseline -0.001 -8"><span class='ocrx_word' id='word_1_161' title='bbox 189 1646 394 1679; x_wconf 79' lang='lat' dir='ltr'>commisisse3</span> <span class='ocrx_word' id='word_1_162' title='bbox 420 1647 468 1681; x_wconf 85' lang='lat' dir='ltr'>qui</span> <span class='ocrx_word' id='word_1_163' title='bbox 498 1646 694 1673; x_wconf 80' lang='lat' dir='ltr'>declaraverat</span> <span class='ocrx_word' id='word_1_164' title='bbox 724 1646 859 1672; x_wconf 88' lang='lat' dir='ltr'>eumdem</span> <span class='ocrx_word' id='word_1_165' title='bbox 888 1647 1141 1682; x_wconf 83' lang='lat' dir='ltr'>archiepiscopum</span> <span class='ocrx_word' id='word_1_166' title='bbox 1171 1647 1205 1673; x_wconf 93' lang='lat' dir='ltr'>ad</span> 
     </span>
     <span class='ocr_line' id='line_1_25' title="bbox 189 1695 1205 1731; baseline 0.001 -9"><span class='ocrx_word' id='word_1_167' title='bbox 189 1695 424 1731; x_wconf 87' lang='lat' dir='ltr'>prosequendum</span> <span class='ocrx_word' id='word_1_168' title='bbox 444 1695 666 1730; x_wconf 82' lang='lat' dir='ltr'>appellationem</span> <span class='ocrx_word' id='word_1_169' title='bbox 682 1695 717 1721; x_wconf 88' lang='lat' dir='ltr'>ab</span> <span class='ocrx_word' id='word_1_170' title='bbox 738 1696 801 1730; x_wconf 88' lang='lat' dir='ltr'>ipso</span> <span class='ocrx_word' id='word_1_171' title='bbox 823 1695 857 1721; x_wconf 83' lang='lat' dir='ltr'>ad</span> <span class='ocrx_word' id='word_1_172' title='bbox 879 1695 985 1722; x_wconf 82' lang='lat' dir='ltr'>Sedem</span> <span class='ocrx_word' id='word_1_173' title='bbox 1006 1696 1205 1730; x_wconf 88' lang='lat' dir='ltr'>Apostolicam</span> 
     </span>
     <span class='ocr_line' id='line_1_26' title="bbox 189 1744 1206 1780; baseline 0.001 -9"><span class='ocrx_word' id='word_1_174' title='bbox 189 1744 372 1778; x_wconf 85' lang='lat' dir='ltr'>interjectam</span> <span class='ocrx_word' id='word_1_175' title='bbox 389 1744 498 1770; x_wconf 83' lang='lat' dir='ltr'>admitti</span> <span class='ocrx_word' id='word_1_176' title='bbox 515 1745 632 1778; x_wconf 80' lang='lat' dir='ltr'>debere,</span> <span class='ocrx_word' id='word_1_177' title='bbox 649 1745 734 1771; x_wconf 87' lang='lat' dir='ltr'>etiam</span> <span class='ocrx_word' id='word_1_178' title='bbox 753 1745 778 1771; x_wconf 87' lang='lat' dir='ltr'>si</span> <span class='ocrx_word' id='word_1_179' title='bbox 798 1748 944 1771; x_wconf 83' lang='lat' dir='ltr'>constaret</span> <span class='ocrx_word' id='word_1_180' title='bbox 961 1745 1054 1780; x_wconf 81' lang='lat' dir='ltr'>ipsum</span> <span class='ocrx_word' id='word_1_181' title='bbox 1071 1754 1138 1772; x_wconf 88' lang='lat' dir='ltr'>esse</span> <span class='ocrx_word' id='word_1_182' title='bbox 1155 1754 1206 1772; x_wconf 88' lang='lat' dir='ltr'>ex-</span> 
     </span>
     <span class='ocr_line' id='line_1_27' title="bbox 192 1793 1206 1829; baseline 0.001 -9"><span class='ocrx_word' id='word_1_183' title='bbox 192 1793 466 1820; x_wconf 83' lang='lat' dir='ltr'>communicationis</span> <span class='ocrx_word' id='word_1_184' title='bbox 487 1794 602 1820; x_wconf 84' lang='lat' dir='ltr'>vinculo</span> <span class='ocrx_word' id='word_1_185' title='bbox 622 1794 809 1825; x_wconf 89' lang='lat' dir='ltr'>innodatum;</span> <span class='ocrx_word' id='word_1_186' title='bbox 827 1802 897 1828; x_wconf 84' lang='lat' dir='ltr'>ergo</span> <span class='ocrx_word' id='word_1_187' title='bbox 917 1795 944 1820; x_wconf 90' lang='lat' dir='ltr'>in</span> <span class='ocrx_word' id='word_1_188' title='bbox 966 1794 1068 1820; x_wconf 87' lang='lat' dir='ltr'>eodem</span> <span class='ocrx_word' id='word_1_189' title='bbox 1090 1795 1206 1829; x_wconf 84' lang='lat' dir='ltr'>negotio</span> 
     </span>
     <span class='ocr_line' id='line_1_28' title="bbox 187 1841 1205 1878; baseline 0.001 -10"><span class='ocrx_word' id='word_1_190' title='bbox 187 1843 273 1877; x_wconf 81' lang='lat' dir='ltr'>juxta</span> <span class='ocrx_word' id='word_1_191' title='bbox 290 1847 419 1869; x_wconf 85' lang='lat' dir='ltr'>tenorem</span> <span class='ocrx_word' id='word_1_192' title='bbox 436 1842 595 1869; x_wconf 83' lang='lat' dir='ltr'>litterarum</span> <span class='ocrx_word' id='word_1_193' title='bbox 613 1846 698 1869; x_wconf 79' lang='lat' dir='ltr'>antea</span> <span class='ocrx_word' id='word_1_194' title='bbox 713 1841 746 1868; x_wconf 88' lang='lat' dir='ltr'>ad</span> <span class='ocrx_word' id='word_1_195' title='bbox 763 1842 889 1869; x_wconf 87' lang='lat' dir='ltr'>Grandis</span> <span class='ocrx_word' id='word_1_196' title='bbox 909 1842 1004 1869; x_wconf 85' lang='lat' dir='ltr'>Silvae</span> <span class='ocrx_word' id='word_1_197' title='bbox 1025 1846 1053 1869; x_wconf 85' lang='lat' dir='ltr'>et</span> <span class='ocrx_word' id='word_1_198' title='bbox 1073 1843 1205 1878; x_wconf 77' lang='lat' dir='ltr'>Rivipol-</span> 
     </span>
     <span class='ocr_line' id='line_1_29' title="bbox 189 1891 1206 1927; baseline 0.001 -9"><span class='ocrx_word' id='word_1_199' title='bbox 189 1891 301 1922; x_wconf 76' lang='lat' dir='ltr'>lensem</span> <span class='ocrx_word' id='word_1_200' title='bbox 317 1891 437 1918; x_wconf 82' lang='lat' dir='ltr'>abbates</span> <span class='ocrx_word' id='word_1_201' title='bbox 454 1897 482 1919; x_wconf 81' lang='lat' dir='ltr'>et.</span> <span class='ocrx_word' id='word_1_202' title='bbox 503 1891 626 1926; x_wconf 86' lang='lat' dir='ltr'>priorem</span> <span class='ocrx_word' id='word_1_203' title='bbox 651 1891 880 1927; x_wconf 85' lang='lat' dir='ltr'>Rivipollensem</span> <span class='ocrx_word' id='word_1_204' title='bbox 902 1901 917 1918; x_wconf 87' lang='lat' dir='ltr'>a</span> <span class='ocrx_word' id='word_1_205' title='bbox 940 1892 1015 1918; x_wconf 80' lang='lat' dir='ltr'>Sede</span> <span class='ocrx_word' id='word_1_206' title='bbox 1037 1893 1206 1927; x_wconf 83' lang='lat' dir='ltr'>Apostolica</span> 
     </span>
     <span class='ocr_line' id='line_1_30' title="bbox 189 1940 1203 1975; baseline 0.001 -9"><span class='ocrx_word' id='word_1_207' title='bbox 189 1940 376 1972; x_wconf 83' lang='lat' dir='ltr'>directarum,</span> <span class='ocrx_word' id='word_1_208' title='bbox 401 1940 567 1975; x_wconf 76' lang='lat' dir='ltr'>procedant,</span> <span class='ocrx_word' id='word_1_209' title='bbox 597 1956 630 1959; x_wconf 96' lang='lat'><strong>—</strong></span> <span class='ocrx_word' id='word_1_210' title='bbox 652 1940 735 1975; x_wconf 66' lang='lat' dir='ltr'>(Rau.</span> <span class='ocrx_word' id='word_1_211' title='bbox 763 1941 811 1973; x_wconf 79' lang='lat'>17,</span> <span class='ocrx_word' id='word_1_212' title='bbox 838 1941 856 1967; x_wconf 83' lang='lat' dir='ltr'>f.</span> <span class='ocrx_word' id='word_1_213' title='bbox 884 1941 936 1968; x_wconf 72' lang='lat'>200</span> <span class='ocrx_word' id='word_1_214' title='bbox 959 1948 1005 1973; x_wconf 64' lang='grc' dir='ltr'>νος</span> <span class='ocrx_word' id='word_1_215' title='bbox 1029 1950 1096 1968; x_wconf 87' lang='lat' dir='ltr'>ann.</span> <span class='ocrx_word' id='word_1_216' title='bbox 1122 1941 1203 1973; x_wconf 87' lang='lat' dir='ltr'>VIII,</span> 
     </span>
     <span class='ocr_line' id='line_1_31' title="bbox 188 1989 1083 2023; baseline 0 -7"><span class='ocrx_word' id='word_1_217' title='bbox 188 1997 214 2016; x_wconf 85' lang='lat'>0.</span> <span class='ocrx_word' id='word_1_218' title='bbox 233 1989 297 2020; x_wconf 83' lang='lat'>193;</span> <span class='ocrx_word' id='word_1_219' title='bbox 313 2003 350 2009; x_wconf 94' lang='lat'>—</span> <span class='ocrx_word' id='word_1_220' title='bbox 364 1989 484 2016; x_wconf 71' lang='lat' dir='ltr'>Monam</span> <span class='ocrx_word' id='word_1_221' title='bbox 505 1989 582 2021; x_wconf 79' lang='lat'>1189,</span> <span class='ocrx_word' id='word_1_222' title='bbox 600 1990 618 2016; x_wconf 76' lang='lat' dir='ltr'>f.</span> <span class='ocrx_word' id='word_1_223' title='bbox 638 1989 706 2020; x_wconf 82' lang='lat'><strong>139;</strong></span> <span class='ocrx_word' id='word_1_224' title='bbox 724 2005 756 2008; x_wconf 96' lang='lat'><strong>—</strong></span> <span class='ocrx_word' id='word_1_225' title='bbox 771 1989 808 2016; x_wconf 81' lang='lat' dir='ltr'>cf.</span> <span class='ocrx_word' id='word_1_226' title='bbox 831 1989 976 2016; x_wconf 62' lang='lat' dir='ltr'>Po&#39;rmxsr</span> <span class='ocrx_word' id='word_1_227' title='bbox 992 1989 1083 2023; x_wconf 59' lang='lat'>9228.)</span> 
     </span>
    </p>
   </div>
   <div class='ocr_carea' id='block_1_5' title="bbox 187 2091 1205 2980">
    <p class='ocr_par' dir='ltr' id='par_1_5' title="bbox 187 2091 1205 2980">
     <span class='ocr_line' id='line_1_32' title="bbox 230 2091 1204 2129; baseline 0 -9"><span class='ocrx_word' id='word_1_228' title='bbox 230 2104 243 2118; x_wconf 90' lang='lat'>«</span> <span class='ocrx_word' id='word_1_229' title='bbox 263 2115 282 2120; x_wconf 95' lang='lat'>..</span> <span class='ocrx_word' id='word_1_230' title='bbox 301 2092 435 2129; x_wconf 80' lang='lat' dir='ltr'>episcopo</span> <span class='ocrx_word' id='word_1_231' title='bbox 451 2092 600 2125; x_wconf 73' lang='lat' dir='ltr'>Albicnsi,</span> <span class='ocrx_word' id='word_1_232' title='bbox 621 2096 646 2120; x_wconf 78' lang='lat' dir='ltr'>et</span> <span class='ocrx_word' id='word_1_233' title='bbox 665 2114 684 2119; x_wconf 94' lang='lat'>..</span> <span class='ocrx_word' id='word_1_234' title='bbox 702 2091 804 2120; x_wconf 75' lang='lat' dir='ltr'>abbati</span> <span class='ocrx_word' id='word_1_235' title='bbox 820 2092 924 2120; x_wconf 79' lang='lat' dir='ltr'>Fontis</span> <span class='ocrx_word' id='word_1_236' title='bbox 942 2091 1073 2128; x_wconf 74' lang='lat' dir='ltr'>Friyz&#39;di,</span> <span class='ocrx_word' id='word_1_237' title='bbox 1092 2092 1204 2121; x_wconf 79' lang='lat' dir='ltr'>Cister-</span> 
     </span>
     <span class='ocr_line' id='line_1_33' title="bbox 188 2144 1205 2182; baseline -0.001 -7"><span class='ocrx_word' id='word_1_238' title='bbox 188 2145 299 2175; x_wconf 72' lang='lat' dir='ltr'>aiensis</span> <span class='ocrx_word' id='word_1_239' title='bbox 314 2144 445 2178; x_wconf 77' lang='lat' dir='ltr'>ordinis,</span> <span class='ocrx_word' id='word_1_240' title='bbox 464 2149 489 2173; x_wconf 78' lang='lat' dir='ltr'>et</span> <span class='ocrx_word' id='word_1_241' title='bbox 505 2145 652 2182; x_wconf 71' lang='lat' dir='ltr'>maqistro</span> <span class='ocrx_word' id='word_1_242' title='bbox 666 2145 801 2173; x_wconf 71' lang='lat' dir='ltr'>Arnaldo</span> <span class='ocrx_word' id='word_1_243' title='bbox 821 2144 855 2173; x_wconf 85' lang='lat' dir='ltr'>de</span> <span class='ocrx_word' id='word_1_244' title='bbox 874 2145 1134 2182; x_wconf 75' lang='lat' dir='ltr'>Cantiprinz&#39;ano,</span> <span class='ocrx_word' id='word_1_245' title='bbox 1153 2153 1205 2174; x_wconf 83' lang='lat' dir='ltr'>ca-</span> 
     </span>
     <span class='ocr_line' id='line_1_34' title="bbox 188 2198 1204 2235; baseline 0.001 -8"><span class='ocrx_word' id='word_1_246' title='bbox 188 2199 300 2227; x_wconf 76' lang='lat' dir='ltr'>nonico</span> <span class='ocrx_word' id='word_1_247' title='bbox 317 2198 506 2235; x_wconf 72' lang='lat' dir='ltr'>Apamiensi,</span> <span class='ocrx_word' id='word_1_248' title='bbox 527 2198 732 2226; x_wconf 79' lang='lat' dir='ltr'>Narbonensis</span> <span class='ocrx_word' id='word_1_249' title='bbox 745 2202 771 2226; x_wconf 81' lang='lat' dir='ltr'>et</span> <span class='ocrx_word' id='word_1_250' title='bbox 787 2198 928 2226; x_wconf 80' lang='lat' dir='ltr'>Tolosane</span> <span class='ocrx_word' id='word_1_251' title='bbox 944 2198 1108 2226; x_wconf 60' lang='lat' dir='ltr'>diocesem.</span> <span class='ocrx_word' id='word_1_252' title='bbox 1128 2198 1204 2228; x_wconf 87' lang='lat' dir='ltr'>Pre-</span> 
     </span>
     <span class='ocr_line' id='line_1_35' title="bbox 189 2249 1205 2281; baseline 0 0"><span class='ocrx_word' id='word_1_253' title='bbox 189 2254 317 2281; x_wconf 85' lang='lat' dir='ltr'>sentate</span> <span class='ocrx_word' id='word_1_254' title='bbox 347 2250 444 2280; x_wconf 88' lang='lat' dir='ltr'>nobis</span> <span class='ocrx_word' id='word_1_255' title='bbox 477 2250 663 2280; x_wconf 78' lang='lat' dir='ltr'>devotionis</span> <span class='ocrx_word' id='word_1_256' title='bbox 700 2254 809 2280; x_wconf 88' lang='lat' dir='ltr'>vestre</span> <span class='ocrx_word' id='word_1_257' title='bbox 846 2249 955 2280; x_wconf 86' lang='lat' dir='ltr'>littere</span> <span class='ocrx_word' id='word_1_258' title='bbox 989 2250 1205 2281; x_wconf 82' lang='lat' dir='ltr'>continebant</span> 
     </span>
     <span class='ocr_line' id='line_1_36' title="bbox 189 2302 1204 2343; baseline 0 -9"><span class='ocrx_word' id='word_1_259' title='bbox 189 2303 294 2343; x_wconf 85' lang='lat' dir='ltr'>quod,</span> <span class='ocrx_word' id='word_1_260' title='bbox 313 2312 389 2333; x_wconf 89' lang='lat' dir='ltr'>cum</span> <span class='ocrx_word' id='word_1_261' title='bbox 407 2327 426 2332; x_wconf 91' lang='lat'>..</span> <span class='ocrx_word' id='word_1_262' title='bbox 444 2303 589 2333; x_wconf 86' lang='lat' dir='ltr'>Grandis</span> <span class='ocrx_word' id='word_1_263' title='bbox 610 2302 700 2333; x_wconf 80' lang='lat' dir='ltr'>Silve</span> <span class='ocrx_word' id='word_1_264' title='bbox 717 2307 747 2333; x_wconf 88' lang='lat' dir='ltr'>et</span> <span class='ocrx_word' id='word_1_265' title='bbox 766 2326 785 2331; x_wconf 91' lang='lat'>..</span> <span class='ocrx_word' id='word_1_266' title='bbox 804 2303 1044 2341; x_wconf 88' lang='lat' dir='ltr'>Rivipollensis</span> <span class='ocrx_word' id='word_1_267' title='bbox 1069 2303 1204 2334; x_wconf 82' lang='lat' dir='ltr'>abbates</span> 
     </span>
     <span class='ocr_line' id='line_1_37' title="bbox 189 2356 1204 2396; baseline 0 -9"><span class='ocrx_word' id='word_1_268' title='bbox 189 2361 222 2387; x_wconf 84' lang='lat' dir='ltr'>et</span> <span class='ocrx_word' id='word_1_269' title='bbox 239 2380 257 2386; x_wconf 88' lang='lat'>..</span> <span class='ocrx_word' id='word_1_270' title='bbox 276 2357 367 2396; x_wconf 88' lang='lat' dir='ltr'>prior</span> <span class='ocrx_word' id='word_1_271' title='bbox 382 2357 633 2395; x_wconf 78' lang='lat' dir='ltr'>Rivipollensis,</span> <span class='ocrx_word' id='word_1_272' title='bbox 653 2356 826 2387; x_wconf 76' lang='lat' dir='ltr'>occasione</span> <span class='ocrx_word' id='word_1_273' title='bbox 846 2357 1065 2395; x_wconf 83' lang='lat' dir='ltr'>quarumdam</span> <span class='ocrx_word' id='word_1_274' title='bbox 1081 2357 1204 2387; x_wconf 87' lang='lat' dir='ltr'>littera-</span> 
     </span>
     <span class='ocr_line' id='line_1_38' title="bbox 188 2409 1204 2448; baseline 0 -8"><span class='ocrx_word' id='word_1_275' title='bbox 188 2419 263 2440; x_wconf 88' lang='lat' dir='ltr'>rum</span> <span class='ocrx_word' id='word_1_276' title='bbox 277 2414 467 2440; x_wconf 87' lang='lat' dir='ltr'>nostrarum</span> <span class='ocrx_word' id='word_1_277' title='bbox 480 2410 614 2440; x_wconf 91' lang='lat' dir='ltr'>nomine</span> <span class='ocrx_word' id='word_1_278' title='bbox 628 2411 678 2448; x_wconf 83' lang='lat'>[..]</span> <span class='ocrx_word' id='word_1_279' title='bbox 691 2409 812 2448; x_wconf 84' lang='lat' dir='ltr'>prioris</span> <span class='ocrx_word' id='word_1_280' title='bbox 830 2413 859 2439; x_wconf 87' lang='lat' dir='ltr'>et</span> <span class='ocrx_word' id='word_1_281' title='bbox 877 2414 1059 2440; x_wconf 79' lang='lat' dir='ltr'>conventus</span> <span class='ocrx_word' id='word_1_282' title='bbox 1075 2419 1204 2441; x_wconf 87' lang='lat' dir='ltr'>monas-</span> 
     </span>
     <span class='ocr_line' id='line_1_39' title="bbox 190 2462 1204 2494; baseline 0.001 -1"><span class='ocrx_word' id='word_1_283' title='bbox 190 2463 267 2494; x_wconf 88' lang='lat' dir='ltr'>terii</span> <span class='ocrx_word' id='word_1_284' title='bbox 289 2463 475 2494; x_wconf 87' lang='lat' dir='ltr'>Electensis</span> <span class='ocrx_word' id='word_1_285' title='bbox 503 2463 542 2493; x_wconf 90' lang='lat' dir='ltr'>ad</span> <span class='ocrx_word' id='word_1_286' title='bbox 569 2472 624 2493; x_wconf 90' lang='lat' dir='ltr'>eos</span> <span class='ocrx_word' id='word_1_287' title='bbox 651 2468 765 2493; x_wconf 85' lang='lat' dir='ltr'>contra</span> <span class='ocrx_word' id='word_1_288' title='bbox 786 2462 1004 2493; x_wconf 80' lang='lat' dir='ltr'>Narbonense</span> <span class='ocrx_word' id='word_1_289' title='bbox 1035 2463 1204 2494; x_wconf 82' lang='lat' dir='ltr'>dumtaxat</span> 
     </span>
     <span class='ocr_line' id='line_1_40' title="bbox 190 2515 1205 2556; baseline 0 -9"><span class='ocrx_word' id='word_1_290' title='bbox 190 2516 375 2556; x_wconf 86' lang='lat' dir='ltr'>capitulum</span> <span class='ocrx_word' id='word_1_291' title='bbox 396 2517 626 2551; x_wconf 86' lang='lat' dir='ltr'>obtentarum,</span> <span class='ocrx_word' id='word_1_292' title='bbox 649 2515 874 2546; x_wconf 82' lang='lat' dir='ltr'>venerabilem</span> <span class='ocrx_word' id='word_1_293' title='bbox 895 2516 1032 2546; x_wconf 85' lang='lat' dir='ltr'>fratrem</span> <span class='ocrx_word' id='word_1_294' title='bbox 1053 2521 1205 2547; x_wconf 84' lang='lat' dir='ltr'>nostrum</span> 
     </span>
     <span class='ocr_line' id='line_1_41' title="bbox 190 2568 1204 2607; baseline 0.001 -8"><span class='ocrx_word' id='word_1_295' title='bbox 190 2592 212 2598; x_wconf 95' lang='lat'>..</span> <span class='ocrx_word' id='word_1_296' title='bbox 230 2569 485 2599; x_wconf 85' lang='lat' dir='ltr'>Narbonensem</span> <span class='ocrx_word' id='word_1_297' title='bbox 506 2569 811 2607; x_wconf 89' lang='lat' dir='ltr'>archiepiscopum,</span> <span class='ocrx_word' id='word_1_298' title='bbox 830 2568 863 2597; x_wconf 89' lang='lat' dir='ltr'>in</span> <span class='ocrx_word' id='word_1_299' title='bbox 883 2568 1055 2606; x_wconf 85' lang='lat' dir='ltr'>procinctu</span> <span class='ocrx_word' id='word_1_300' title='bbox 1072 2569 1204 2600; x_wconf 87' lang='lat' dir='ltr'>itineris</span> 
     </span>
     <span class='ocr_line' id='line_1_42' title="bbox 190 2620 1204 2660; baseline 0 -8"><span class='ocrx_word' id='word_1_301' title='bbox 190 2623 408 2653; x_wconf 87' lang='lat' dir='ltr'>constitutum</span> <span class='ocrx_word' id='word_1_302' title='bbox 425 2622 466 2652; x_wconf 92' lang='lat' dir='ltr'>ad</span> <span class='ocrx_word' id='word_1_303' title='bbox 483 2622 601 2652; x_wconf 85' lang='lat' dir='ltr'>Sedem</span> <span class='ocrx_word' id='word_1_304' title='bbox 617 2620 841 2660; x_wconf 83' lang='lat' dir='ltr'>Apostolicam</span> <span class='ocrx_word' id='word_1_305' title='bbox 859 2621 1032 2657; x_wconf 84' lang='lat' dir='ltr'>veniendi,</span> <span class='ocrx_word' id='word_1_306' title='bbox 1053 2622 1094 2651; x_wconf 89' lang='lat' dir='ltr'>ad</span> <span class='ocrx_word' id='word_1_307' title='bbox 1110 2631 1204 2652; x_wconf 89' lang='lat' dir='ltr'>suam</span> 
     </span>
     <span class='ocr_line' id='line_1_43' title="bbox 189 2674 1204 2715; baseline 0 -10"><span class='ocrx_word' id='word_1_308' title='bbox 189 2675 394 2715; x_wconf 87' lang='lat' dir='ltr'>presentiam</span> <span class='ocrx_word' id='word_1_309' title='bbox 414 2675 620 2710; x_wconf 78' lang='lat' dir='ltr'>citavissent,</span> <span class='ocrx_word' id='word_1_310' title='bbox 639 2674 747 2704; x_wconf 90' lang='lat' dir='ltr'>dictus</span> <span class='ocrx_word' id='word_1_311' title='bbox 764 2674 1046 2713; x_wconf 78' lang='lat' dir='ltr'>archiepiscopus,</span> <span class='ocrx_word' id='word_1_312' title='bbox 1065 2675 1106 2705; x_wconf 89' lang='lat' dir='ltr'>ab</span> <span class='ocrx_word' id='word_1_313' title='bbox 1121 2675 1204 2714; x_wconf 91' lang='lat' dir='ltr'>ipsis</span> 
     </span>
     <span class='ocr_line' id='line_1_44' title="bbox 190 2727 1204 2767; baseline -0.001 -8"><span class='ocrx_word' id='word_1_314' title='bbox 190 2737 229 2759; x_wconf 88' lang='lat' dir='ltr'>ex</span> <span class='ocrx_word' id='word_1_315' title='bbox 247 2737 285 2758; x_wconf 90' lang='lat' dir='ltr'>eo</span> <span class='ocrx_word' id='word_1_316' title='bbox 304 2737 339 2759; x_wconf 89' lang='lat' dir='ltr'>se</span> <span class='ocrx_word' id='word_1_317' title='bbox 355 2728 504 2758; x_wconf 89' lang='lat' dir='ltr'>sentiens</span> <span class='ocrx_word' id='word_1_318' title='bbox 524 2728 649 2767; x_wconf 88' lang='lat' dir='ltr'>injuste</span> <span class='ocrx_word' id='word_1_319' title='bbox 668 2727 817 2765; x_wconf 80' lang='lat' dir='ltr'>gravari,</span> <span class='ocrx_word' id='word_1_320' title='bbox 836 2727 923 2766; x_wconf 81' lang='lat' dir='ltr'>quod</span> <span class='ocrx_word' id='word_1_321' title='bbox 939 2736 996 2766; x_wconf 89' lang='lat' dir='ltr'>per</span> <span class='ocrx_word' id='word_1_322' title='bbox 1012 2728 1204 2767; x_wconf 87' lang='lat' dir='ltr'>hujusmodi</span> 
     </span>
     <span class='ocr_line' id='line_1_45' title="bbox 188 2780 1204 2812; baseline -0.001 0"><span class='ocrx_word' id='word_1_323' title='bbox 188 2781 320 2812; x_wconf 87' lang='lat' dir='ltr'>litteras</span> <span class='ocrx_word' id='word_1_324' title='bbox 346 2781 380 2811; x_wconf 89' lang='lat' dir='ltr'>in</span> <span class='ocrx_word' id='word_1_325' title='bbox 405 2790 540 2811; x_wconf 88' lang='lat' dir='ltr'>causam</span> <span class='ocrx_word' id='word_1_326' title='bbox 561 2789 671 2810; x_wconf 87' lang='lat' dir='ltr'>coram</span> <span class='ocrx_word' id='word_1_327' title='bbox 697 2789 731 2810; x_wconf 91' lang='lat' dir='ltr'>se</span> <span class='ocrx_word' id='word_1_328' title='bbox 757 2780 888 2810; x_wconf 88' lang='lat' dir='ltr'>trahere</span> <span class='ocrx_word' id='word_1_329' title='bbox 914 2781 1101 2811; x_wconf 85' lang='lat' dir='ltr'>niterentur</span> <span class='ocrx_word' id='word_1_330' title='bbox 1126 2790 1204 2811; x_wconf 88' lang='lat' dir='ltr'>eun-</span> 
     </span>
     <span class='ocr_line' id='line_1_46' title="bbox 191 2832 1204 2870; baseline -0.001 -6"><span class='ocrx_word' id='word_1_331' title='bbox 191 2834 282 2869; x_wconf 89' lang='lat' dir='ltr'>dem,</span> <span class='ocrx_word' id='word_1_332' title='bbox 315 2838 461 2864; x_wconf 89' lang='lat' dir='ltr'>nostram</span> <span class='ocrx_word' id='word_1_333' title='bbox 494 2832 700 2862; x_wconf 87' lang='lat' dir='ltr'>audientiam</span> <span class='ocrx_word' id='word_1_334' title='bbox 732 2832 919 2870; x_wconf 87' lang='lat' dir='ltr'>appellavit.</span> <span class='ocrx_word' id='word_1_335' title='bbox 949 2833 1013 2863; x_wconf 86' lang='lat' dir='ltr'>Sed</span> <span class='ocrx_word' id='word_1_336' title='bbox 1041 2833 1204 2863; x_wconf 88' lang='lat' dir='ltr'>nominati</span> 
     </span>
     <span class='ocr_line' id='line_1_47' title="bbox 187 2884 1205 2928; baseline -0.001 -11"><span class='ocrx_word' id='word_1_337' title='bbox 187 2887 334 2928; x_wconf 86' lang='lat' dir='ltr'>judices,</span> <span class='ocrx_word' id='word_1_338' title='bbox 365 2886 515 2924; x_wconf 83' lang='lat' dir='ltr'>legitima</span> <span class='ocrx_word' id='word_1_339' title='bbox 545 2885 616 2924; x_wconf 87' lang='lat' dir='ltr'>ejus</span> <span class='ocrx_word' id='word_1_340' title='bbox 645 2884 866 2924; x_wconf 83' lang='lat' dir='ltr'>appellatione</span> <span class='ocrx_word' id='word_1_341' title='bbox 896 2889 1099 2924; x_wconf 89' lang='lat' dir='ltr'>contempta,</span> <span class='ocrx_word' id='word_1_342' title='bbox 1132 2891 1205 2924; x_wconf 89' lang='lat' dir='ltr'>post</span> 
     </span>
     <span class='ocr_line' id='line_1_48' title="bbox 189 2938 1205 2980; baseline -0.002 -9"><span class='ocrx_word' id='word_1_343' title='bbox 189 2940 376 2980; x_wconf 88' lang='lat' dir='ltr'>predictum</span> <span class='ocrx_word' id='word_1_344' title='bbox 399 2939 464 2969; x_wconf 89' lang='lat' dir='ltr'>iter</span> <span class='ocrx_word' id='word_1_345' title='bbox 487 2938 527 2968; x_wconf 90' lang='lat' dir='ltr'>ab</span> <span class='ocrx_word' id='word_1_346' title='bbox 552 2938 666 2969; x_wconf 88' lang='lat' dir='ltr'>eodem</span> <span class='ocrx_word' id='word_1_347' title='bbox 693 2942 876 2976; x_wconf 85' lang='lat' dir='ltr'>arreptum,</span> <span class='ocrx_word' id='word_1_348' title='bbox 901 2938 1046 2977; x_wconf 87' lang='lat' dir='ltr'>priorem</span> <span class='ocrx_word' id='word_1_349' title='bbox 1071 2943 1103 2969; x_wconf 90' lang='lat' dir='ltr'>et</span> <span class='ocrx_word' id='word_1_350' title='bbox 1126 2947 1205 2969; x_wconf 92' lang='lat' dir='ltr'>con-</span> 
     </span>
    </p>
   </div>
   <div class='ocr_carea' id='block_1_6' title="bbox 1038 267 1436 306">
    <p class='ocr_par' dir='ltr' id='par_1_6' title="bbox 1038 267 1436 306">
     <span class='ocr_line' id='line_1_49' title="bbox 1038 267 1436 306; baseline -0.003 -1"><span class='ocrx_word' id='word_1_351' title='bbox 1038 267 1254 306; x_wconf 75' lang='lat' dir='ltr'><strong>HUITIEME</strong></span> <span class='ocrx_word' id='word_1_352' title='bbox 1275 267 1436 305; x_wconf 72' lang='lat' dir='ltr'>ANNEE.</span> 
     </span>
    </p>
   </div>
   <div class='ocr_carea' id='block_1_7' title="bbox 2221 281 2294 310">
    <p class='ocr_par' dir='ltr' id='par_1_7' title="bbox 2221 281 2294 310">
     <span class='ocr_line' id='line_1_50' title="bbox 2221 281 2294 310; baseline 0 0"><span class='ocrx_word' id='word_1_353' title='bbox 2221 281 2294 310; x_wconf 90' lang='grc'>1110</span> 
     </span>
    </p>
   </div>
   <div class='ocr_carea' id='block_1_8' title="bbox 1283 343 2303 2872">
    <p class='ocr_par' dir='ltr' id='par_1_8' title="bbox 1283 343 2303 2872">
     <span class='ocr_line' id='line_1_51' title="bbox 1283 343 2293 385; baseline 0.006 -15"><span class='ocrx_word' id='word_1_354' title='bbox 1283 345 1418 371; x_wconf 88' lang='lat' dir='ltr'>ventum</span> <span class='ocrx_word' id='word_1_355' title='bbox 1434 343 1580 380; x_wconf 81' lang='lat' dir='ltr'>prefatos</span> <span class='ocrx_word' id='word_1_356' title='bbox 1597 343 1632 373; x_wconf 93' lang='lat' dir='ltr'>in</span> <span class='ocrx_word' id='word_1_357' title='bbox 1651 343 1854 382; x_wconf 84' lang='lat' dir='ltr'>corporalem</span> <span class='ocrx_word' id='word_1_358' title='bbox 1877 344 2124 382; x_wconf 89' lang='lat' dir='ltr'>possessionem</span> <span class='ocrx_word' id='word_1_359' title='bbox 2143 346 2293 385; x_wconf 82' lang='lat' dir='ltr'>jamdicti</span> 
     </span>
     <span class='ocr_line' id='line_1_52' title="bbox 1283 395 2295 437; baseline 0.006 -14"><span class='ocrx_word' id='word_1_360' title='bbox 1283 395 1478 425; x_wconf 86' lang='lat' dir='ltr'>monasterii</span> <span class='ocrx_word' id='word_1_361' title='bbox 1501 405 1575 426; x_wconf 91' lang='lat' dir='ltr'>cum</span> <span class='ocrx_word' id='word_1_362' title='bbox 1603 397 1816 435; x_wconf 86' lang='lat' dir='ltr'>pertinentiis</span> <span class='ocrx_word' id='word_1_363' title='bbox 1842 397 1928 432; x_wconf 86' lang='lat' dir='ltr'>suis,</span> <span class='ocrx_word' id='word_1_364' title='bbox 1952 406 2015 436; x_wconf 88' lang='lat' dir='ltr'>que</span> <span class='ocrx_word' id='word_1_365' title='bbox 2037 402 2114 428; x_wconf 93' lang='lat' dir='ltr'>tunc</span> <span class='ocrx_word' id='word_1_366' title='bbox 2139 399 2295 437; x_wconf 86' lang='lat' dir='ltr'>temporis</span> 
     </span>
     <span class='ocr_line' id='line_1_53' title="bbox 1283 446 2296 490; baseline 0.007 -15"><span class='ocrx_word' id='word_1_367' title='bbox 1283 446 1371 477; x_wconf 87' lang='lat' dir='ltr'>idem</span> <span class='ocrx_word' id='word_1_368' title='bbox 1388 447 1658 488; x_wconf 77' lang='lat' dir='ltr'>archiepiscopus</span> <span class='ocrx_word' id='word_1_369' title='bbox 1675 449 1875 488; x_wconf 80' lang='lat' dir='ltr'>possidebat,</span> <span class='ocrx_word' id='word_1_370' title='bbox 1894 450 1933 479; x_wconf 90' lang='lat' dir='ltr'>de</span> <span class='ocrx_word' id='word_1_371' title='bbox 1947 450 2034 480; x_wconf 85' lang='lat' dir='ltr'>facto</span> <span class='ocrx_word' id='word_1_372' title='bbox 2050 451 2207 481; x_wconf 77' lang='lat' dir='ltr'>inducere</span> <span class='ocrx_word' id='word_1_373' title='bbox 2221 461 2296 490; x_wconf 89' lang='lat' dir='ltr'>pre-</span> 
     </span>
     <span class='ocr_line' id='line_1_54' title="bbox 1285 501 2297 538; baseline 0.005 -9"><span class='ocrx_word' id='word_1_374' title='bbox 1285 506 1516 538; x_wconf 87' lang='lat' dir='ltr'>sumpserunt.</span> <span class='ocrx_word' id='word_1_375' title='bbox 1542 501 1575 531; x_wconf 92' lang='lat' dir='ltr'>in</span> <span class='ocrx_word' id='word_1_376' title='bbox 1598 502 1878 535; x_wconf 76' lang='lat' dir='ltr'>contradictores,</span> <span class='ocrx_word' id='word_1_377' title='bbox 1904 503 1987 533; x_wconf 88' lang='lat' dir='ltr'>sicut</span> <span class='ocrx_word' id='word_1_378' title='bbox 2011 503 2143 533; x_wconf 85' lang='lat' dir='ltr'>dicitur.</span> <span class='ocrx_word' id='word_1_379' title='bbox 2167 514 2297 534; x_wconf 80' lang='lat' dir='ltr'>excom-</span> 
     </span>
     <span class='ocr_line' id='line_1_55' title="bbox 1284 553 2296 593; baseline 0.006 -12"><span class='ocrx_word' id='word_1_380' title='bbox 1284 553 1523 583; x_wconf 88' lang='lat' dir='ltr'>municationis</span> <span class='ocrx_word' id='word_1_381' title='bbox 1538 555 1737 585; x_wconf 82' lang='lat' dir='ltr'>sententiam</span> <span class='ocrx_word' id='word_1_382' title='bbox 1750 555 2000 593; x_wconf 71' lang='lat' dir='ltr'>promulgando.</span> <span class='ocrx_word' id='word_1_383' title='bbox 2017 557 2229 586; x_wconf 84' lang='lat' dir='ltr'>Postmodum</span> <span class='ocrx_word' id='word_1_384' title='bbox 2242 567 2296 587; x_wconf 90' lang='lat' dir='ltr'>au-</span> 
     </span>
     <span class='ocr_line' id='line_1_56' title="bbox 1286 607 2297 649; baseline 0.005 -14"><span class='ocrx_word' id='word_1_385' title='bbox 1286 609 1367 641; x_wconf 89' lang='lat' dir='ltr'>tem,</span> <span class='ocrx_word' id='word_1_386' title='bbox 1401 615 1475 636; x_wconf 83' lang='lat' dir='ltr'>cum</span> <span class='ocrx_word' id='word_1_387' title='bbox 1507 607 1777 646; x_wconf 78' lang='lat' dir='ltr'>archiepiscopus</span> <span class='ocrx_word' id='word_1_388' title='bbox 1805 608 2015 646; x_wconf 82' lang='lat' dir='ltr'>supradictus</span> <span class='ocrx_word' id='word_1_389' title='bbox 2047 609 2086 639; x_wconf 91' lang='lat' dir='ltr'>ad</span> <span class='ocrx_word' id='word_1_390' title='bbox 2113 619 2169 639; x_wconf 87' lang='lat' dir='ltr'>vos</span> <span class='ocrx_word' id='word_1_391' title='bbox 2198 619 2297 649; x_wconf 89' lang='lat' dir='ltr'>super</span> 
     </span>
     <span class='ocr_line' id='line_1_57' title="bbox 1285 658 2295 700; baseline 0.006 -13"><span class='ocrx_word' id='word_1_392' title='bbox 1285 658 1506 697; x_wconf 83' lang='lat' dir='ltr'>appellatione</span> <span class='ocrx_word' id='word_1_393' title='bbox 1540 660 1702 698; x_wconf 78' lang='lat' dir='ltr'>premissa</span> <span class='ocrx_word' id='word_1_394' title='bbox 1739 665 1870 691; x_wconf 87' lang='lat' dir='ltr'>nostras</span> <span class='ocrx_word' id='word_1_395' title='bbox 1903 661 2031 691; x_wconf 84' lang='lat' dir='ltr'>litteras</span> <span class='ocrx_word' id='word_1_396' title='bbox 2064 662 2295 700; x_wconf 71' lang='lat' dir='ltr'>impetrasset,</span> 
     </span>
     <span class='ocr_line' id='line_1_58' title="bbox 1285 712 2298 752; baseline 0.005 -12"><span class='ocrx_word' id='word_1_397' title='bbox 1285 712 1436 750; x_wconf 87' lang='lat' dir='ltr'>partibus</span> <span class='ocrx_word' id='word_1_398' title='bbox 1462 713 1496 742; x_wconf 91' lang='lat' dir='ltr'>in</span> <span class='ocrx_word' id='word_1_399' title='bbox 1522 717 1632 743; x_wconf 89' lang='lat' dir='ltr'>vestra</span> <span class='ocrx_word' id='word_1_400' title='bbox 1655 714 1823 752; x_wconf 80' lang='lat' dir='ltr'>presentia</span> <span class='ocrx_word' id='word_1_401' title='bbox 1849 714 2040 744; x_wconf 86' lang='lat' dir='ltr'>constitutis</span> <span class='ocrx_word' id='word_1_402' title='bbox 2068 724 2103 744; x_wconf 90' lang='lat' dir='ltr'>ac</span> <span class='ocrx_word' id='word_1_403' title='bbox 2130 715 2216 745; x_wconf 85' lang='lat' dir='ltr'>dicto</span> <span class='ocrx_word' id='word_1_404' title='bbox 2244 725 2298 746; x_wconf 89' lang='lat' dir='ltr'>ar-</span> 
     </span>
     <span class='ocr_line' id='line_1_59' title="bbox 1286 764 2298 806; baseline 0.003 -11"><span class='ocrx_word' id='word_1_405' title='bbox 1286 764 1496 804; x_wconf 88' lang='lat' dir='ltr'>chiepiscopo</span> <span class='ocrx_word' id='word_1_406' title='bbox 1519 766 1707 804; x_wconf 83' lang='lat' dir='ltr'>postulante</span> <span class='ocrx_word' id='word_1_407' title='bbox 1731 771 1765 796; x_wconf 92' lang='lat' dir='ltr'>ut</span> <span class='ocrx_word' id='word_1_408' title='bbox 1788 767 1881 806; x_wconf 87' lang='lat' dir='ltr'>juxta</span> <span class='ocrx_word' id='word_1_409' title='bbox 1900 767 2054 805; x_wconf 80' lang='lat' dir='ltr'>rescripti</span> <span class='ocrx_word' id='word_1_410' title='bbox 2077 768 2180 797; x_wconf 83' lang='lat' dir='ltr'>nostri</span> <span class='ocrx_word' id='word_1_411' title='bbox 2205 773 2298 799; x_wconf 88' lang='lat' dir='ltr'>teno-</span> 
     </span>
     <span class='ocr_line' id='line_1_60' title="bbox 1286 817 2299 857; baseline 0.002 -10"><span class='ocrx_word' id='word_1_412' title='bbox 1286 826 1356 847; x_wconf 89' lang='lat' dir='ltr'>rem</span> <span class='ocrx_word' id='word_1_413' title='bbox 1376 817 1412 847; x_wconf 90' lang='lat' dir='ltr'>in</span> <span class='ocrx_word' id='word_1_414' title='bbox 1430 818 1562 855; x_wconf 79' lang='lat' dir='ltr'>negotio</span> <span class='ocrx_word' id='word_1_415' title='bbox 1580 818 1803 856; x_wconf 84' lang='lat' dir='ltr'>procederetis</span> <span class='ocrx_word' id='word_1_416' title='bbox 1822 818 1988 857; x_wconf 85' lang='lat' dir='ltr'>predicto,</span> <span class='ocrx_word' id='word_1_417' title='bbox 2014 828 2051 848; x_wconf 85' lang='lat' dir='ltr'>ex</span> <span class='ocrx_word' id='word_1_418' title='bbox 2073 824 2163 857; x_wconf 89' lang='lat' dir='ltr'>parte</span> <span class='ocrx_word' id='word_1_419' title='bbox 2183 829 2299 850; x_wconf 87' lang='lat' dir='ltr'>mona-</span> 
     </span>
     <span class='ocr_line' id='line_1_61' title="bbox 1286 869 2298 910; baseline 0.003 -11"><span class='ocrx_word' id='word_1_420' title='bbox 1286 869 1424 900; x_wconf 90' lang='lat' dir='ltr'>chorum</span> <span class='ocrx_word' id='word_1_421' title='bbox 1459 870 1522 900; x_wconf 89' lang='lat' dir='ltr'>fuit</span> <span class='ocrx_word' id='word_1_422' title='bbox 1553 871 1587 900; x_wconf 96' lang='lat' dir='ltr'>in</span> <span class='ocrx_word' id='word_1_423' title='bbox 1622 871 1755 901; x_wconf 91' lang='lat' dir='ltr'>modum</span> <span class='ocrx_word' id='word_1_424' title='bbox 1792 871 1995 910; x_wconf 79' lang='lat' dir='ltr'>exceptionis</span> <span class='ocrx_word' id='word_1_425' title='bbox 2025 872 2230 910; x_wconf 84' lang='lat' dir='ltr'>propositum</span> <span class='ocrx_word' id='word_1_426' title='bbox 2261 882 2298 903; x_wconf 88' lang='lat' dir='ltr'>ex</span> 
     </span>
     <span class='ocr_line' id='line_1_62' title="bbox 1287 923 2299 962; baseline 0.002 -9"><span class='ocrx_word' id='word_1_427' title='bbox 1287 923 1436 955; x_wconf 80' lang='lat' dir='ltr'>adverso,</span> <span class='ocrx_word' id='word_1_428' title='bbox 1450 923 1537 962; x_wconf 84' lang='lat' dir='ltr'>quod</span> <span class='ocrx_word' id='word_1_429' title='bbox 1553 932 1610 962; x_wconf 88' lang='lat' dir='ltr'>per</span> <span class='ocrx_word' id='word_1_430' title='bbox 1628 923 1693 954; x_wconf 86' lang='lat' dir='ltr'>tale</span> <span class='ocrx_word' id='word_1_431' title='bbox 1710 924 1906 962; x_wconf 86' lang='lat' dir='ltr'>rescriptum</span> <span class='ocrx_word' id='word_1_432' title='bbox 1925 924 1959 953; x_wconf 92' lang='lat' dir='ltr'>in</span> <span class='ocrx_word' id='word_1_433' title='bbox 1975 924 2107 962; x_wconf 76' lang='lat' dir='ltr'>negotio</span> <span class='ocrx_word' id='word_1_434' title='bbox 2122 924 2299 962; x_wconf 86' lang='lat' dir='ltr'>procedere</span> 
     </span>
     <span class='ocr_line' id='line_1_63' title="bbox 1286 976 2299 1016; baseline 0.003 -11"><span class='ocrx_word' id='word_1_435' title='bbox 1286 976 1425 1006; x_wconf 88' lang='lat' dir='ltr'>minime</span> <span class='ocrx_word' id='word_1_436' title='bbox 1450 976 1640 1012; x_wconf 88' lang='lat' dir='ltr'>debebatis,</span> <span class='ocrx_word' id='word_1_437' title='bbox 1666 986 1704 1007; x_wconf 90' lang='lat' dir='ltr'>eo</span> <span class='ocrx_word' id='word_1_438' title='bbox 1728 977 1815 1016; x_wconf 78' lang='lat' dir='ltr'>quod</span> <span class='ocrx_word' id='word_1_439' title='bbox 1840 977 2110 1016; x_wconf 80' lang='lat' dir='ltr'>archiepiscopus</span> <span class='ocrx_word' id='word_1_440' title='bbox 2135 987 2299 1008; x_wconf 91' lang='lat' dir='ltr'>memora-</span> 
     </span>
     <span class='ocr_line' id='line_1_64' title="bbox 1288 1030 2299 1070; baseline 0.002 -11"><span class='ocrx_word' id='word_1_441' title='bbox 1288 1034 1354 1066; x_wconf 89' lang='lat' dir='ltr'>tus,</span> <span class='ocrx_word' id='word_1_442' title='bbox 1384 1030 1578 1068; x_wconf 89' lang='lat' dir='ltr'>impetrator</span> <span class='ocrx_word' id='word_1_443' title='bbox 1604 1030 1731 1069; x_wconf 81' lang='lat' dir='ltr'>ipsius,</span> <span class='ocrx_word' id='word_1_444' title='bbox 1762 1035 1907 1069; x_wconf 89' lang='lat' dir='ltr'>tempore</span> <span class='ocrx_word' id='word_1_445' title='bbox 1936 1031 2181 1070; x_wconf 86' lang='lat' dir='ltr'>impetrationis</span> <span class='ocrx_word' id='word_1_446' title='bbox 2210 1032 2299 1070; x_wconf 87' lang='lat' dir='ltr'>ejus-</span> 
     </span>
     <span class='ocr_line' id='line_1_65' title="bbox 1287 1082 2298 1118; baseline 0.001 -6"><span class='ocrx_word' id='word_1_447' title='bbox 1287 1083 1376 1118; x_wconf 86' lang='lat' dir='ltr'>dem,</span> <span class='ocrx_word' id='word_1_448' title='bbox 1397 1086 1485 1113; x_wconf 87' lang='lat' dir='ltr'>esset</span> <span class='ocrx_word' id='word_1_449' title='bbox 1510 1082 1624 1113; x_wconf 89' lang='lat' dir='ltr'>multis</span> <span class='ocrx_word' id='word_1_450' title='bbox 1650 1083 1688 1113; x_wconf 89' lang='lat' dir='ltr'>de</span> <span class='ocrx_word' id='word_1_451' title='bbox 1716 1083 1827 1113; x_wconf 87' lang='lat' dir='ltr'>causis</span> <span class='ocrx_word' id='word_1_452' title='bbox 1855 1087 1885 1113; x_wconf 87' lang='lat' dir='ltr'>et</span> <span class='ocrx_word' id='word_1_453' title='bbox 1906 1083 2009 1113; x_wconf 76' lang='lat' dir='ltr'>variis</span> <span class='ocrx_word' id='word_1_454' title='bbox 2032 1084 2298 1113; x_wconf 82' lang='lat' dir='ltr'>excommunica-</span> 
     </span>
     <span class='ocr_line' id='line_1_66' title="bbox 1287 1135 2300 1175; baseline 0.001 -10"><span class='ocrx_word' id='word_1_455' title='bbox 1287 1136 1389 1165; x_wconf 86' lang='lat' dir='ltr'>tionis</span> <span class='ocrx_word' id='word_1_456' title='bbox 1416 1135 1549 1166; x_wconf 85' lang='lat' dir='ltr'>vinculo</span> <span class='ocrx_word' id='word_1_457' title='bbox 1579 1136 1778 1171; x_wconf 80' lang='lat' dir='ltr'>innodatus3</span> <span class='ocrx_word' id='word_1_458' title='bbox 1807 1140 1940 1174; x_wconf 89' lang='lat' dir='ltr'>propter</span> <span class='ocrx_word' id='word_1_459' title='bbox 1969 1136 2057 1175; x_wconf 84' lang='lat' dir='ltr'>quod</span> <span class='ocrx_word' id='word_1_460' title='bbox 2087 1136 2300 1175; x_wconf 88' lang='lat' dir='ltr'>impetratum</span> 
     </span>
     <span class='ocr_line' id='line_1_67' title="bbox 1286 1189 2300 1227; baseline 0.001 -9"><span class='ocrx_word' id='word_1_461' title='bbox 1286 1189 1486 1227; x_wconf 84' lang='lat' dir='ltr'>rescriptum</span> <span class='ocrx_word' id='word_1_462' title='bbox 1506 1198 1619 1219; x_wconf 88' lang='lat' dir='ltr'>carere</span> <span class='ocrx_word' id='word_1_463' title='bbox 1639 1189 1768 1219; x_wconf 78' lang='lat' dir='ltr'>viribus</span> <span class='ocrx_word' id='word_1_464' title='bbox 1785 1189 1996 1225; x_wconf 79' lang='lat' dir='ltr'>asserebant,</span> <span class='ocrx_word' id='word_1_465' title='bbox 2015 1198 2090 1219; x_wconf 87' lang='lat' dir='ltr'>cum</span> <span class='ocrx_word' id='word_1_466' title='bbox 2111 1198 2300 1220; x_wconf 83' lang='lat' dir='ltr'>excommu-</span> 
     </span>
     <span class='ocr_line' id='line_1_68' title="bbox 1288 1242 2300 1281; baseline 0.002 -11"><span class='ocrx_word' id='word_1_467' title='bbox 1288 1242 1418 1272; x_wconf 85' lang='lat' dir='ltr'>nicatus</span> <span class='ocrx_word' id='word_1_468' title='bbox 1440 1242 1527 1281; x_wconf 85' lang='lat' dir='ltr'>juris</span> <span class='ocrx_word' id='word_1_469' title='bbox 1550 1242 1818 1272; x_wconf 88' lang='lat' dir='ltr'>communionem</span> <span class='ocrx_word' id='word_1_470' title='bbox 1839 1251 1904 1272; x_wconf 90' lang='lat' dir='ltr'>non</span> <span class='ocrx_word' id='word_1_471' title='bbox 1927 1242 2062 1275; x_wconf 82' lang='lat' dir='ltr'>habeat.</span> <span class='ocrx_word' id='word_1_472' title='bbox 2081 1247 2111 1273; x_wconf 90' lang='lat' dir='ltr'>et</span> <span class='ocrx_word' id='word_1_473' title='bbox 2129 1243 2300 1273; x_wconf 89' lang='lat' dir='ltr'>canonicis</span> 
     </span>
     <span class='ocr_line' id='line_1_69' title="bbox 1288 1295 2299 1335; baseline 0.002 -11"><span class='ocrx_word' id='word_1_474' title='bbox 1288 1295 1518 1325; x_wconf 85' lang='lat' dir='ltr'>sanctionibus</span> <span class='ocrx_word' id='word_1_475' title='bbox 1540 1295 1583 1325; x_wconf 84' lang='lat' dir='ltr'>sit</span> <span class='ocrx_word' id='word_1_476' title='bbox 1604 1304 1795 1334; x_wconf 82' lang='lat' dir='ltr'>expressum</span> <span class='ocrx_word' id='word_1_477' title='bbox 1819 1295 1922 1335; x_wconf 84' lang='lat' dir='ltr'>quod,</span> <span class='ocrx_word' id='word_1_478' title='bbox 1944 1295 1973 1325; x_wconf 92' lang='lat' dir='ltr'>si</span> <span class='ocrx_word' id='word_1_479' title='bbox 1994 1296 2299 1326; x_wconf 84' lang='lat' dir='ltr'>excommunicatus</span> 
     </span>
     <span class='ocr_line' id='line_1_70' title="bbox 1287 1348 2301 1387; baseline 0.003 -11"><span class='ocrx_word' id='word_1_480' title='bbox 1287 1348 1629 1378; x_wconf 81' lang='lat' dir='ltr'>excommunicatione</span> <span class='ocrx_word' id='word_1_481' title='bbox 1655 1348 1754 1378; x_wconf 90' lang='lat' dir='ltr'>tacita</span> <span class='ocrx_word' id='word_1_482' title='bbox 1778 1348 1976 1387; x_wconf 83' lang='lat' dir='ltr'>rescriptum</span> <span class='ocrx_word' id='word_1_483' title='bbox 2000 1349 2238 1387; x_wconf 73' lang='lat' dir='ltr'>impetraverit,</span> <span class='ocrx_word' id='word_1_484' title='bbox 2262 1349 2301 1380; x_wconf 87' lang='lat' dir='ltr'>de</span> 
     </span>
     <span class='ocr_line' id='line_1_71' title="bbox 1287 1399 2300 1440; baseline 0.002 -11"><span class='ocrx_word' id='word_1_485' title='bbox 1287 1399 1474 1438; x_wconf 85' lang='lat' dir='ltr'>impetratis</span> <span class='ocrx_word' id='word_1_486' title='bbox 1493 1401 1665 1430; x_wconf 91' lang='lat' dir='ltr'>comodum</span> <span class='ocrx_word' id='word_1_487' title='bbox 1684 1410 1749 1431; x_wconf 90' lang='lat' dir='ltr'>non</span> <span class='ocrx_word' id='word_1_488' title='bbox 1774 1405 1928 1439; x_wconf 87' lang='lat' dir='ltr'>reportet.</span> <span class='ocrx_word' id='word_1_489' title='bbox 1954 1402 2017 1431; x_wconf 85' lang='lat' dir='ltr'>Pro</span> <span class='ocrx_word' id='word_1_490' title='bbox 2039 1406 2131 1440; x_wconf 88' lang='lat' dir='ltr'>parte</span> <span class='ocrx_word' id='word_1_491' title='bbox 2155 1411 2231 1432; x_wconf 82' lang='lat' dir='ltr'>vero</span> <span class='ocrx_word' id='word_1_492' title='bbox 2252 1411 2300 1432; x_wconf 83' lang='lat' dir='ltr'>ar-</span> 
     </span>
     <span class='ocr_line' id='line_1_72' title="bbox 1288 1453 2301 1493; baseline 0.001 -10"><span class='ocrx_word' id='word_1_493' title='bbox 1288 1453 1490 1492; x_wconf 82' lang='lat' dir='ltr'>chiepiscopi</span> <span class='ocrx_word' id='word_1_494' title='bbox 1508 1454 1648 1492; x_wconf 86' lang='lat' dir='ltr'>sepefati</span> <span class='ocrx_word' id='word_1_495' title='bbox 1666 1454 1729 1483; x_wconf 83' lang='lat' dir='ltr'>fuit</span> <span class='ocrx_word' id='word_1_496' title='bbox 1755 1463 1792 1484; x_wconf 88' lang='lat' dir='ltr'>ex</span> <span class='ocrx_word' id='word_1_497' title='bbox 1810 1454 1947 1484; x_wconf 77' lang='lat' dir='ltr'>adverso</span> <span class='ocrx_word' id='word_1_498' title='bbox 1968 1462 2163 1492; x_wconf 89' lang='lat' dir='ltr'>responsum</span> <span class='ocrx_word' id='word_1_499' title='bbox 2184 1463 2301 1493; x_wconf 82' lang='lat' dir='ltr'>excep-</span> 
     </span>
     <span class='ocr_line' id='line_1_73' title="bbox 1289 1506 2299 1546; baseline 0.001 -11"><span class='ocrx_word' id='word_1_500' title='bbox 1289 1506 1396 1536; x_wconf 86' lang='lat' dir='ltr'>tiones</span> <span class='ocrx_word' id='word_1_501' title='bbox 1416 1506 1606 1545; x_wconf 83' lang='lat' dir='ltr'>hujusmodi</span> <span class='ocrx_word' id='word_1_502' title='bbox 1625 1507 1694 1536; x_wconf 84' lang='lat' dir='ltr'>fore</span> <span class='ocrx_word' id='word_1_503' title='bbox 1713 1506 1906 1536; x_wconf 85' lang='lat' dir='ltr'>nullatenus</span> <span class='ocrx_word' id='word_1_504' title='bbox 1929 1506 2169 1537; x_wconf 88' lang='lat' dir='ltr'>admittendas.</span> <span class='ocrx_word' id='word_1_505' title='bbox 2195 1507 2299 1546; x_wconf 85' lang='lat' dir='ltr'>quod,</span> 
     </span>
     <span class='ocr_line' id='line_1_74' title="bbox 1289 1559 2302 1598; baseline 0 -8"><span class='ocrx_word' id='word_1_506' title='bbox 1289 1563 1320 1590; x_wconf 86' lang='lat' dir='ltr'>et</span> <span class='ocrx_word' id='word_1_507' title='bbox 1336 1560 1364 1590; x_wconf 90' lang='lat' dir='ltr'>si</span> <span class='ocrx_word' id='word_1_508' title='bbox 1381 1559 1419 1589; x_wconf 91' lang='lat' dir='ltr'>de</span> <span class='ocrx_word' id='word_1_509' title='bbox 1436 1559 1518 1598; x_wconf 92' lang='lat' dir='ltr'>ipsis</span> <span class='ocrx_word' id='word_1_510' title='bbox 1538 1564 1721 1595; x_wconf 84' lang='lat' dir='ltr'>constaret,</span> <span class='ocrx_word' id='word_1_511' title='bbox 1740 1560 1937 1598; x_wconf 88' lang='lat' dir='ltr'>rescriptum</span> <span class='ocrx_word' id='word_1_512' title='bbox 1957 1560 2197 1590; x_wconf 86' lang='lat' dir='ltr'>nichilominus</span> <span class='ocrx_word' id='word_1_513' title='bbox 2218 1560 2302 1590; x_wconf 81' lang='lat' dir='ltr'>vali-</span> 
     </span>
     <span class='ocr_line' id='line_1_75' title="bbox 1289 1613 2302 1651; baseline -0.001 -8"><span class='ocrx_word' id='word_1_514' title='bbox 1289 1614 1366 1643; x_wconf 90' lang='lat' dir='ltr'>dum</span> <span class='ocrx_word' id='word_1_515' title='bbox 1391 1617 1579 1643; x_wconf 87' lang='lat' dir='ltr'>remaneret</span> <span class='ocrx_word' id='word_1_516' title='bbox 1603 1623 1608 1641; x_wconf 90' lang='lat'>:</span> <span class='ocrx_word' id='word_1_517' title='bbox 1636 1622 1710 1642; x_wconf 89' lang='lat' dir='ltr'>cum</span> <span class='ocrx_word' id='word_1_518' title='bbox 1736 1613 1825 1642; x_wconf 91' lang='lat' dir='ltr'>enim</span> <span class='ocrx_word' id='word_1_519' title='bbox 1851 1613 1885 1641; x_wconf 94' lang='lat' dir='ltr'>in</span> <span class='ocrx_word' id='word_1_520' title='bbox 1909 1613 2035 1651; x_wconf 88' lang='lat' dir='ltr'>judicio</span> <span class='ocrx_word' id='word_1_521' title='bbox 2061 1613 2102 1642; x_wconf 89' lang='lat' dir='ltr'>ad</span> <span class='ocrx_word' id='word_1_522' title='bbox 2122 1613 2209 1651; x_wconf 80' lang='lat' dir='ltr'>quod</span> <span class='ocrx_word' id='word_1_523' title='bbox 2226 1622 2302 1643; x_wconf 88' lang='lat' dir='ltr'>eum</span> 
     </span>
     <span class='ocr_line' id='line_1_76' title="bbox 1289 1665 2301 1700; baseline -0.001 -4"><span class='ocrx_word' id='word_1_524' title='bbox 1289 1666 1481 1697; x_wconf 84' lang='lat' dir='ltr'>Electenses</span> <span class='ocrx_word' id='word_1_525' title='bbox 1503 1665 1659 1695; x_wconf 86' lang='lat' dir='ltr'>monachi</span> <span class='ocrx_word' id='word_1_526' title='bbox 1688 1665 1819 1695; x_wconf 86' lang='lat' dir='ltr'>trahere</span> <span class='ocrx_word' id='word_1_527' title='bbox 1848 1665 2056 1700; x_wconf 85' lang='lat' dir='ltr'>nitebantur,</span> <span class='ocrx_word' id='word_1_528' title='bbox 2082 1666 2166 1695; x_wconf 87' lang='lat' dir='ltr'>idem</span> <span class='ocrx_word' id='word_1_529' title='bbox 2197 1666 2301 1695; x_wconf 89' lang='lat' dir='ltr'>archi-</span> 
     </span>
     <span class='ocr_line' id='line_1_77' title="bbox 1289 1719 2302 1758; baseline 0 -9"><span class='ocrx_word' id='word_1_530' title='bbox 1289 1720 1475 1758; x_wconf 83' lang='lat' dir='ltr'>episcopus.</span> <span class='ocrx_word' id='word_1_531' title='bbox 1494 1724 1604 1758; x_wconf 86' lang='lat' dir='ltr'>partes</span> <span class='ocrx_word' id='word_1_532' title='bbox 1621 1719 1792 1749; x_wconf 88' lang='lat' dir='ltr'>sustinens</span> <span class='ocrx_word' id='word_1_533' title='bbox 1810 1719 2008 1749; x_wconf 81' lang='lat' dir='ltr'>defensoris.</span> <span class='ocrx_word' id='word_1_534' title='bbox 2025 1730 2040 1748; x_wconf 93' lang='lat' dir='ltr'>a</span> <span class='ocrx_word' id='word_1_535' title='bbox 2061 1719 2302 1757; x_wconf 84' lang='lat' dir='ltr'>prenominatis</span> 
     </span>
     <span class='ocr_line' id='line_1_78' title="bbox 1285 1772 2301 1812; baseline -0.002 -9"><span class='ocrx_word' id='word_1_536' title='bbox 1285 1773 1471 1812; x_wconf 87' lang='lat' dir='ltr'>judicibus,</span> <span class='ocrx_word' id='word_1_537' title='bbox 1492 1773 1521 1802; x_wconf 88' lang='lat' dir='ltr'>si</span> <span class='ocrx_word' id='word_1_538' title='bbox 1539 1772 1670 1811; x_wconf 83' lang='lat' dir='ltr'>judices</span> <span class='ocrx_word' id='word_1_539' title='bbox 1691 1772 1757 1801; x_wconf 87' lang='lat' dir='ltr'>dici</span> <span class='ocrx_word' id='word_1_540' title='bbox 1780 1777 1951 1811; x_wconf 86' lang='lat' dir='ltr'>poterant.</span> <span class='ocrx_word' id='word_1_541' title='bbox 1970 1777 2102 1810; x_wconf 87' lang='lat' dir='ltr'>propter</span> <span class='ocrx_word' id='word_1_542' title='bbox 2123 1781 2301 1809; x_wconf 74' lang='lat' dir='ltr'>gravamen</span> 
     </span>
     <span class='ocr_line' id='line_1_79' title="bbox 1289 1825 2303 1864; baseline -0.001 -8"><span class='ocrx_word' id='word_1_543' title='bbox 1289 1826 1425 1856; x_wconf 84' lang='lat' dir='ltr'>evidens</span> <span class='ocrx_word' id='word_1_544' title='bbox 1442 1825 1639 1864; x_wconf 78' lang='lat' dir='ltr'>appellasset</span> <span class='ocrx_word' id='word_1_545' title='bbox 1663 1825 1760 1864; x_wconf 86' lang='lat' dir='ltr'>(quod</span> <span class='ocrx_word' id='word_1_546' title='bbox 1777 1834 1832 1855; x_wconf 89' lang='lat' dir='ltr'>reo</span> <span class='ocrx_word' id='word_1_547' title='bbox 1852 1825 1968 1860; x_wconf 83' lang='lat' dir='ltr'>licere,</span> <span class='ocrx_word' id='word_1_548' title='bbox 1988 1825 2016 1855; x_wconf 85' lang='lat' dir='ltr'>si</span> <span class='ocrx_word' id='word_1_549' title='bbox 2036 1826 2303 1856; x_wconf 82' lang='lat' dir='ltr'>excommunica-</span> 
     </span>
     <span class='ocr_line' id='line_1_80' title="bbox 1288 1878 2302 1917; baseline 0 -8"><span class='ocrx_word' id='word_1_550' title='bbox 1288 1883 1341 1909; x_wconf 87' lang='lat' dir='ltr'>tus</span> <span class='ocrx_word' id='word_1_551' title='bbox 1358 1879 1470 1914; x_wconf 88' lang='lat' dir='ltr'>fuerit,</span> <span class='ocrx_word' id='word_1_552' title='bbox 1487 1883 1620 1908; x_wconf 89' lang='lat' dir='ltr'>cautum</span> <span class='ocrx_word' id='word_1_553' title='bbox 1633 1883 1681 1908; x_wconf 87' lang='lat' dir='ltr'>est</span> <span class='ocrx_word' id='word_1_554' title='bbox 1694 1879 1853 1908; x_wconf 87' lang='lat' dir='ltr'>canonica</span> <span class='ocrx_word' id='word_1_555' title='bbox 1865 1879 2061 1917; x_wconf 69' lang='lat' dir='ltr'>sanctione),</span> <span class='ocrx_word' id='word_1_556' title='bbox 2075 1878 2302 1917; x_wconf 87' lang='lat' dir='ltr'>proculdubio</span> 
     </span>
     <span class='ocr_line' id='line_1_81' title="bbox 1289 1931 2302 1971; baseline 0 -9"><span class='ocrx_word' id='word_1_557' title='bbox 1289 1932 1345 1971; x_wconf 85' lang='lat' dir='ltr'>qui</span> <span class='ocrx_word' id='word_1_558' title='bbox 1363 1931 1528 1970; x_wconf 88' lang='lat' dir='ltr'>appellare</span> <span class='ocrx_word' id='word_1_559' title='bbox 1545 1931 1662 1969; x_wconf 70' lang='lat' dir='ltr'>potuit,</span> <span class='ocrx_word' id='word_1_560' title='bbox 1681 1940 1780 1969; x_wconf 87' lang='lat' dir='ltr'>super</span> <span class='ocrx_word' id='word_1_561' title='bbox 1797 1931 2017 1969; x_wconf 85' lang='lat' dir='ltr'>appellatione</span> <span class='ocrx_word' id='word_1_562' title='bbox 2037 1941 2094 1961; x_wconf 91' lang='lat' dir='ltr'>sua</span> <span class='ocrx_word' id='word_1_563' title='bbox 2112 1941 2169 1970; x_wconf 89' lang='lat' dir='ltr'>per</span> <span class='ocrx_word' id='word_1_564' title='bbox 2185 1941 2302 1962; x_wconf 82' lang='lat' dir='ltr'>conse-</span> 
     </span>
     <span class='ocr_line' id='line_1_82' title="bbox 1288 1984 2302 2024; baseline -0.002 -9"><span class='ocrx_word' id='word_1_565' title='bbox 1288 1994 1394 2024; x_wconf 86' lang='lat' dir='ltr'>quens</span> <span class='ocrx_word' id='word_1_566' title='bbox 1420 1985 1617 2023; x_wconf 88' lang='lat' dir='ltr'>rescriptum</span> <span class='ocrx_word' id='word_1_567' title='bbox 1644 1984 1748 2022; x_wconf 86' lang='lat' dir='ltr'>potuit</span> <span class='ocrx_word' id='word_1_568' title='bbox 1776 1985 1974 2022; x_wconf 82' lang='lat' dir='ltr'>i1up‹·tra1·e;</span> <span class='ocrx_word' id='word_1_569' title='bbox 2000 1984 2148 2023; x_wconf 84' lang='lat' dir='ltr'>alioquin</span> <span class='ocrx_word' id='word_1_570' title='bbox 2175 1984 2221 2013; x_wconf 92' lang='lat' dir='ltr'>nil</span> <span class='ocrx_word' id='word_1_571' title='bbox 2249 1994 2302 2023; x_wconf 89' lang='lat' dir='ltr'>ap-</span> 
     </span>
     <span class='ocr_line' id='line_1_83' title="bbox 1286 2037 2301 2077; baseline 0 -9"><span class='ocrx_word' id='word_1_572' title='bbox 1286 2038 1411 2077; x_wconf 88' lang='lat' dir='ltr'>pellare</span> <span class='ocrx_word' id='word_1_573' title='bbox 1427 2038 1613 2076; x_wconf 80' lang='lat' dir='ltr'>prodesset,</span> <span class='ocrx_word' id='word_1_574' title='bbox 1638 2037 1665 2067; x_wconf 85' lang='lat' dir='ltr'>si</span> <span class='ocrx_word' id='word_1_575' title='bbox 1683 2037 1939 2075; x_wconf 86' lang='lat' dir='ltr'>appellationem</span> <span class='ocrx_word' id='word_1_576' title='bbox 1962 2038 2118 2076; x_wconf 80' lang='lat' dir='ltr'>prosequi</span> <span class='ocrx_word' id='word_1_577' title='bbox 2138 2047 2202 2067; x_wconf 84' lang='lat' dir='ltr'>non</span> <span class='ocrx_word' id='word_1_578' title='bbox 2221 2037 2301 2068; x_wconf 87' lang='lat' dir='ltr'>lice-</span> 
     </span>
     <span class='ocr_line' id='line_1_84' title="bbox 1287 2090 2301 2130; baseline -0.003 -8"><span class='ocrx_word' id='word_1_579' title='bbox 1287 2096 1354 2126; x_wconf 84' lang='lat' dir='ltr'>ret,</span> <span class='ocrx_word' id='word_1_580' title='bbox 1378 2091 1553 2130; x_wconf 85' lang='lat' dir='ltr'>presertim</span> <span class='ocrx_word' id='word_1_581' title='bbox 1570 2100 1644 2120; x_wconf 84' lang='lat' dir='ltr'>cum</span> <span class='ocrx_word' id='word_1_582' title='bbox 1662 2090 1945 2120; x_wconf 83' lang='lat' dir='ltr'>excommunicato</span> <span class='ocrx_word' id='word_1_583' title='bbox 1966 2099 2020 2120; x_wconf 88' lang='lat' dir='ltr'>reo</span> <span class='ocrx_word' id='word_1_584' title='bbox 2032 2091 2119 2129; x_wconf 86' lang='lat' dir='ltr'>juris</span> <span class='ocrx_word' id='word_1_585' title='bbox 2141 2090 2301 2129; x_wconf 72' lang='lat' dir='ltr'>sutl&#39;ragia</span> 
     </span>
     <span class='ocr_line' id='line_1_85' title="bbox 1289 2142 2300 2182; baseline -0.003 -8"><span class='ocrx_word' id='word_1_586' title='bbox 1289 2154 1353 2174; x_wconf 91' lang='lat' dir='ltr'>non</span> <span class='ocrx_word' id='word_1_587' title='bbox 1381 2148 1559 2181; x_wconf 61' lang='lat' dir='ltr'>negentur,</span> <span class='ocrx_word' id='word_1_588' title='bbox 1585 2144 1672 2173; x_wconf 89' lang='lat' dir='ltr'>inter</span> <span class='ocrx_word' id='word_1_589' title='bbox 1694 2152 1757 2182; x_wconf 85' lang='lat' dir='ltr'>que</span> <span class='ocrx_word' id='word_1_590' title='bbox 1780 2142 1910 2172; x_wconf 74' lang='lat' dir='ltr'>videnu-</span> <span class='ocrx_word' id='word_1_591' title='bbox 1934 2143 2124 2181; x_wconf 87' lang='lat' dir='ltr'>impetratio</span> <span class='ocrx_word' id='word_1_592' title='bbox 2147 2143 2300 2181; x_wconf 68' lang='lat' dir='ltr'>rescripti</span> 
     </span>
     <span class='ocr_line' id='line_1_86' title="bbox 1287 2196 2300 2235; baseline -0.002 -8"><span class='ocrx_word' id='word_1_593' title='bbox 1287 2198 1406 2228; x_wconf 89' lang='lat' dir='ltr'>merito</span> <span class='ocrx_word' id='word_1_594' title='bbox 1423 2197 1640 2231; x_wconf 86' lang='lat' dir='ltr'>numeranda,</span> <span class='ocrx_word' id='word_1_595' title='bbox 1660 2205 1723 2225; x_wconf 90' lang='lat' dir='ltr'>non</span> <span class='ocrx_word' id='word_1_596' title='bbox 1740 2196 1950 2226; x_wconf 80' lang='lat' dir='ltr'>obstantibus</span> <span class='ocrx_word' id='word_1_597' title='bbox 1963 2196 2096 2235; x_wconf 85' lang='lat' dir='ltr'>juribus</span> <span class='ocrx_word' id='word_1_598' title='bbox 2118 2206 2180 2234; x_wconf 84' lang='lat' dir='ltr'>que</span> <span class='ocrx_word' id='word_1_599' title='bbox 2196 2196 2300 2234; x_wconf 89' lang='lat' dir='ltr'>impe-</span> 
     </span>
     <span class='ocr_line' id='line_1_87' title="bbox 1288 2236 2300 2288; baseline -0.003 -7"><span class='ocrx_word' id='word_1_600' title='bbox 1288 2256 1374 2281; x_wconf 88' lang='lat' dir='ltr'>trata</span> <span class='ocrx_word' id='word_1_601' title='bbox 1395 2251 1555 2288; x_wconf 84' lang='lat' dir='ltr'>rescripta</span> <span class='ocrx_word' id='word_1_602' title='bbox 1573 2250 1612 2279; x_wconf 91' lang='lat' dir='ltr'>ab</span> <span class='ocrx_word' id='word_1_603' title='bbox 1633 2236 1928 2280; x_wconf 81' lang='lat' dir='ltr'>excommunicatis</span> <span class='ocrx_word' id='word_1_604' title='bbox 1949 2253 2125 2284; x_wconf 76' lang='lat' dir='ltr'>evacuant,</span> <span class='ocrx_word' id='word_1_605' title='bbox 2145 2258 2206 2288; x_wconf 72' lang='lat' dir='ltr'>que</span> <span class='ocrx_word' id='word_1_606' title='bbox 2225 2249 2300 2288; x_wconf 81' lang='lat' dir='ltr'>qui-</span> 
     </span>
     <span class='ocr_line' id='line_1_88' title="bbox 1287 2302 2301 2335; baseline -0.004 0"><span class='ocrx_word' id='word_1_607' title='bbox 1287 2305 1358 2335; x_wconf 90' lang='lat' dir='ltr'>dem</span> <span class='ocrx_word' id='word_1_608' title='bbox 1385 2305 1419 2334; x_wconf 91' lang='lat' dir='ltr'>in</span> <span class='ocrx_word' id='word_1_609' title='bbox 1445 2308 1554 2334; x_wconf 86' lang='lat' dir='ltr'>actore</span> <span class='ocrx_word' id='word_1_610' title='bbox 1582 2303 1689 2333; x_wconf 89' lang='lat' dir='ltr'>locum</span> <span class='ocrx_word' id='word_1_611' title='bbox 1716 2302 1781 2332; x_wconf 89' lang='lat' dir='ltr'>sibi</span> <span class='ocrx_word' id='word_1_612' title='bbox 1810 2302 1984 2332; x_wconf 82' lang='lat' dir='ltr'>vendicare</span> <span class='ocrx_word' id='word_1_613' title='bbox 2015 2302 2180 2332; x_wconf 76' lang='lat' dir='ltr'>dumtaxat</span> <span class='ocrx_word' id='word_1_614' title='bbox 2214 2302 2301 2332; x_wconf 86' lang='lat' dir='ltr'>idem</span> 
     </span>
     <span class='ocr_line' id='line_1_89' title="bbox 1287 2354 2301 2396; baseline -0.004 -8"><span class='ocrx_word' id='word_1_615' title='bbox 1287 2357 1557 2396; x_wconf 86' lang='lat' dir='ltr'>archiepiscopus</span> <span class='ocrx_word' id='word_1_616' title='bbox 1585 2355 1766 2386; x_wconf 86' lang='lat' dir='ltr'>asserebat.</span> <span class='ocrx_word' id='word_1_617' title='bbox 1794 2354 1843 2385; x_wconf 82' lang='lat' dir='ltr'>Ad</span> <span class='ocrx_word' id='word_1_618' title='bbox 1868 2354 1927 2385; x_wconf 91' lang='lat' dir='ltr'>hec</span> <span class='ocrx_word' id='word_1_619' title='bbox 1954 2355 2065 2394; x_wconf 84' lang='lat' dir='ltr'>itaque</span> <span class='ocrx_word' id='word_1_620' title='bbox 2093 2364 2168 2393; x_wconf 67' lang='lat' dir='ltr'>pars</span> <span class='ocrx_word' id='word_1_621' title='bbox 2197 2354 2301 2384; x_wconf 88' lang='lat' dir='ltr'>altera</span> 
     </span>
     <span class='ocr_line' id='line_1_90' title="bbox 1286 2408 2301 2450; baseline -0.004 -9"><span class='ocrx_word' id='word_1_622' title='bbox 1286 2410 1468 2450; x_wconf 88' lang='lat' dir='ltr'>replicabat</span> <span class='ocrx_word' id='word_1_623' title='bbox 1484 2409 1588 2449; x_wconf 84' lang='lat' dir='ltr'>quod,</span> <span class='ocrx_word' id='word_1_624' title='bbox 1611 2414 1641 2439; x_wconf 91' lang='lat' dir='ltr'>et</span> <span class='ocrx_word' id='word_1_625' title='bbox 1657 2409 1686 2439; x_wconf 89' lang='lat' dir='ltr'>si</span> <span class='ocrx_word' id='word_1_626' title='bbox 1705 2409 1739 2438; x_wconf 92' lang='lat' dir='ltr'>in</span> <span class='ocrx_word' id='word_1_627' title='bbox 1758 2408 1865 2447; x_wconf 90' lang='lat' dir='ltr'>primo</span> <span class='ocrx_word' id='word_1_628' title='bbox 1883 2408 2010 2448; x_wconf 85' lang='lat' dir='ltr'>judicio</span> <span class='ocrx_word' id='word_1_629' title='bbox 2027 2409 2230 2447; x_wconf 85' lang='lat' dir='ltr'>prescriptus</span> <span class='ocrx_word' id='word_1_630' title='bbox 2248 2417 2301 2437; x_wconf 90' lang='lat' dir='ltr'>ar-</span> 
     </span>
     <span class='ocr_line' id='line_1_91' title="bbox 1288 2461 2299 2502; baseline -0.005 -8"><span class='ocrx_word' id='word_1_631' title='bbox 1288 2464 1538 2502; x_wconf 87' lang='lat' dir='ltr'>chiepiscopus,</span> <span class='ocrx_word' id='word_1_632' title='bbox 1559 2466 1595 2493; x_wconf 86' lang='lat' dir='ltr'>ut</span> <span class='ocrx_word' id='word_1_633' title='bbox 1615 2462 1760 2497; x_wconf 88' lang='lat' dir='ltr'>dicebat,</span> <span class='ocrx_word' id='word_1_634' title='bbox 1779 2470 1855 2491; x_wconf 90' lang='lat' dir='ltr'>reus</span> <span class='ocrx_word' id='word_1_635' title='bbox 1878 2461 1997 2496; x_wconf 83' lang='lat' dir='ltr'>fuerit,</span> <span class='ocrx_word' id='word_1_636' title='bbox 2016 2466 2045 2491; x_wconf 85' lang='lat' dir='ltr'>et</span> <span class='ocrx_word' id='word_1_637' title='bbox 2063 2470 2246 2499; x_wconf 76' lang='lat' dir='ltr'>possessor,</span> <span class='ocrx_word' id='word_1_638' title='bbox 2265 2461 2299 2490; x_wconf 91' lang='lat' dir='ltr'>in</span> 
     </span>
     <span class='ocr_line' id='line_1_92' title="bbox 1287 2513 2299 2554; baseline -0.005 -7"><span class='ocrx_word' id='word_1_639' title='bbox 1287 2516 1349 2547; x_wconf 87' lang='lat' dir='ltr'>hoc</span> <span class='ocrx_word' id='word_1_640' title='bbox 1372 2521 1498 2551; x_wconf 81' lang='lat' dir='ltr'>tamen,</span> <span class='ocrx_word' id='word_1_641' title='bbox 1519 2515 1730 2554; x_wconf 86' lang='lat' dir='ltr'>possessione</span> <span class='ocrx_word' id='word_1_642' title='bbox 1756 2514 1796 2544; x_wconf 88' lang='lat' dir='ltr'>ad</span> <span class='ocrx_word' id='word_1_643' title='bbox 1818 2514 1900 2544; x_wconf 89' lang='lat' dir='ltr'>alios</span> <span class='ocrx_word' id='word_1_644' title='bbox 1918 2514 1986 2553; x_wconf 82' lang='lat' dir='ltr'>jam</span> <span class='ocrx_word' id='word_1_645' title='bbox 2012 2513 2185 2544; x_wconf 85' lang='lat' dir='ltr'>translata.</span> <span class='ocrx_word' id='word_1_646' title='bbox 2212 2514 2299 2543; x_wconf 83' lang='lat' dir='ltr'>idem</span> 
     </span>
     <span class='ocr_line' id='line_1_93' title="bbox 1287 2566 2299 2608; baseline -0.005 -8"><span class='ocrx_word' id='word_1_647' title='bbox 1287 2569 1558 2608; x_wconf 88' lang='lat' dir='ltr'>archiepiscopus</span> <span class='ocrx_word' id='word_1_648' title='bbox 1581 2573 1690 2607; x_wconf 87' lang='lat' dir='ltr'>partes</span> <span class='ocrx_word' id='word_1_649' title='bbox 1717 2568 1860 2598; x_wconf 87' lang='lat' dir='ltr'>sustinet</span> <span class='ocrx_word' id='word_1_650' title='bbox 1882 2567 2054 2606; x_wconf 73' lang='lat' dir='ltr'>petitoris;</span> <span class='ocrx_word' id='word_1_651' title='bbox 2082 2567 2168 2606; x_wconf 83' lang='lat' dir='ltr'>quod</span> <span class='ocrx_word' id='word_1_652' title='bbox 2194 2571 2224 2596; x_wconf 88' lang='lat' dir='ltr'>et</span> <span class='ocrx_word' id='word_1_653' title='bbox 2249 2566 2299 2605; x_wconf 92' lang='lat' dir='ltr'>ip-</span> 
     </span>
     <span class='ocr_line' id='line_1_94' title="bbox 1288 2618 2299 2662; baseline -0.006 -8"><span class='ocrx_word' id='word_1_654' title='bbox 1288 2623 1359 2654; x_wconf 85' lang='lat' dir='ltr'>sius</span> <span class='ocrx_word' id='word_1_655' title='bbox 1383 2622 1608 2662; x_wconf 86' lang='lat' dir='ltr'>possessionis</span> <span class='ocrx_word' id='word_1_656' title='bbox 1635 2620 1808 2651; x_wconf 89' lang='lat' dir='ltr'>translatio</span> <span class='ocrx_word' id='word_1_657' title='bbox 1832 2625 1864 2650; x_wconf 88' lang='lat' dir='ltr'>et</span> <span class='ocrx_word' id='word_1_658' title='bbox 1889 2619 2130 2658; x_wconf 85' lang='lat' dir='ltr'>postulatoris¹</span> <span class='ocrx_word' id='word_1_659' title='bbox 2154 2618 2299 2658; x_wconf 86' lang='lat' dir='ltr'>qualitas</span> 
     </span>
     <span class='ocr_line' id='line_1_95' title="bbox 1287 2671 2299 2711; baseline -0.006 -5"><span class='ocrx_word' id='word_1_660' title='bbox 1287 2675 1455 2706; x_wconf 87' lang='lat' dir='ltr'>declarare</span> <span class='ocrx_word' id='word_1_661' title='bbox 1479 2675 1650 2709; x_wconf 75' lang='lat' dir='ltr'>videntur3</span> <span class='ocrx_word' id='word_1_662' title='bbox 1674 2678 1703 2704; x_wconf 89' lang='lat' dir='ltr'>et</span> <span class='ocrx_word' id='word_1_663' title='bbox 1725 2673 1798 2703; x_wconf 90' lang='lat' dir='ltr'>ideo</span> <span class='ocrx_word' id='word_1_664' title='bbox 1826 2672 1921 2702; x_wconf 87' lang='lat' dir='ltr'>debet</span> <span class='ocrx_word' id='word_1_665' title='bbox 1947 2677 2113 2711; x_wconf 88' lang='lat' dir='ltr'>tamquam</span> <span class='ocrx_word' id='word_1_666' title='bbox 2142 2676 2231 2700; x_wconf 90' lang='lat' dir='ltr'>actor</span> <span class='ocrx_word' id='word_1_667' title='bbox 2257 2671 2299 2700; x_wconf 89' lang='lat' dir='ltr'>si-</span> 
     </span>
     <span class='ocr_line' id='line_1_96' title="bbox 1287 2723 2297 2764; baseline -0.007 -5"><span class='ocrx_word' id='word_1_668' title='bbox 1287 2728 1371 2764; x_wconf 87' lang='lat' dir='ltr'>lere,</span> <span class='ocrx_word' id='word_1_669' title='bbox 1400 2727 1583 2759; x_wconf 88' lang='lat' dir='ltr'>secundum</span> <span class='ocrx_word' id='word_1_670' title='bbox 1609 2726 1841 2763; x_wconf 62' lang='lat' dir='ltr'>allegationem</span> <span class='ocrx_word' id='word_1_671' title='bbox 1872 2724 2037 2763; x_wconf 89' lang='lat' dir='ltr'>propriam</span> <span class='ocrx_word' id='word_1_672' title='bbox 2068 2723 2297 2762; x_wconf 79' lang='lat' dir='ltr'>repellendus3</span> 
     </span>
     <span class='ocr_line' id='line_1_97' title="bbox 1288 2778 2300 2817; baseline -0.007 -5"><span class='ocrx_word' id='word_1_673' title='bbox 1288 2791 1365 2812; x_wconf 90' lang='lat' dir='ltr'>nam</span> <span class='ocrx_word' id='word_1_674' title='bbox 1382 2786 1413 2812; x_wconf 93' lang='lat' dir='ltr'>et</span> <span class='ocrx_word' id='word_1_675' title='bbox 1430 2781 1458 2811; x_wconf 88' lang='lat' dir='ltr'>si</span> <span class='ocrx_word' id='word_1_676' title='bbox 1477 2790 1554 2811; x_wconf 91' lang='lat' dir='ltr'>reus</span> <span class='ocrx_word' id='word_1_677' title='bbox 1572 2780 1694 2810; x_wconf 80' lang='lat' dir='ltr'>adhuc,</span> <span class='ocrx_word' id='word_1_678' title='bbox 1713 2783 1804 2817; x_wconf 86' lang='lat' dir='ltr'>prout</span> <span class='ocrx_word' id='word_1_679' title='bbox 1831 2778 1969 2812; x_wconf 79' lang='lat' dir='ltr'>asserit,</span> <span class='ocrx_word' id='word_1_680' title='bbox 1990 2781 2193 2811; x_wconf 81' lang='lat' dir='ltr'>censeretur,</span> <span class='ocrx_word' id='word_1_681' title='bbox 2212 2780 2300 2806; x_wconf 85' lang='lat' dir='ltr'>esset</span> 
     </span>
     <span class='ocr_line' id='line_1_98' title="bbox 1288 2828 2298 2872; baseline -0.008 -7"><span class='ocrx_word' id='word_1_682' title='bbox 1288 2839 1398 2865; x_wconf 90' lang='lat' dir='ltr'>tamen</span> <span class='ocrx_word' id='word_1_683' title='bbox 1421 2834 1619 2872; x_wconf 86' lang='lat' dir='ltr'>rescriptum</span> <span class='ocrx_word' id='word_1_684' title='bbox 1646 2841 1785 2862; x_wconf 78' lang='lat' dir='ltr'>vacuum</span> <span class='ocrx_word' id='word_1_685' title='bbox 1807 2835 1837 2861; x_wconf 90' lang='lat' dir='ltr'>et</span> <span class='ocrx_word' id='word_1_686' title='bbox 1860 2830 1978 2865; x_wconf 90' lang='lat' dir='ltr'>inane,</span> <span class='ocrx_word' id='word_1_687' title='bbox 2003 2838 2077 2859; x_wconf 87' lang='lat' dir='ltr'>cum</span> <span class='ocrx_word' id='word_1_688' title='bbox 2100 2829 2132 2858; x_wconf 91' lang='lat' dir='ltr'>in</span> <span class='ocrx_word' id='word_1_689' title='bbox 2157 2828 2298 2867; x_wconf 81' lang='lat' dir='ltr'>quadam</span> 
     </span>
    </p>
   </div>
   <div class='ocr_carea' id='block_1_9' title="bbox 1324 2945 1663 2971">
    <p class='ocr_par' dir='ltr' id='par_1_9' title="bbox 1324 2945 1663 2971">
     <span class='ocr_line' id='line_1_99' title="bbox 1324 2945 1663 2971; baseline -0.009 0"><span class='ocrx_word' id='word_1_690' title='bbox 1324 2947 1343 2971; x_wconf 88' lang='grc'>1.</span> <span class='ocrx_word' id='word_1_691' title='bbox 1364 2949 1413 2971; x_wconf 82' lang='lat' dir='ltr'>Ms.</span> <span class='ocrx_word' id='word_1_692' title='bbox 1431 2955 1437 2970; x_wconf 88' lang='grc'>.·</span> <span class='ocrx_word' id='word_1_693' title='bbox 1455 2945 1663 2970; x_wconf 75' lang='lat' dir='ltr'>Postulationis.</span> 
     </span>
    </p>
   </div>
  </div>
 </body>
</html>
