2498 3242
151 275 226 308 1033
1003 267 1220 307 HUITIEME
1241 269 1402 306 ANNnn.

148 341 248 370 censis
269 341 411 368 adversus
432 341 555 376 priorem
579 341 820 370 Sili-inincensem
837 341 1044 369 examinandas
1059 345 1088 368 et
1103 344 1163 367 101·-

150 389 302 417 minandas
316 390 480 417 committit.
497 405 530 409 —
547 389 631 424 (Rea.
651 391 694 424 ¹7,
711 391 728 418 f.
750 391 796 418 177
815 398 864 422 v⁰;
881 399 947 418 ann.
967 389 1050 423 vul,
1067 398 1092 417 c.
1109 389 1160 422 5‘23

148 453 182 458 —
196 438 317 466 ΜοιιεΑυ
334 437 411 469 1189,
428 438 446 464 f.
464 438 518 470 ⁴6.)

191 567 203 581 ιι
227 577 247 583 ..
273 554 386 584 decano
409 559 435 584 et
458 577 478 583 ..
502 556 624 584 cantori
645 556 894 590 Nivernensibus,
920 560 946 585 el
968 579 987 584 ..
1007 556 1110 593 priori
1127 556 1161 585 de

148 608 335 637 ‘monasterio
362 607 469 637 Sancti
493 608 587 638 Petri.
613 609 811 638 Nivcrnensis
836 609 969 639 diocesis.
995 609 1040 638 Ex
1068 613 1160 647 parte

148 659 410 699 presbiterorum
443 664 473 690 et
505 660 701 691 clericorum
737 661 1004 699 congregationis
1036 661 1160 700 capelle

149 713 251 744 Beate
269 712 374 743 Mai-ie
391 712 646 744 Silviniacensis
663 714 724 744 fuit
746 714 951 753 propositum
969 723 1079 744 coram
1101 723 1160 744 no-

149 766 201 796 bis
226 765 331 804 quod,
355 773 430 795 cum
455 766 643 796 sacerdotes
665 766 703 797 de
727 766 963 797 Silviniacensi
986 766 1161 805 parrochia

148 818 284 849 oriundi
299 818 340 848 ab
359 818 496 857 antiquo
513 819 748 849 consueverint
763 819 797 849 in
815 819 939 858 capella
956 819 1104 858 predicta
1120 819 1161 849 ad

147 875 277 910 partem
294 870 500 901 oblationum
517 871 665 910 ejusdcm
687 872 790 910 recipi
812 881 871 910 per
891 895 910 901 ..
929 872 1073 910 priorem
1094 871 1161 902 Sil-

148 924 387 958 viniacensem,
398 923 631 954 Cluniacensis
643 924 782 959 ordinis,
793 924 1076 955 Claromontensis
1088 924 1160 955 dio-

147 977 250 1012 cesis,
271 976 328 1016 qui
348 977 403 1016 jus
420 976 544 1007 ibidem
567 977 694 1008 obtinet
715 982 926 1016 patronatus,
947 977 1034 1008 idem
1051 978 1156 1016 prior,

146 1030 308 1070 quosdam
333 1029 542 1060 sacerdotum
570 1030 719 1069 ipsorum
744 1030 784 1072 ad
809 1030 989 1060 earundem
1018 1030 1160 1061 oblatio-

146 1092 226 1113 num
251 1082 464 1122 participium
488 1091 553 1112 non
579 1082 772 1118 admittens,
799 1083 882 1113 alios
905 1092 1004 1122 super
1026 1092 1158 1122 posses-

144 1135 239 1166 sione
255 1135 419 1165 dictarum
435 1134 653 1170 oblationum,
672 1136 707 1165 in
725 1144 790 1174 qua
806 1135 904 1173 longo
921 1139 1068 1174 tempore
1084 1136 1157 1166 fue-

143 1194 230 1223 rant,
246 1193 359 1219 contra
371 1188 537 1228 justitiam
549 1189 726 1227 inquietat,
740 1189 852 1219 taliter
864 1198 919 1219 eas
934 1189 998 1219 sibi
1014 1189 1156 1219 moliens

143 1241 331 1273 vendicare.
349 1241 440 1272 Idem
453 1250 584 1280 quoque
599 1241 690 1279 prior
702 1246 731 1272 et
746 1242 817 1281 ejus
830 1246 1024 1275 conventus,
1042 1247 1156 1272 contra

143 1299 267 1325 statuta
289 1293 492 1325 venerabilis
518 1293 632 1324 fratris
658 1294 802 1324 nostri..
821 1295 1042 1325 Tornacensis
1068 1295 1156 1333 epis-

142 1347 232 1386 copi,
256 1351 335 1377 tunc
350 1346 539 1385 Apostolice
563 1346 659 1377 Sedis
677 1346 793 1384 legati,
819 1351 943 1376 temere
964 1347 1154 1382 venientes,

143 1409 208 1431 non
224 1400 422 1439 permittunt
443 1408 498 1429 eos
514 1399 550 1428 in
565 1400 693 1438 prefata
714 1399 839 1438 capella
856 1398 1085 1438 sollempniter
1103 1409 1156 1430 00-

142 1453 273 1484 lebrare
289 1453 403 1482 divina
423 1461 483 1483 nec
506 1457 582 1483 ante
608 1452 697 1483 diem
717 1452 768 1483 vel
790 1452 870 1483 solis
892 1456 1002 1483 ortum
1022 1453 1156 1491 pulsare

143 1515 334 1546 campanas,
353 1510 385 1537 et
399 1506 435 1536 in
452 1506 644 1545 despectum
661 1510 861 1536 statutorum
875 1505 1080 1546 hujusmodi,
1097 1506 1157 1536 ba-

141 1560 226 1590 tillis
241 1559 361 1590 ferreis
385 1568 403 1589 a
425 1559 595 1598 campanis
612 1559 783 1595 extractis,
806 1559 916 1590 fontes
940 1559 1156 1597 baptismales

143 1612 269 1652 capelle
287 1612 435 1652 predicte
460 1612 502 1642 ad
525 1612 615 1642 idem
636 1612 878 1642 monasterium
898 1611 1155 1642 transtulerunt.

145 1667 301 1697 Preterea
322 1674 422 1704 super
441 1665 509 1695 hiis
526 1664 567 1695 ab
583 1688 605 1694 ..
621 1664 739 1695 abbate
761 1664 977 1696 Cluniacensi
993 1673 1068 1695 cum
1091 1665 1158 1695 eis-

143 1719 220 1749 dem
240 1718 351 1758 priore
372 1722 403 1748 et
425 1722 591 1748 conventu
609 1717 650 1748 ad
673 1741 692 1747 ..
713 1717 866 1748 abbatem
887 1717 1157 1749 Athanacensem

144 1776 176 1803 et
192 1771 336 1811 collegas
355 1780 445 1807 suos,
463 1771 699 1810 Lugdunensis
711 1771 866 1807 diocesis,
880 1775 911 1802 et
927 1780 965 1802 ex
978 1775 1071 1810 parte
1086 1781 1156 1810 pre-

143 1825 308 1855 dictorum
337 1824 461 1863 prioris
489 1828 520 1854 et
549 1828 732 1854 conventus
757 1824 798 1854 ad
827 1847 846 1853 ..
872 1824 1017 1863 priorem
1043 1825 1157 1856 Sancti

143 1878 234 1909 Petri
253 1877 512 1908 Matisconensis
526 1881 557 1907 et
573 1876 615 1907 ad
628 1876 741 1915 plures
758 1877 842 1907 alios
858 1881 972 1907 contra
994 1877 1084 1916 ipsos
1100 1877 1157 1908 lit-

142 1931 224 1962 teris
243 1930 435 1970 apostolicis
451 1929 653 1968 impetratis,
675 1930 823 1968 quando,
842 1934 873 1960 et
889 1930 992 1966 sicut,
1009 1935 1040 1961 et
1057 1940 1156 1969 super

142 1984 266 2024 quibus
282 1983 412 2017 volunt,
431 1992 487 2014 005
503 1983 679 2014 universos
698 1987 730 2013 et.
745 1983 895 2021 singulos
913 1984 1009 2013 citari
1027 1984 1157 2014 faciunt

141 2046 200 2076 per
214 2037 363 2071 easdem,
380 2040 432 2071 ut,
451 2036 579 2075 gravati
598 2036 752 2074 expensis
770 2040 800 2066 et
815 2036 987 2067 laboribus
1006 2037 1153 2075 fatigati,

141 2090 194 2120 liti
205 2089 322 2120 cedere
334 2088 586 2128 compellantur.
601 2089 691 2119 Idem
703 2089 794 2128 prior
807 2089 918 2125 etiam,
934 2089 973 2120 de
986 2090 1153 2126 mandato,

142 2147 178 2174 ut
187 2143 328 2178 dicebat,
343 2142 474 2172 abbatis
485 2141 731 2172 Athanacensis
741 2146 772 2172 et
781 2150 918 2172 suorum
930 2142 1152 2182 conjudicum,

141 2195 378 2234 Lugdunensis
393 2195 546 2230 diocesis,
565 2203 625 2225 nec
641 2203 706 2224 non
724 2199 755 2225 01
770 2218 790 2224 ..
805 2195 926 2233 prioris
938 2195 1051 2226 Sancti
1064 2196 1154 2226 Petri

142 2250 417 2286 Matisconensis,
445 2249 672 2288 delegatorum
694 2253 900 2285 nostrorum,
928 2259 945 2280 a
968 2250 1090 2290 quibus
1114 2251 1154 2281 ad

143 2312 203 2335 nos
225 2308 323 2334 311103
341 2303 451 2333 fuerat
473 2302 690 2341 appellatum,
710 2302 817 2341 ipsius
840 2302 964 2341 capelle
988 2303 1077 2333 fores
1096 2303 1154 2334 ob-

141 2356 278 2392 struxit,
296 2356 411 2395 ejectis
426 2355 579 2394 pluribus
597 2364 633 2385 ex
654 2355 737 2394 ipsis
754 2355 949 2393 presbiteris
965 2364 982 2385 a
1000 2355 1153 2387 domibus

142 2409 286 2449 propriis
311 2413 343 2439 et
365 2417 480 2439 earum
505 2408 601 2438 ostiis
626 2408 822 2438 obfirmatis.
847 2408 950 2447 Cujus
973 2408 1151 2445 satellites,

140 2461 380 2492 mandantibus
401 2461 499 2492 dictis
518 2461 704 2501 judicibus,
729 2461 815 2491 sicut
838 2461 930 2500 prior
946 2466 977 2492 et
998 2463 1154 2492 monachi

141 2515 353 2550 asserebant,
380 2524 486 2554 nuper
508 2514 752 2545 vindemiarum
776 2519 921 2553 tempore
944 2515 1153 2554 quarundam

141 2569 317 2598 vinearum
331 2576 468 2598 suarum
480 2567 621 2603 fructus,
638 2572 747 2606 preter
761 2576 815 2597 eos
829 2576 912 2606 quos
925 2567 1154 2606 disperserunt

142 2630 201 2659 per
214 2619 274 2659 [se]
289 2620 390 2659 ipsos,
404 2619 595 2650 detulerunt
609 2619 650 2649 ad
661 2620 901 2650 monasterium
914 2625 1134 2651 memoratum
1147 2631 1153 2657 3

142 2679 175 2703 et
199 2673 338 2712 insuper
367 2676 440 2711 post
469 2672 708 2711 appellationes
736 2673 966 2711 interpositas,
991 2673 1156 2712 quoddam

145 2734 263 2756 nemus
280 2729 480 2764 occupantes
502 2725 667 2764 ipsorum,
684 2725 814 2759 vinum,
833 2734 935 2764 equos
954 2730 983 2756 et
1003 2734 1056 2757 res
1072 2726 1155 2758 alias

143 2778 365 2810 abstulerunt.
382 2779 422 2808 Et
438 2788 513 2809 cum
528 2779 593 2818 ipsi
609 2778 810 2817 generaliter
824 2788 860 2808 ac
874 2779 1010 2818 quidam
1022 2788 1059 2810 ex
1073 2779 1156 2819 ipsis

143 2831 335 2871 specialiter
355 2831 396 2862 ad
419 2840 480 2862 nos
504 2831 709 2870 appellantes
732 2831 772 2861 ab
796 2831 924 2871 iniquis
945 2832 1157 2870 processibus

139 2885 292 2925 judicum
309 2884 544 2924 predictorum,
563 2884 632 2924 qui,
650 2884 929 2923 appellationibus
946 2885 1155 2923 contemptis,

143 2939 184 2969 de
200 2938 287 2968 facto
303 2937 451 2968 tulerunt
466 2937 501 2967 in
523 2946 578 2968 eos
598 2937 952 2984 excommunicationis
972 2937 1157 2968 sententias

2181 284 2257 316 1034

1246 345 1278 371 et
1299 341 1333 371 in
1356 342 1504 373 familias
1520 344 1717 381 eorundem,
1737 346 1903 385 quendam
1923 356 1962 378 ex
1979 347 2077 386 ipsis,
2099 349 2256 381 videlicet

1245 394 1442 432 magistrum
1458 396 1626 427 Andream
1642 397 1681 427 de
1698 397 1890 434 Silviniaco,
1905 399 1945 429 ad
1958 405 2105 431 nostram
2121 411 2253 440 presen-

1244 447 1324 477 tiam
1341 448 1581 485 destinassent,
1600 459 1637 481 eo
1656 451 1691 480 in
1710 451 1831 482 itinere
1847 453 2041 490 constituto,
2063 455 2198 493 quidam
2215 456 2254 487 de

1243 500 1417 531 monachis
1436 503 1558 540 prefati
1577 504 1709 541 prioris,
1727 504 1762 534 in
1781 505 1914 535 domum
1931 508 2095 546 propriam
2113 518 2170 547 per
2187 510 2253 540 vio-

1242 552 1381 583 lentiam
1407 553 1645 594 irrumpentes,
1670 561 1779 595 preter
1803 557 1886 588 alias
1909 569 2025 597 graves
2052 561 2195 600 injurias
2221 567 2252 593 et

1243 605 1384 645 dampna
1405 617 1468 647 que
1490 608 1682 647 irrogarunt
1701 610 1838 647 eisdem,
1859 611 1968 650 ipsum
1986 614 2086 644 rebus
2106 615 2253 646 inventis

1242 658 1365 689 ibidem
1376 669 1434 698 pro
1444 669 1504 691 suo
1515 661 1654 692 arbitrio
1666 663 1849 702 spoliarunt
1860 674 1865 700 ;
1877 670 2008 704 propter
2017 667 2104 705 quod
2113 677 2149 698 ex
2159 673 2251 707 parte

1242 711 1391 750 ipsorum
1408 713 1470 743 fuit
1488 714 1583 744 nobis
1600 714 1774 746 humiliter
1791 717 2013 755 supplicatum
2027 723 2077 755 ut,
2095 721 2253 759 predictis

1242 765 1420 796 sententiis
1435 766 1592 797 relaxatis
1609 772 1639 798 et
1655 769 1820 800 restitutis
1837 769 1974 806 eisdem,
1994 779 2111 802 causas
2127 773 2254 803 remitti

1242 821 1356 848 nostro
1378 819 1523 849 examini
1546 821 1792 852 mandaremus.
1813 823 1899 860 Quia
1919 832 1996 854 vero
2018 824 2056 855 de
2080 826 2253 863 premissis

1243 870 1339 901 nobis
1359 880 1423 901 non
1440 873 1546 910 potuit
1560 873 1632 903 fieri
1649 874 1746 913 plena
1760 875 1853 911 fides,
1866 876 2063 907 mandamus
2076 882 2251 916 (10310005,

1241 923 1398 954 relaxatis
1412 925 1551 963 prefatis
1569 927 1746 957 sententiis
1763 928 1803 957 ad
1819 928 1994 965 cautelam,
2012 930 2191 961 sufficienti
2208 935 2253 961 ta-

1240 985 1317 1007 men
1334 977 1374 1007 ab
1391 978 1439 1008 015
1456 979 1610 1010 cautione
1630 985 1761 1019 recepta
1777 981 1881 1020 quod,
1900 982 1929 1012 si
1945 983 2038 1013 vobis
2062 985 2252 1022 apparuerit

1239 1029 1330 1068 ipsos
1351 1030 1441 1069 juste
1463 1030 1597 1070 ligatos,
1624 1035 1983 1065 excommunicatorum
2007 1036 2172 1068 mandatis
2197 1037 2249 1068 de-

1239 1081 1339 1112 beant
1358 1082 1532 1115 humiliter
1553 1085 1705 1122 obedire,
1728 1087 1756 1117 si
1779 1087 1818 1118 de
1840 1087 2031 1127 hujusmodi
2054 1089 2251 1128 spoliatione

1240 1135 1438 1171 eonstiterit,
1457 1137 1669 1169 restitutione
1685 1139 1778 1177 prius
1795 1140 1882 1170 facta
1901 1143 2183 1180 conquerentibus
2200 1152 2251 1174 su-

1238 1188 1415 1226 pradictis,
1434 1199 1549 1220 omnes
1565 1191 1718 1223 obtentas
1734 1193 1813 1224 hinc
1831 1194 1908 1224 inde
1924 1193 2054 1225 litteras
2073 1200 2104 1226 01
2122 1205 2249 1235 1110005-

1239 1249 1296 1271 sus
1322 1250 1380 1279 per
1399 1251 1453 1273 eas
1473 1242 1605 1274 habitos
1623 1245 1717 1275 vobis
1737 1245 1887 1276 exhiberi
1906 1247 2087 1283 mandetis,
2107 1249 2250 1280 vocatis-

1239 1303 1302 1332 que
1316 1295 1373 1333 qui
1388 1295 1515 1326 fuerint
1527 1298 1687 1328 evocandi
1699 1302 1729 1329 et
1745 1299 1869 1330 auditis
1880 1299 1959 1330 111110
1970 1300 2047 1331 inde
2058 1302 2248 1340 propositis,

1239 1349 1269 1378 si
1284 1349 1323 1379 de
1341 1351 1485 1388 partium
1503 1351 1672 1383 voluntate
1687 1355 1902 1392 processerit,
1923 1356 1988 1386 fine
2003 1356 2114 1386 debito
2130 1366 2248 1388 causas

1238 1403 1427 1433 terminetis
1441 1405 1584 1441 easdem,
1596 1406 1757 1437 facientes
1770 1408 1857 1446 quod
1868 1408 2082 1440 decreveritis
2092 1410 2250 1441 etc.Alio-

1239 1455 1320 1494 quin
1335 1465 1390 1486 035
1407 1457 1446 1486 ad
1464 1466 1524 1488 nos
1543 1459 1721 1490 remittatis
1740 1464 1814 1496 etc.,
1833 1470 1939 1500 usque
1957 1472 1964 1490 ι
1983 1463 2184 1493 sententiam
2200 1472 2248 1494 re-

1239 1512 1384 1547 cepturo.
1404 1509 1516 1540 Nullis
1535 1510 1657 1542 litteris
1681 1517 1754 1547 etc.,
1778 1522 1841 1552 que
1863 1513 1902 1544 de
1925 1518 1992 1545 toto
2008 1524 2166 1553 processu
2183 1516 2249 1555 ple-

1239 1570 1317 1592 nam
1333 1572 1399 1592 non
1414 1563 1555 1594 fecerint
1573 1565 1789 1596 mentionem.
1807 1567 1901 1603 Quod
1918 1568 1946 1597 si
1968 1577 2034 1598 non
2053 1578 2169 1600 omnes
2185 1575 2246 1601 etc.

1239 1616 1313 1646 Dat.
1332 1616 1500 1652 Laterani,
1519 1618 1553 1648 II
1569 1627 1674 1648 nonas
1690 1619 1782 1654 maii,
1799 1628 1886 1650 anno
1902 1625 2027 1651 octavo.
2048 1634 2061 1648 »

1313 1795 1429 1824 1895
1848 1799 1962 1833 Latran,
1980 1801 1995 1828 8
2012 1802 2081 1828 avril
2100 1802 2177 1830 1234.

1276 1855 1318 1882 De
1336 1855 1510 1884 Kirkestede
1525 1859 1570 1891 (=
1585 1858 1750 1892 Kirkstead)
1775 1864 1804 1887 et
1825 1861 1861 1888 de
1884 1861 2028 1895 Rex-esbi,
2046 1863 2250 1892 cisterciensis

1240 1904 1360 1938 ordinis,
1373 1910 1401 1932 et
1417 1905 1452 1932 de
1468 1905 1632 1942 Bmlinges,
1645 1907 1941 1946 Praemxonstratensis
1953 1912 2072 1943 ordinis,
2085 1913 2248 1946 abbatibus,

1237 1951 1452 1980 Lincolniensis
1467 1954 1626 1988 dioecesis,
1645 1957 1747 1984 scribit
1764 1968 1770 1984 z
1788 1968 1801 1981 «
1817 1957 1900 1991 Cum,
1918 1960 1995 1986 sicut
2009 1969 2045 1986 ex
2062 1964 2142 1996 parte
2159 1961 2249 1989 dilec-

1239 2011 1250 2026 11
1273 2004 1368 2028 torum
1391 2002 1515 2029 filiorum
1539 2024 1556 2031 ..
1581 2005 1712 2039 magistri
1735 2009 1764 2032 et
1784 2006 1903 2033 fratrum
1923 2007 2034 2035 ordinis
2053 2009 2089 2035 de
2113 2009 2250 2045 Sempin-

1239 2060 1252 2073 n
1273 2049 1359 2084 gham
1377 2054 1444 2083 etc.‚
1463 2055 1494 2078 ut
1516 2060 1619 2087 supra,
1637 2053 1666 2080 in
1686 2053 1720 2080 L·
1736 2054 1862 2088 littera¹,
1884 2064 1976 2090 usque
1994 2068 1999 2083 ε
2017 2057 2149 2092 vestigiis
2167 2059 2251 2085 inhe-

1237 2107 1250 2122 11
1273 2101 1387 2131 rentes,
1415 2099 1586 2127 mandamus
1606 2105 1750 2136 quatenus
1771 2103 1853 2138 ipsos
1876 2112 1930 2131 non
1963 2106 2135 2139 permittatis
2160 2115 2250 2142 super

1237 2155 1250 2171 n
1273 2147 1458 2181 premissis...
1484 2149 1680 2182 molestari...;
1709 2152 1896 2186 presentibus
1921 2157 1986 2188 post
2010 2154 2166 2182 triennium
2192 2164 2248 2184 non

1237 2203 1249 2219 ι
1273 2195 1436 2223 valituris...
1464 2208 1477 2220 »
1504 2212 1536 2216 —
1552 2197 1635 2230 (Rae.
1654 2199 1696 2231 ¹7,
1715 2199 1732 2226 f.
1753 2200 1800 2227 177
1817 2207 1863 2235 v⁰;
1881 2210 1947 2229 ann.
1966 2201 2045 2231 Vm.
2063 2212 2088 2230 c.
2106 2203 2162 2238 53.)

1279 2308 1292 2322 «
1313 2319 1332 2325 ..
1350 2297 1384 2326 de
1405 2299 1574 2329 Kirlteseede
1594 2305 1620 2329 et
1642 2323 1662 2329 ..
1683 2301 1718 2330 de
1736 2303 1870 2339 Revesbi,
1894 2303 2115 2340 cisterciensis,
2133 2311 2159 2335 el
2179 2328 2199 2335 ..
2217 2306 2251 2336 de

1237 2349 1410 2387 Baanqes,
1432 2352 1724 2384 Premonstratensis
1746 2355 1913 2392 ordinum,
1937 2357 2109 2393 abbatibus,
2130 2360 2251 2389 Lincol-

1236 2403 1354 2433 niensis
1367 2404 1500 2434 diocesis.
1520 2405 1614 2442 Cum,
1630 2406 1717 2437 sicut
1730 2417 1769 2438 ex
1780 2426 1830 2438 —.
1845 2409 1919 2439 Dat.
1934 2410 2101 2446 Laterani,
2114 2412 2160 2443 VI
2173 2411 2249 2442 idus

1236 2454 1369 2494 aprilis,
1387 2465 1475 2488 anno
1490 2462 1615 2489 octavo.
1635 2471 1648 2486 r>

1315 2634 1334 2662 Ι
1343 2634 1431 2663 896

1277 2695 1373 2730 {Petro
1390 2697 1426 2725 de
1447 2697 1647 2735 Collemediol,
1672 2700 1836 2737 praeposito
1859 2703 2000 2732 ecclesiae
2023 2705 2122 2734 Sancti
2145 2707 2249 2736 Audo-

1239 2745 1328 2778 mari,
1353 2747 1536 2782 privilegium
1554 2748 1657 2776 Calixti
1672 2749 1701 2776 ΙΙ
1721 2759 1811 2786 papae
1821 2753 1843 2785 ²,
1867 2753 1896 2779 in
1917 2754 2016 2781 multis
2035 2755 2166 2790 partibus
2183 2765 2251 2785 cor-

1833 2639 1947 2673 Latran,
1967 2642 1996 2668 14
2011 2644 2081 2670 avril
2101 2644 2176 2672 ¹234.

1273 2859 1294 2884 1.
1306 2859 1347 2885 Cf.
1363 2867 1461 2891 supra,
1480 2867 1509 2886 n·
1528 2863 1594 2887 1⁸92.

1270 2903 1294 2929 2.
1309 2903 1613 2931 JAFFl-i-LOEWENFELD
1630 2908 1699 2933 6989.
1719 2923 1749 2927 -
1770 2910 1917 2942 L'original
1933 2912 1967 2937 do
1981 2917 2054 2938 cette
2069 2916 2160 2948 piece,
2176 2918 2249 2943 celui

1240 2947 1308 2972 dont
1327 2949 1354 2972 la
1372 2949 1452 2980 copie
1468 2951 1599 2976 1051111100
1615 2959 1644 2977 se
1660 2955 1758 2978 trouve
1775 2954 1843 2979 dans
1861 2955 1888 2980 la
1907 2957 1980 2982 bullo
1996 2958 2030 2982 de
2045 2958 2179 2991 Gregoire
2194 2962 2249 2993 IX,
