2498 3242
239 268 297 307 95'5
967 283 1206 314 0001510115
1227 283 1283 314 DE
1305 276 1528 315 0110001110
1551 287 1609 316 ix.
2280 272 2338 322 95¹6

316 343 335 370 ί
346 343 432 372 ⁷⁴0

275 404 393 431 Decano
410 405 527 440 Majoris
538 406 685 434 Ecclesiae
704 408 886 437 Psi-islensis.
906 410 990 444 priori
1007 410 1104 437 Sancti
1124 409 1249 436 Victoris

745 347 862 380 Latran,
883 348 912 375 13
929 348 1082 375 decembre
1102 348 1176 376 1233.

242 453 417 480 Parisiensis
442 460 468 480 et
494 455 625 490 Hugoni.
651 458 790 484 canonico
824 458 942 487 Pisano,
968 458 1096 485 Parisios
1120 467 1248 485 commo-

240 502 328 529 rami.
348 502 460 529 uiandat
476 510 620 537 quatenus
638 506 664 531 in
681 514 768 532 cansa
786 507 936 533 electionis
952 507 1063 533 abbatis
1079 507 1176 534 Sancti
1193 506 1248 533 Se-

239 549 330 576 verini
349 550 383 575 de
405 549 504 577 Castro
527 551 668 579 Nantonis
692 555 858 588 procedant.
874 569 909 575 —
929 554 1012 585 (lieo.
1038 556 1082 587 17,
1100 556 1118 581 f.
1141 555 1246 587 136103

237 605 305 624 ann.
321 597 384 625 Vll.
402 606 427 624 c.
446 599 512 627 iti&
530 614 563 620 —
581 600 699 628 Meni—:Au
718 603 794 630 tiss,
811 603 828 629 s.
846 603 920 637 239.)

281 712 293 725 <x
315 722 334 727 ..
350 700 461 729 decano
477 702 600 738 Major-is
618 703 752 738 Ere-lexic,
773 727 793 732 ..
810 706 912 741 priori
925 705 1032 734 Sancti
1052 706 1177 734 l'icloris
1192 706 1247 734 Pa-

240 753 379 781 risicnsis
395 759 419 781 c!
442 755 587 791 manistro
607 756 765 793 Hngljoni}
787 758 934 786 canonico
955 758 1082 792 Pisano,
1107 759 1247 787 I'arisius

238 807 454 834 commoranti.
475 806 593 835 Dilecti
612 807 672 836 11111
690 808 831 838 Sevinns
852 814 881 839 rt
901 809 1072 843 Clemens,
1094 810 1246 840 canonici

239 857 377 887 ecclesie
403 859 514 887 San-:ti
541 860 692 889 svm-ini
715 861 753 890 dc
774 862 890 891 Castro
915 862 1097 897 NantoniS,
1119 862 1246 891 ordinis

239 911 344 939 sancti
368 912 565 947 Augustini.
591 922 647 950 pro
665 922 699 941 50
719 922 754 942 ac
776 914 975 952 quibusdam
992 914 1068 943 aliis
1085 923 1248 944 concano-

238 962 323 992 nicis
354 963 443 992 suis.
476 973 615 1001 quorum
646 974 679 994 se
710 971 939 1003 procuratores
969 975 1041 996 esse.
1071 967 1243 1002 dicebant,

237 1014 346 1045 oblata
363 1015 458 1045 nobis
478 1016 637 1054 petitione
654 1023 880 1048 monstrarunt
895 1019 999 1057 quod,
1018 1019 1158 1049 ecclesia
1174 1020 1246 1058 ipsa
1267 1045 1269 1047 ,

237 1066 366 1097 abbatis
383 1067 504 1097 solacio
521 1069 690 1099 destituta.
709 1080 782 1099 cum
802 1071 842 1100 ad
861 1071 1068 1101 tractandum
1084 1072 1123 1102 de
1141 1072 1245 1102 futuri

236 1119 474 1150 substitutione
493 1122 634 1158 pastoris
651 1123 866 1153 convenerint
892 1124 1060 1159 universi,
1085 1129 1116 1154 et
1132 1134 1245 1154 eorum

236 1177 309 1202 vota
326 1173 466 1203 fuissent
485 1174 519 1202 in
538 1174 666 1203 diversa
690 1175 812 1211 divisa,
832 1176 964 1206 tandem
984 1177 1067 1214 ipsis
1088 1177 1245 1207 dilectum

237 1224 344 1254 tilium
362 1249 379 1253 ..
399 1226 541 1263 priorem
559 1228 667 1257 Castri
688 1228 850 1264 Renardi,
868 1229 992 1265 virum,
1016 1234 1051 1259 ut
1069 1234 1242 1265 asserunt,

235 1277 409 1316 providum
425 1284 454 1308 et
474 1279 664 1310 discretum.
678 1280 878 1318 eligentibus
891 1282 930 1312 ad
944 1282 1082 1312 ecclesie
1096 1283 1244 1320 regimen

235 1336 416 1361 memorate
441 1341 476 1361 ae
502 1332 792 1370 interponentibus
819 1334 1051 1373 appellationis
1079 1335 1244 1374 objectum

236 1383 276 1413 ad
293 1384 517 1413 venerabilem
534 1385 670 1415 fratrem
684 1390 833 1416 nostrum
853 1410 872 1416 .,
891 1388 1116 1418 Senonensetn
1134 1387 1244 1417 archi-

237 1436 442 1474 episcopum.
463 1437 754 1475 metropolitanum
774 1439 934 1477 ipsorum,
953 1449 994 1470 ne
1014 1444 1244 1478 presumerent

236 1487 339 1527 aliqui
357 1488 454 1518 aliani
474 1489 669 1519 electionem
685 1491 796 1521 minus
813 1493 1007 1522 canonicam
1029 1497 1241 1531 attemptare,

235 1541 355 1580 reliqui
376 1566 394 1570 ..
412 1542 554 1580 priorem
572 1543 683 1573 Sancti
703 1544 854 1582 Tuguali,
874 1545 982 1575 virum
999 1546 1039 1575 ad
1054 1545 1115 1575 hoc
1131 1546 1242 1576 minus

235 1594 408 1630 idoneui‘n.
427 1595 615 1633 elegerunt3
633 1596 689 1635 qui
706 1606 781 1626 cum
803 1602 949 1627 nostram
969 1598 1173 1628 audientiam
1190 1608 1243 1637 ap-

235 1647 389 1685 pellasset
404 1652 433 1678 et
449 1648 610 1678 terminus
626 1649 727 1679 suerit
744 1650 958 1688 appellationi
973 1652 1135 1690 prefixus,
1153 1656 1189 1681 ut
1207 1652 1242 1681 in

235 1700 444 1738 impetranda
470 1701 704 1731 commissione
729 1702 957 1740 supplantaret
980 1704 1126 1738 eosdem,
1154 1704 1241 1734 infra

236 1758 307 1783 octo
321 1753 391 1782 dies
410 1758 480 1791 post
499 1754 678 1784 terminum
694 1756 911 1785 constitutum
931 1757 972 1786 ad
989 1761 1029 1791 te,
1046 1756 1093 1786 1111
1107 1757 1240 1793 decane,

235 1815 270 1836 ac
289 1829 308 1834 ..
327 1806 562 1836 cancellarium
579 1807 803 1838 parisiensem
822 1813 853 1838 et
875 1832 894 1837 ..
919 1809 1166 1839 thesaurarium
1179 1811 1242 1840 No-

232 1859 437 1889 viomensem
474 1863 603 1889 nostras
642 1860 770 1890 litteras
803 1862 983 1899 reportavit
999 1873 1004 1897 ς
1043 1871 1142 1900 super
1178 1872 1242 1901 quo

232 1911 333 1941 iidem
350 1913 371 1940 ¹.
405 1920 445 1941 ne
472 1912 676 1942 frustrentur
702 1912 872 1943 laboribus
900 1918 931 1944 et
961 1915 1136 1952 expensis,
1168 1924 1242 1945 cum

231 1964 329 2002 paulo
346 1969 415 2001 post
430 1964 571 1994 eundem
588 1965 767 1994 terminum
782 1966 935 1996 venerint
949 1976 1006 2005 pro
1022 1967 1242 2006 appellatione

232 2016 423 2055 hujusmodi
442 2017 681 2056 mess-quenda,
697 2027 754 2056 per
771 2023 918 2048 nostram
934 2019 1101 2057 petierunt
1117 2019 1242 2050 sollici—

233 2070 382 2099 tudinvm
406 2070 591 2107 provideri,
615 2071 791 2108 presertim
819 2081 892 2101 cum
913 2072 1056 2109 collegas
1080 2077 1169 2108 tuos,
1195 2073 1242 2102 lili

232 2122 365 2152 decane.
387 2122 521 2152 credant
539 2123 634 2153 alteri
650 2124 735 2161 parti
752 2125 913 2162 propitios
930 2129 961 2155 ct
977 2125 1041 2155 51111
1058 2130 1240 2164 suspectos.

231 2175 274 2206 [Ἴ
293 2175 406 2210 icitur.
425 2175 507 2213 ipsis
522 2186 539 2205 a
556 2185 655 2206 cause
671 2177 860 2213 cognitione
878 2178 1062 2213 subductis,
1076 2179 1241 2217 judicium

232 2228 303 2257 sine
323 2228 507 2266 suspitione
522 2229 685 2266 procedat,
704 2238 772 2264 vos,
789 2229 849 2259 filii
864 2230 954 2268 prior
970 2235 1001 2260 et
1017 2231 1186 2266 canonice,
1203 2240 1241 2261 ex

231 2281 338 2310 officio
367 2285 496 2310 nostro.
530 2281 599 2311 loco
631 2281 779 2319 ipsorum
810 2282 964 2312 duximus
994 2283 1239 2321 subrogandos,

231 2333 428 2363 mandantes
459 2338 623 2371 quatenus
649 2334 683 2363 in
709 2335 821 2364 eadem
855 2343 954 2365 causa
976 2336 1068 2374 juxta
1092 2336 1241 2374 priorum

231 2385 470 2415 continentiam
493 2386 695 2420 litterarum,
721 2386 851 2416 sublato
873 2387 1104 2425 appellationis
1129 2388 1240 2418 obsta-

231 2437 315 2467 culo.
332 2438 459 2468 ratione
473 2439 596 2476 previa,
611 2439 807 2476 procedatis.
821 2440 913 2475 Quod
931 2440 958 2469 si
974 2449 1038 2469 non
1050 2450 1164 2471 omnes
1177 2445 1237 2471 etc.

231 2490 305 2519 Dat.
324 2491 490 2525 Laterani,
508 2491 619 2520 idibus
637 2491 831 2527 decembris,
853 2501 940 2522 anno
956 2493 1106 2530 septimo.
1127 2505 1139 2520 n

302 2662 410 2690 ¹74¹

265 2725 309 2751 De
325 2725 461 2752 Cluniaco
478 2730 506 2752 et
528 2726 563 2753 de
581 2726 758 2753 Trenorchio
774 2727 940 2759 abbatibus,
961 2731 990 2753 et
1011 2727 1097 2762 priori
1113 2727 1148 2754 de
1170 2728 1237 2755 Clu-

229 2774 310 2800 011100
333 2774 445 2801 mandat
469 2779 612 2809 quatenus
630 2776 790 2802 sententias
811 2775 970 2807 interdicti,
988 2777 1190 2810 suspensionis
1210 2781 1238 2804 et

781 2662 893 2695 Latran,
912 2664 944 2691 ‘23
956 2664 1071 2698 janvier
1090 2664 1165 2691 ¹234.

261 2897 282 2919 1.
299 2895 336 2920 Le
355 2897 503 2920 manuscrit
516 2898 618 2921 semble
635 2901 729 2928 poi-ter
743 2897 757 2920 ὲ
773 2900 815 2921 cet
829 2897 939 2921 endroit
955 2897 1003 2921 des
1019 2900 1107 2921 traces
1123 2898 1156 2922 de
1174 2905 1236 2922 cor-

225 2945 343 2964 tecnon.

1333 350 1642 379 excommunicationis
1665 353 1691 380 in
1717 353 1928 381 Cistercienses
1951 358 1979 381 et
2002 363 2066 382 cnm
2093 355 2338 385 Cisterciensibus

1331 401 1579 428 communicantes
1601 411 1616 428 a
1637 404 1780 430 nonnullis
1800 405 2042 439 archiepiscopis,
2062 406 2208 442 episcopis
2225 411 2253 433 et
2273 407 2337 434 aliis

1331 447 1464 481 praelatis
1477 448 1547 476 latas
1564 450 1705 483 relaxent,
1722 455 1750 477 et
1766 452 1828 478 illos
1844 461 1917 487 qnos
1933 461 1982 479 eas
1998 453 2099 480 tulisse
2115 455 2287 487 constiterit,
2301 455 2337 482 ad

1331 494 1564 522 satisfaciendum
1583 497 1691 524 eisdem
1715 497 1958 525 cisterciensibus
1974 500 2008 525 de
2029 500 2141 527 damnis
2157 504 2184 527 et
2200 490 2338 536 expensis

1329 551 1403 576 qnae
1419 544 1518 571 eadem
1535 546 1686 572 occasione
1700 547 1852 580 subierint,
1870 553 1983 582 cogant.
1994 564 2029 568 —
2042 548 2121 581 (Rite.
2140 550 2180 581 17,
2194 550 2211 576 f.
2229 549 2277 577 136
2291 557 2336 583 v⁰;

1329 599 1394 617 ann.
1414 591 1479 623 vn,
1495 600 1520 619 c.
1539 592 1604 624 493;
1623 609 1654 613 -
1673 594 1790 622 nonem
1811 596 1886 628 1155,
1903 596 1920 622 f.
1935 587 2008 629 ²296.)

1372 698 1384 711 «
1405 709 1424 714 ..
1444 687 1477 714 cte
1493 687 1639 717 Cluniae-0
1654 693 1680 718 et
1695 711 1714 716 ..
1729 689 1763 717 de
1780 690 1962 719 Trenorchio
1974 691 2141 726 abbatibus,
2159 697 2186 721 et
2203 694 2336 730 ..priori

1329 738 1362 766 de
1383 739 1545 775 Clzmiaco,
1572 741 1799 771 illatisconensis
1821 748 1847 771 et
1868 743 2074 773 Cabilonensis
2097 744 2260 774 diocesum.
2285 745 2335 775 Ad

1329 790 1585 821 similitudinem
1604 793 1665 822 Dei
1680 810 1728 822 —-.
1745 793 1822 823 Filii
1839 795 1953 824 mundi
1969 795 2081 835 liujus,
2097 805 2179 835 quos
2195 797 2334 835 pruden-

1329 843 1429 873 tiores
1440 843 1518 873 111115
1530 844 1614 875 lucis
1626 845 1659 874 in
1672 847 1885 883 generatione
1897 857 1956 877 sua
1969 848 2090 878 veritas
2103 853 2303 886 protestatur
2312 850 2333 884 ¹,

1329 897 1450 935 rejecta
1464 896 1780 936 disciplinajustitie
1797 903 1827 929 et
1843 899 2073 930 observatione
2089 901 2165 930 fidei
2177 901 2333 939 relegata,

1329 949 1392 979 51111
1410 949 1552 979 invicem
1569 950 1752 980 moliuntur
1768 951 1926 986 insidias,
1946 952 2087 990 dampna
2104 953 2264 989 inferunt,
2282 954 2336 984 in-

1325 1001 1433 1040 jurias
1449 1002 1608 1039 irrogant,
1626 1007 1757 1033 movent
1774 1003 1859 1040 lites,
1880 1004 1918 1033 ad
1936 1013 2027 1034 arma
2038 1004 2227 1042 prosiliunt,
2247 1014 2336 1035 corn-

1328 1055 1464 1084 mittunt
1481 1055 1601 1093 prelia,
1622 1056 1739 1086 sceleri
1751 1057 1806 1095 jus
1822 1057 2011 1095 indulgent,
2029 1057 2240 1096 privilegium
2257 1059 2336 1088 dant

1328 1107 1449 1142 errori,
1471 1112 1636 1138 venantur
1656 1108 1800 1139 invicem
1825 1118 1859 1139 se
1885 1109 1925 1139 ad
1947 1114 2086 1140 mortem
2101 1113 2113 1131 ²
2134 1115 2165 1140 et
2189 1120 2223 1141 50
2245 1111 2336 1149 ipsos

1328 1161 1408 1190 adeo
1429 1161 1656 1200 persequendo
1679 1161 1856 1197 dilaniant,
1875 1167 1910 1193 ut
1927 1163 2026 1193 etiam
2044 1163 2078 1192 in
2096 1172 2155 1193 suo
2172 1164 2336 1202 sanguine

1328 1218 1561 1249 cruententur;
1576 1223 1635 1244 nec
1649 1215 1799 1245 sufficere
1810 1215 1874 1245 sibi
1885 1215 2038 1251 credunt3
2052 1234 2090 1248 —.
2106 1216 2163 1246 sed
2179 1217 2278 1246 etiam
2295 1217 2337 1247 ad.

1327 1266 1563 1296 desiderabilia
1591 1267 1752 1303 Ecclesie,
1778 1268 1898 1298 fratres
1922 1268 2077 1299 videlicet
2100 1269 2334 1301 Cisterciensis
2373 1305 2378 1310 Α

1328 1320 1472 1355 ordinis,
1498 1320 1570 1359 qui,
1594 1321 1713 1350 remoti
1738 1330 1756 1350 a
1778 1320 1885 1351 turbis
1909 1321 2143 1360 popularibus,
2168 1339 2207 1344 -
2231 1323 2335 1361 quod-

1327 1372 1401 1401 dam
1417 1372 1506 1402 intra
1521 1382 1556 1403 se
1572 1382 1646 1403 curn
1660 1373 1801 1403 Domino
1815 1373 1879 1404 sibi
1893 1377 2057 1404 secretum
2073 1378 2227 1413 querunt,
2245 1375 2334 1406 unde

1326 1433 1401 1455 cum
1424 1425 1498 1460 illo,
1523 1425 1684 1455 exteriore
1711 1430 1862 1456 cessante
1887 1426 2045 1464 strepitu,
2070 1427 2166 1465 quasi
2192 1427 2334 1466 quodam

1325 1478 1485 1508 familiari
1510 1478 1674 1517 colloquio
1696 1487 1754 1517 per
1773 1479 1906 1509 interna
1928 1479 2094 1509 desideria
2115 1479 2331 1516 delectentur,

1326 1531 1507 1561 extendunt
1532 1531 1685 1570 nequiter
1707 1540 1826 1561 manns
1848 1540 1941 1567 suas,
1968 1540 2108 1570 quorum
2132 1532 2333 1570 perversitas

1325 1584 1378 1613 vix
1395 1593 1450 1614 eos
1470 1584 1591 1614 habere
1608 1584 1731 1622 patitur
1750 1584 1837 1614 unde
1852 1584 1976 1618 vivant,
1995 1584 2126 1622 quando
2141 1584 2335 1622 peregrina-

1326 1637 1426 1667 tionis
1443 1646 1501 1667 sue
1519 1637 1677 1666 viaticum
1691 1637 1742 1667 vel
1761 1637 1951 1667 concutiant.
1968 1646 2025 1675 per
2040 1637 2264 1675 calumpniam
2281 1637 2335 1668 vel

1326 1690 1493 1719 excutiant
1517 1699 1574 1728 per
1595 1690 1760 1728 rapinam,
1785 1689 1823 1719 de
1849 1698 1912 1727 quo
1940 1689 2003 1720 etsi
2027 1689 2157 1727 magnis
2185 1689 2335 1720 dolorum

1324 1752 1503 1780 urgeamur
1518 1742 1654 1777 aculeis,
1668 1733 1748 1772 illud
1764 1746 1873 1772 tamen
1886 1741 2131 1773 intolerabilius
2143 1750 2202 1772 nos
2215 1742 2332 1778 inurit,

1325 1796 1410 1834 quod
1427 1795 1476 1824 bii
1492 1795 1552 1834 qui
1565 1795 1747 1825 debuerant
1758 1798 2007 1833 persecutorum
2021 1795 2169 1833 ipsorum
2184 1794 2333 1825 flammas

1325 1849 1528 1885 extinguere,
1548 1857 1613 1878 non
1630 1848 1737 1878 5011101
1755 1847 1960 1878 defensionis
1978 1856 2113 1877 manum
2130 1847 2333 1886 persecutio-

1325 1911 1405 1931 num
1432 1901 1567 1939 ignibus
1595 1910 1660 1931 non
1683 1905 1869 1939 apponunt,
1894 1909 2009 1931 verum
2032 1901 2147 1935 etiam,
2174 1900 2334 1940 quodam-

1324 1955 1419 1985 modo
1449 1955 1543 1992 ignes
1569 1954 1703 1992 ignibus
1733 1953 1967 1989 accendentes,
1997 1962 2052 1983 eos
2079 1953 2334 1992 importabiliter

1324 2012 1553 2046 persecuntur.
1578 2007 1670 2037 Sicut
1693 2006 1780 2037 enim
1802 2006 1841 2036 ad
1865 2015 1924 2035 nos
1950 2005 2060 2035 dilecti
2084 2005 2145 2035 filii
2166 2005 2332 2036 ..abbatis

1324 2061 1478 2091 Cistercii
1503 2064 1534 2091 et
1560 2060 1756 2090 coabbatum
1781 2051 1904 2098 ipsius,
1931 2059 2165 2090 Cisterciensis
2192 2058 2330 2094 ordinis,

1325 2113 1460 2153 querela
1482 2113 1592 2151 gravis
1613 2117 1643 2142 et
1665 2112 1827 2150 stupenda
1849 2112 2016 2150 pervenit,
2039 2120 2114 2141 cum
2137 2111 2332 2142 auctoritate

1325 2166 1503 2204 apostolica
1519 2166 1562 2196 sit
1580 2169 1739 2195 statutum
1758 2169 1788 2195 et
1806 2173 1959 2203 expresse
1976 2164 2216 2194 nichilominus
2232 2163 2331 2194 inter-

1324 2220 1465 2250 dictum.
1492 2224 1527 2249 ut
1548 2218 1631 2248 nulli
1652 2218 1787 2247 omnino
1810 2217 1908 2247 liceat
1929 2218 1964 2247 in
1988 2217 2120 2247 eosdem
2143 2217 2278 2248 abbates
2301 2221 2332 2247 et

1324 2281 1437 2302 eorum
1453 2271 1655 2301 monasteria
1672 2280 1730 2301 seu
1748 2271 1868 2300 fratres
1884 2270 1969 2299 inibi
1986 2270 2199 2305 constitutos,
2218 2273 2333 2300 contra

1322 2325 1355 2354 id
1368 2325 1454 2363 quod
1468 2324 1508 2353 ab
1521 2324 1650 2361 origine
1664 2323 1791 2353 ordinis
1808 2322 2170 2357 nosciturinstitutum,
2189 2331 2250 2352 nec
2265 2331 2331 2352 non

1323 2379 1356 2407 in
1387 2378 1514 2407 vicinos
1540 2377 1591 2407 vel
1619 2376 1882 2411 mercennarios,
1912 2384 1970 2414 pro
1995 2384 2032 2405 eo
2059 2375 2145 2414 quod
2171 2375 2261 2414 ipsos
2291 2375 2332 2405 ad

1321 2430 1538 2461 laborandum
1555 2430 1722 2469 adjuvant,
1740 2447 1779 2450 —
1797 2438 1854 2459 seu
1871 2428 2098 2459 benefactores
2115 2437 2203 2463 suos,
2221 2436 2279 2466 pro
2292 2437 2330 2459 eo

1323 2483 1409 2522 quod
1429 2483 1541 2521 aliqua
1564 2483 1645 2521 ipsis
1670 2482 1832 2511 beneficia
1856 2481 1907 2511 vel
1934 2480 2093 2519 obsequia
2119 2480 2327 2519 obsequiose,

1322 2536 1431 2565 studio
1447 2535 1606 2570 caritatis,
1622 2534 1825 2572 impendant,
1844 2538 1900 2563 aut
1914 2533 1948 2562 in
1965 2533 2110 2572 aliquem
2127 2532 2166 2563 de
2180 2532 2329 2572 ipsorum

1320 2589 1460 2618 familia.
1476 2588 1634 2627 quamdiu
1649 2587 1682 2616 in
1697 2596 1810 2617 eorum
1823 2586 1925 2616 fuerit
1936 2585 2108 2621 famulatu,
2122 2594 2179 2623 pro
2193 2593 2231 2615 eo
2242 2585 2330 2624 quod

1321 2642 1482 2675 det-imas,
1504 2641 1598 2680 juxta
1621 2641 1706 2679 qnod
1729 2649 1840 2669 corum
1864 2639 1974 2669 ordini
1993 2638 2161 2669 indultum
2180 2642 2243 2674 est,
2261 2646 2328 2668 non

1320 2694 1528 2733 persolvunt,
1547 2693 1596 2723 vel
1621 2692 1747 2731 aliquid
1767 2692 1857 2722 aliud
1878 2691 1961 2730 ipsis
1983 2690 2023 2720 al)
2039 2690 2229 2729 Apostolica
2244 2690 2327 2720 Sede

1321 2756 1530 2781 concessum,
1558 2745 1727 2776 interdicti
1747 2744 1799 2775 vel
1819 2743 2171 2774 excommunicationis
2193 2747 2328 2773 senten-

1320 2801 1399 2830 tiam
1411 2799 1620 2839 promulgare
1634 2809 1640 2828 2
1654 2798 1789 2838 quidam
1801 2795 2052 2836 archiepiscopi,
2067 2795 2212 2834 episcopi
2224 2799 2256 2826 et
2268 2795 2327 2825 alii

1354 2900 1373 2922 1.
1391 2899 1431 2923 Cf.
1449 2899 1526 2928 Luc„
1542 2898 1614 2928 XVI,
1631 2898 1653 2922 8.

1348 2942 1371 2966 ’2.
1389 2942 1430 2967 Cf.
1446 2942 1538 2972 Mica„
1557 2942 1616 2970 Vll,
1630 2941 1652 2965 2.
