2498 3242
155 290 221 320 '621
1040 279 1222 318 SimeE
1244 281 1404 318 ANNEE.
2221 292 2278 322 522

167 359 199 386 et
223 355 396 385 hortamur
420 355 596 389 attentius,
621 355 655 384 in
674 355 908 385 remissionem
932 354 993 383 tibi
1018 353 1182 393 peccami-

169 417 250 438 num
274 408 488 447 injungentes
511 412 676 446 quatenus
701 407 763 437 suh
783 407 873 437 felici
895 407 1071 438 desiderio,
1094 405 1181 445 qnod

167 461 354 491 sinceritati
374 464 427 490 tue
454 461 637 497 :xl-aliarum
659 460 822 491 Dominus
844 460 1036 498 inspiravit,
1057 467 1182 498 quous-

167 523 231 552 que
249 513 310 543 tihi
329 522 428 552 super
452 514 524 552 ipso
548 517 698 543 nostrum
717 513 963 552 beneplacitum
980 512 1179 546 reseremus,

165 566 299 597 firmum
318 576 413 604 geras
433 567 581 596 animum
601 571 631 597 et
651 567 806 605 spiritum
821 566 946 596 habeas
962 565 1180 600 indefessum,

166 619 328 649 studendo
353 619 592 649 nichilominus
616 619 783 649 firmitatis
809 619 944 649 reddere
967 618 1074 649 sos-ios
1099 627 1182 657 quos

165 672 233 703 voti
251 672 430 712 participes
449 673 606 704 effecisti.
632 672 809 712 presertim
834 681 923 708 cum,
945 676 1077 702 auctore
1096 672 1180 707 Deo,

167 734 267 764 super
281 725 341 755 hoc
355 726 528 764 providere
546 726 656 755 taliter
671 725 896 760 intendamus,
913 725 1000 764 quod
1018 724 1058 754 ad
1076 723 1182 753 divini

165 777 299 808 laudem
318 778 481 809 nominis,
499 779 598 808 Terre
615 778 735 808 Sancte
754 779 939 816 profectum
962 781 993 808 et
1012 781 1066 807 tue
1091 776 1182 807 salu-

166 836 233 862 tem
258 832 368 861 anime
394 831 604 861 redundabit.
634 832 804 865 Ceterum,
826 835 861 860 ut
886 831 922 860 in
949 830 1088 860 salutari
1113 831 1181 860 Deo

166 889 279 915 noster
294 885 432 923 spiritus
446 884 578 923 plenius
591 884 757 919 ilai-esem,
773 884 906 914 nomina
922 883 1084 913 baronum
1098 891 1181 922 quos

166 937 228 966 tibi
251 937 291 967 ad
313 937 506 976 hujusmodi
531 936 650 967 salutis
675 936 846 974 negotium
868 935 1081 966 laudabiliter
1106 935 1181 965 alli-

165 990 266 1029 gastL
289 991 354 1020 tuis
379 995 410 1020 et
435 991 582 1029 ipsorum
604 990 726 1020 litteris
751 990 847 1020 nobis
873 989 1025 1019 volumus
1044 989 1178 1028 aperiri.

164 1044 238 1073 Dat.
260 1044 423 1082 Anagnie,
439 1043 591 1074 kalendis
605 1043 778 1078 februarii,
795 1051 882 1073 anno
899 1047 1001 1073 sexto.
1024 1055 1036 1069 >i

238 1237 348 1266 ¹02¹
704 1234 832 1269 Anagni,
847 1234 882 1261 28
893 1235 1008 1268 Janvier
1028 1234 1105 1261 1233.

200 1299 307 1326 Abbati
329 1302 358 1325 et
379 1299 534 1325 conventui
560 1296 659 1324 Sancti
682 1296 815 1332 Dionysii
842 1296 869 1322 in
895 1295 1029 1327 Francia,
1054 1305 1177 1331 quorum

165 1348 384 1378 monasterium,
410 1350 527 1382 propter
551 1347 718 1381 frequentes
742 1345 950 1372 concessiones
975 1345 1127 1372 domorum
1151 1348 1179 1372 et

164 1398 349 1432 grangiarum
364 1395 398 1422 ab
410 1395 484 1430 ipsis
495 1395 596 1429 factas,
609 1403 664 1421 non
679 1394 820 1421 modicam
834 1394 988 1420 laesionem
1000 1394 1176 1425 incurrebat,

164 1445 275 1472 inhibet
298 1453 333 1471 ne
352 1445 455 1471 domos
476 1445 519 1470 vel
543 1445 679 1479 grangias
700 1451 770 1470 suas
790 1443 876 1470 alicui
895 1443 1001 1470 clerico
1020 1444 1082 1470 sive
1104 1443 1177 1470 laico

163 1494 333 1521 concedant.
348 1508 382 1514 —
399 1493 483 1528 (Rae.
502 1493 544 1525 16,
562 1493 581 1521 f.
600 1493 634 1520 79
649 1499 693 1524 v⁰;
711 1500 777 1520 ann.
792 1491 844 1526 VI,
861 1501 888 1519 c.
904 1491 979 1524 272.)

203 1609 216 1624 α
241 1620 260 1626 ..
285 1597 387 1626 abbati
413 1601 440 1625 et
468 1597 634 1626 conventui
662 1596 770 1626 Sancti
801 1596 935 1624 Dionisii
963 1596 999 1624 in
1027 1596 1173 1625 Francia.

160 1650 350 1689 Congruam
368 1649 469 1680 officii
491 1648 597 1680 nostri
615 1666 664 1678 —.
684 1649 758 1679 Dat.
777 1648 947 1687 Anagnie,
967 1649 996 1679 V
1015 1648 1176 1679 kalendas

159 1703 333 1737 februarii,
355 1711 441 1733 anno
460 1706 563 1732 sexto.
583 1714 596 1728 »

232 1897 347 1928 ¹⁰22

195 1959 394 1994 Squillaceno,
424 1958 559 1985 Militensi
584 1961 613 1984 et
633 1957 877 1985 Geneoeastrensi
904 1963 947 1991 (=
967 1959 1177 1996 Belcastrensi)

160 2008 307 2043 episcopis
327 2007 545 2042 inquisitionem
561 2006 721 2034 faciendam
734 2008 889 2034 committit
905 2007 940 2034 de
955 2009 1070 2035 actibus
1082 2008 1116 2037 B.
1129 2018 1177 2036 ar-

162 2056 384 2091 chipresbyteri.
411 2056 461 2091 qui
487 2055 641 2082 ecclesiam
669 2055 855 2083 Giracensem
883 2058 1064 2092 usurpatoris
1092 2059 1177 2085 modo

162 2105 341 2139 introiverat,
362 2105 561 2132 ecclesiastica
584 2109 779 2139 sacramenta,
801 2114 876 2140 quae
897 2107 1060 2140 pontificale
1083 2107 1177 2142 poscit

162 2153 286 2180 officium
297 2175 303 2186 ,
322 2153 504 2187 frequentare
517 2161 550 2180 ac
566 2153 762 2188 indulgentias
777 2154 922 2181 effundere
935 2163 990 2182 non
1008 2156 1175 2191 formidans,

162 2203 292 2229 eamdem
309 2202 462 2229 ecclesiam
479 2203 616 2232 gravibus
631 2202 736 2229 debitis
751 2202 891 2230 inutiliter
906 2204 1037 2238 obligans
1053 2206 1175 2240 ejiisque

162 2252 237 2278 bona
252 2251 423 2286 dilapidans.
440 2259 514 2286 quae
530 2251 596 2278 tiliis
616 2251 680 2278 suis
699 2251 820 2286 aliisque
838 2253 1009 2288 propinquis
1024 2258 1052 2280 et
1068 2254 1177 2289 iniqui-

161 2301 228 2328 tatis
239 2309 310 2328 snae
326 2300 487 2327 fautoribus
504 2300 686 2333 conferebat3
703 2302 752 2335 qui
769 2304 926 2336 praeterea,
946 2302 1132 2338 presbyteros
1147 2307 1176 2332 et

161 2350 283 2377 clericos
303 2350 434 2384 bigamos
455 2354 542 2384 atque
558 2350 675 2384 spurios
693 2350 802 2384 passim
820 2350 854 2377 ad
875 2351 992 2378 ordines
1013 2354 1176 2387 promoveri

701 1896 829 1931 Anagnt,
846 1896 879 1924 30
892 1897 1007 1931 janvier
1023 1897 1101 1924 ¹233.

114 2411 122 2420 ·
161 2399 331 2433 permittens
340 2402 369 2424 et
379 2398 561 2425 matrimonia
571 2399 706 2425 nonnulla
716 2398 744 2425 in
754 2399 845 2434 gradu
859 2400 1002 2435 prohibito
1012 2401 1174 2435 celebrans,

159 2447 279 2474 demens
294 2447 415 2474 effectus
431 2450 502 2474 erat.
519 2461 552 2467 -
568 2446 653 2480 (Rae.
672 2447 712 2479 16,
731 2448 750 2476 f.
767 2447 800 2475 80
816 2455 856 2482 r⁰3
874 2456 941 2476 ann.
959 2448 1011 2480 VI,
1029 2457 1055 2476 c.
1073 2449 1148 2484 273.)

201 2561 214 2576 α
235 2572 254 2578 ..
273 2549 508 2587 Squillaccn[0],
530 2572 549 2578 ..
571 2550 720 2580 Militensi
743 2555 769 2580 ct
790 2573 809 2579 ..
835 2551 1079 2581 Gencocastrensi
1096 2554 1175 2590 epis-

161 2603 251 2641 copis.
274 2602 376 2632 Fatue
395 2602 517 2632 mentis
535 2602 694 2633 exhibent
711 2620 760 2632 —.
780 2603 854 2633 Dat.
872 2604 1036 2643 Anagnie,
1052 2606 1102 2636 III
1120 2605 1175 2635 ka-

159 2655 276 2686 lendas
294 2655 468 2690 februarii,
489 2664 576 2685 anno
595 2660 697 2686 sexto.
721 2669 733 2683 »

240 2846 357 2875 1073

200 2908 328 2942 Decumi,
343 2908 546 2936 archidiacono
562 2912 590 2935 et.
606 2909 744 2944 magistro
759 2908 917 2943 Guiberto‚
933 2911 1074 2938 canonico
1090 2911 1178 2939 Auti—

164 2958 394 2988 siodorensihus,
411 2957 526 2984 mandat
541 2961 685 2992 quatenus
700 2958 849 2986 inhibeant
863 2966 898 2986 ne
913 2959 1044 2987 canonici
1061 2960 1178 2995 quidam

706 2846 834 2889 Anagni,
848 2847 1009 2883 20janvie1·
1026 2848 1104 2876 ¹233.

1265 353 1447 381 parisienses
1463 355 1536 381 intra
1552 355 1710 382 claustrum
1725 355 1898 382 Parisiensis
1910 356 2049 383 ecclesiae
2061 358 2160 384 vinum
2171 362 2278 385 suum¹

1265 402 1349 428 vendi
1365 402 1478 434 saciant,
1495 403 1740 438 quemadmodum
1755 404 1888 431 venditur
1904 405 1931 430 in
1948 405 2084 437 tabernis,
2104 414 2155 433 nec
2171 407 2279 433 ibidem

1264 451 1378 478 lusores
1393 455 1421 478 et
1436 455 1580 486 potatores
1596 453 1780 479 conveniant.
1792 466 1829 473 —
1844 453 1927 486 (Rae.
1948 454 1988 486 16,
2006 454 2025 481 t‘.
2043 454 2076 481 80
2091 460 2130 488 r⁰;
2143 463 2212 483 ann.
2226 455 2276 487 VI,

1264 507 1290 526 c.
1307 500 1381 530 274.)

1307 627 1320 642 «
1344 639 1363 644 ..
1383 616 1504 651 decano,
1527 638 1544 645 ..
1565 617 1784 646 archidiacono
1800 622 1826 645 et
1846 619 1992 655 mayislro
2012 618 2165 655 Gniherto,
2184 628 2278 649 cano-

1264 670 1335 698 nico
1358 669 1666 698 Autisiodorensibus.
1693 670 1854 699 Mirantes
1879 670 2067 701 audivimus
2087 675 2117 701 et
2133 689 2181 701 —.
2202 672 2275 702 Dat.

1264 722 1428 760 Anagnie‚
1447 722 1530 752 XIII
1543 721 1702 752 kalendas
1718 722 1892 758 februarii,
1912 731 1999 752 anno
2017 728 2119 753 sexto.
2143 736 2155 750 »

1341 907 1458 935 1074

1302 968 1483 995 Patriarchae
1495 968 1638 995 Gradensi
1649 969 1765 996 mandat
1775 973 1919 1004 quatenus
1934 970 2083 997 arbitrium
2095 972 2169 997 inter
2180 971 2276 1005 ipsum

1263 1017 1454 1051 patriarcham
1477 1021 1505 1044 et
1526 1017 1691 1052 Mlarcumh
1715 1017 1911 1045 castellanum
1936 1020 2117 1054 episcopum,
2142 1029 2191 1055 per
2209 1020 2278 1048 Jor-

1262 1065 1379 1099 danum,
1397 1065 1521 1100 priorem
1538 1065 1636 1093 Sancti
1654 1066 1802 1093 Benedicti
1822 1066 1964 1102 Paduam,
1985 1074 2012 1095 et
2027 1070 2091 1103 ejus
2107 1069 2278 1104 conjudices

1263 1114 1414 1148 prolatum,
1431 1118 1460 1141 et
1474 1124 1490 1141 a
1506 1114 1580 1141 Sede
1597 1115 1766 1150 Apostolica
1784 1117 1811 1143 in
1832 1117 1968 1144 nonnulis
1985 1117 2056 1144 locis
2077 1118 2275 1151 immutatum,

1261 1162 1462 1189 iuviolabiliter
1484 1163 1630 1197 observet,
1654 1165 1764 1191 inserto
1779 1165 1835 1192 sub
1852 1173 1905 1192 sua
1922 1166 1997 1192 bulla
2013 1166 2150 1200 praedicti
2166 1168 2276 1195 arbitrii

1261 1214 1371 1237 tenore.
1389 1227 1422 1231 —
1437 1211 1522 1246 (Rae.
1541 1212 1581 1247 16,
1599 1213 1617 1241 f.
1633 1212 1666 1240 80
1683 1218 1727 1246 νος
1745 1222 1812 1242 ann.
1830 1213 1882 1248 VI,
1898 1222 1923 1241 c.
1940 1214 2010 1249 2753
2026 1229 2062 1236 —
2075 1216 2111 1242 ct.
2130 1215 2278 1244 Porrima·

1261 1259 1354 1292 9083.)

1832 907 1957 942 Anagni,
1977 908 1991 934 3
2006 908 2111 935 sevrier
2126 908 2205 936 1233.

1304 1374 1316 1387 α
1340 1385 1359 1390 ..
1380 1364 1561 1400 patriarche
1587 1364 1744 1394 Gradensi.
1774 1365 2034 1404 Longinquitate
2061 1375 2138 1406 sepe
2164 1367 2198 1397 fit
2224 1385 2273 1396 —.

1260 1414 1335 1444 Dat.
1355 1415 1520 1453 Anagnia,
1541 1417 1592 1446 III
1610 1425 1715 1447 nonas
1736 1417 1908 1454 februarii,
1930 1428 2017 1449 anno
2036 1423 2136 1449 sexto.
2160 1432 2174 1447 »

1293 1551 1395 1576 mata
1405 1565 1435 1570 -
1442 1547 1475 1575 In
1485 1549 1609 1584 eundem
1619 1549 1737 1577 modum
1747 1551 1888 1586 scriptum
1898 1555 1943 1579 est
1954 1573 1971 1579 ..
1981 1554 2101 1587 episcopo
2109 1554 2273 1582 Castellano.

1260 1611 1293 1616 —
1310 1596 1471 1630 (Por'rffls'r
1486 1598 1579 1631 9083.)

1295 1711 1406 1739 Textus
1420 1721 1489 1740 vero
1505 1714 1645 1748 praedicti
1660 1714 1771 1741 arbitrii
1788 1716 1832 1742 sic
1846 1715 1948 1751 incipit
1963 1719 1991 1743 et
2007 1716 2136 1744 desinit2
2152 1728 2158 1744 ε

1336 1893 1472 1929 [iove]
1629 1895 1804 1923 Saint-Leon
1823 1907 1836 1920 ‹-
1854 1897 1888 1924 de
1906 1897 2001 1925 Bucca
2018 1898 2159 1926 Fluminis
2176 1910 2201 1931 n,

1776 1945 1793 1973 6
1809 1945 1962 1973 decembre
1980 1947 2058 1974 1231.

1302 2062 1315 2077 «
1336 2051 1374 2080 In
1393 2051 1528 2082 nomine
1551 2052 1686 2082 Domini
1710 2053 1771 2083 Dei
1796 2055 1901 2084 nostri
1927 2056 2044 2085 eterni.
2068 2057 2166 2086 Anno
2186 2057 2276 2097 ejus-

1261 2114 1274 2129 »
1301 2102 1375 2133 dem
1388 2104 1575 2136 nativitatis
1587 2106 1839 2143 M⁰CC⁰XXXI⁰‚
1854 2108 2037 2139 indictione
2049 2110 2147 2146 1111³,
2164 2110 2217 2141 die
2229 2111 2275 2141 VI

1261 2167 1274 2182 n
1299 2155 1447 2187 intrante
1466 2157 1644 2194 decembri,
1665 2160 1752 2198 apud
1771 2160 1946 2191 ecclesiam
1965 2162 2077 2191 Sancti
2098 2163 2218 2194 Leonis
2236 2164 2275 2194 de

1261 2220 1274 2235 n
1299 2209 1409 2239 Bucca
1431 2210 1596 2242 Fluminis
1610 2213 1622 2232 ⁴
1638 2229 1688 2243 -.
1712 2213 1781 2243 Nos
1805 2214 2008 2245 J01·danus⁵.
2029 2215 2143 2245 Sancti
2168 2217 2276 2248 Bene-

1261 2273 1274 2289 »
1299 2262 1380 2292 dieti
1400 2263 1563 2299 Paduam,
1578 2269 1609 2295 et
1622 2264 1790 2302 Albertus,
1807 2267 1921 2297 Sancti
1934 2268 2100 2299 Johannis
2114 2269 2153 2300 de
2165 2270 2276 2300 Monte

1261 2327 1274 2341 »
1301 2315 1402 2346 Siliee
1415 2316 1554 2354 priores,
1572 2322 1603 2347 et.
1619 2318 1779 2356 magister
1795 2320 2012 2358 Bernjardus]
2023 2322 2201 2359 Wascus⁰‚
2219 2323 2277 2354 de-

1260 2380 1274 2395 n
1300 2368 1476 2399 crotalium
1494 2370 1617 2406 doctor,
1641 2371 1764 2410 quibus
1787 2372 1941 2403 dominus
1959 2383 2043 2413 papa
2061 2392 2100 2397 -
2114 2380 2146 2406 et
2163 2375 2276 2406 nullus

1260 2434 1274 2449 »
1300 2422 1387 2453 alius
1406 2424 1618 2454 contradixit.
1641 2437 1654 2452 »

1292 2567 1312 2592 1.
1328 2570 1360 2593 Id
1377 2572 1416 2593 est
1431 2578 1438 2593 :
1454 2569 1580 2600 ipsorum
1596 2571 1796 2596 canonicorum
1813 2572 2021 2599 Parisiensium.

1288 2611 1312 2637 2.
1328 2612 1368 2637 Le
1383 2615 1458 2638 texte
1475 2614 1567 2638 sourni
1580 2622 1630 2646 par
1644 2616 1670 2639 le
1686 2616 1812 2646 Registre
1831 2620 1871 2640 est
1885 2624 1923 2641 un
1937 2624 1990 2648 peu
2004 2618 2132 2642 different
2148 2619 2185 2643 du
2200 2622 2275 2644 texte

1258 2655 1384 2687 imprime
1406 2657 1475 2682 dans
1497 2659 1537 2683 les
1561 2660 1680 2683 recueils
1700 2660 1768 2684 cites
1791 2667 1840 2691 par
1861 2661 1987 2685 Potthast
2007 2663 2046 2691 (η’
2071 2663 2150 2692 9083),
2169 2671 2275 2688 comme

1258 2700 1408 2725 l’attestent
1423 2703 1463 2726 les
1480 2703 1613 2734 quelques
1633 2704 1774 2728 variantes
1790 2705 1935 2736 indiquees
1951 2706 2114 2731 ci-dessous.

1290 2744 1312 2769 3.
1328 2747 1490 2771 Indictione
1506 2743 1560 2771 1'111
1577 2750 1604 2771 et
1619 2754 1675 2771 non
1690 2750 1846 2773 indictione
1866 2752 1895 2778 V,
1914 2756 1978 2774 sans
1995 2751 2080 2775 doute
2096 2758 2177 2782 parce
2193 2752 2274 2783 qu'ici

1259 2789 1325 2814 e'est
1345 2790 1504 2816 l'Indiction
1525 2792 1673 2823 Romaino,
1695 2796 1886 2825 commencant
1904 2801 1938 2818 au
1959 2796 2078 2826 premier
2093 2797 2208 2827 ianvier,
2227 2799 2274 2829 qui

1260 2836 1301 2858 ost
1317 2835 1417 2860 suivie.

1291 2878 1314 2903 ⁴.
1328 2880 1460 2908 Imprim.
1479 2879 1508 2905 S.
1524 2880 1627 2904 Leonis
1643 2880 1772 2905 debtucta
1787 2882 1866 2906 suris.

1293 2923 1318 2947 5.
1332 2924 1464 2952 tmprim.
1481 2923 1632 2949 Johannes.

1294 2966 1316 2991 6.
1334 2969 1466 2997 Imprim.
1485 2968 1595 2993 Vastus.
