<?xml version="1.0" encoding="UTF-8"?>
<!DOCTYPE html PUBLIC "-//W3C//DTD XHTML 1.0 Transitional//EN"
    "http://www.w3.org/TR/xhtml1/DTD/xhtml1-transitional.dtd">
<html xmlns="http://www.w3.org/1999/xhtml" xml:lang="en" lang="en">
 <head>
  <title>
</title>
<meta http-equiv="Content-Type" content="text/html;charset=utf-8" />
  <meta name='ocr-system' content='tesseract 3.04.00' />
  <meta name='ocr-capabilities' content='ocr_page ocr_carea ocr_par ocr_line ocrx_word'/>
</head>
<body>
  <div class='ocr_page' id='page_1' title='image "./lesregistresdegr01cathuoft_0240.png"; bbox 0 0 2498 3242; ppageno 0'>
   <div class='ocr_carea' id='block_1_1' title="bbox 192 366 251 394">
    <p class='ocr_par' dir='ltr' id='par_1_1' title="bbox 192 366 251 394">
     <span class='ocr_line' id='line_1_1' title="bbox 192 366 251 394; baseline -0.085 0"><span class='ocrx_word' id='word_1_1' title='bbox 192 366 251 394; x_wconf 63' lang='lat'>463</span> 
     </span>
    </p>
   </div>
   <div class='ocr_carea' id='block_1_2' title="bbox 192 442 1228 1371">
    <p class='ocr_par' dir='ltr' id='par_1_2' title="bbox 192 442 1225 587">
     <span class='ocr_line' id='line_1_2' title="bbox 193 442 1225 482; baseline -0.003 -8"><span class='ocrx_word' id='word_1_2' title='bbox 193 448 321 475; x_wconf 74' lang='lat' dir='ltr'>curator</span> <span class='ocrx_word' id='word_1_3' title='bbox 336 445 355 474; x_wconf 82' lang='lat' dir='ltr'>ti</span> <span class='ocrx_word' id='word_1_4' title='bbox 363 445 473 474; x_wconf 80' lang='lat' dir='ltr'>rmiter</span> <span class='ocrx_word' id='word_1_5' title='bbox 485 444 649 474; x_wconf 78' lang='lat' dir='ltr'>asserebat</span> <span class='ocrx_word' id='word_1_6' title='bbox 662 444 694 473; x_wconf 95' lang='lat' dir='ltr'>in</span> <span class='ocrx_word' id='word_1_7' title='bbox 707 444 869 482; x_wconf 82' lang='lat' dir='ltr'>prefatum</span> <span class='ocrx_word' id='word_1_8' title='bbox 882 443 937 472; x_wconf 75' lang='lat' dir='ltr'>W.</span> <span class='ocrx_word' id='word_1_9' title='bbox 949 444 1105 481; x_wconf 79' lang='lat' dir='ltr'>majorem</span> <span class='ocrx_word' id='word_1_10' title='bbox 1122 451 1193 480; x_wconf 87' lang='lat' dir='ltr'>par·</span> <span class='ocrx_word' id='word_1_11' title='bbox 1224 442 1225 482; x_wconf 60' lang='lat' dir='ltr'>l</span> 
     </span>
     <span class='ocr_line' id='line_1_3' title="bbox 193 488 1225 535; baseline -0.004 -9"><span class='ocrx_word' id='word_1_12' title='bbox 193 501 256 527; x_wconf 83' lang='lat' dir='ltr'>tem</span> <span class='ocrx_word' id='word_1_13' title='bbox 275 498 372 526; x_wconf 72' lang='lat' dir='ltr'>totius</span> <span class='ocrx_word' id='word_1_14' title='bbox 389 497 522 535; x_wconf 77' lang='lat' dir='ltr'>capituli</span> <span class='ocrx_word' id='word_1_15' title='bbox 539 497 762 526; x_wconf 68' lang='lat' dir='ltr'>consensisse:</span> <span class='ocrx_word' id='word_1_16' title='bbox 784 496 954 534; x_wconf 79' lang='lat' dir='ltr'>presertim</span> <span class='ocrx_word' id='word_1_17' title='bbox 971 504 1042 524; x_wconf 82' lang='lat' dir='ltr'>cum</span> <span class='ocrx_word' id='word_1_18' title='bbox 1060 494 1197 533; x_wconf 87' lang='lat' dir='ltr'>predicti</span> <span class='ocrx_word' id='word_1_19' title='bbox 1224 488 1225 491; x_wconf 35' lang='lat'>¹</span> 
     </span>
     <span class='ocr_line' id='line_1_4' title="bbox 192 547 1196 587; baseline -0.003 -9"><span class='ocrx_word' id='word_1_20' title='bbox 192 551 256 580; x_wconf 87' lang='lat' dir='ltr'>duo</span> <span class='ocrx_word' id='word_1_21' title='bbox 278 558 350 578; x_wconf 72' lang='lat' dir='ltr'>cum</span> <span class='ocrx_word' id='word_1_22' title='bbox 366 550 599 587; x_wconf 67' lang='lat' dir='ltr'>protestatione</span> <span class='ocrx_word' id='word_1_23' title='bbox 613 549 749 578; x_wconf 82' lang='lat' dir='ltr'>admissi</span> <span class='ocrx_word' id='word_1_24' title='bbox 768 549 888 578; x_wconf 79' lang='lat' dir='ltr'>suerint</span> <span class='ocrx_word' id='word_1_25' title='bbox 909 548 949 577; x_wconf 86' lang='lat' dir='ltr'>ab</span> <span class='ocrx_word' id='word_1_26' title='bbox 965 547 1119 577; x_wconf 88' lang='lat' dir='ltr'>onmibus</span> <span class='ocrx_word' id='word_1_27' title='bbox 1142 555 1196 584; x_wconf 86' lang='lat' dir='ltr'>ap-</span> 
     </span>
    </p>

    <p class='ocr_par' dir='ltr' id='par_1_3' title="bbox 192 600 1228 1371">
     <span class='ocr_line' id='line_1_5' title="bbox 193 600 1226 641; baseline -0.003 -11"><span class='ocrx_word' id='word_1_28' title='bbox 193 602 338 641; x_wconf 55' lang='lat' dir='ltr'>piu-lata.</span> <span class='ocrx_word' id='word_1_29' title='bbox 357 602 464 636; x_wconf 76' lang='lat' dir='ltr'>Quare</span> <span class='ocrx_word' id='word_1_30' title='bbox 479 601 574 631; x_wconf 63' lang='lat' dir='ltr'>nobis</span> <span class='ocrx_word' id='word_1_31' title='bbox 590 601 757 631; x_wconf 85' lang='lat' dir='ltr'>humiliter</span> <span class='ocrx_word' id='word_1_32' title='bbox 773 600 976 639; x_wconf 70' lang='lat' dir='ltr'>supplicabat</span> <span class='ocrx_word' id='word_1_33' title='bbox 997 602 1041 631; x_wconf 79' lang='lat' dir='ltr'>ut.</span> <span class='ocrx_word' id='word_1_34' title='bbox 1059 608 1131 628; x_wconf 77' lang='lat' dir='ltr'>cum</span> <span class='ocrx_word' id='word_1_35' title='bbox 1144 608 1195 628; x_wconf 84' lang='lat' dir='ltr'>ea-</span> <span class='ocrx_word' id='word_1_36' title='bbox 1225 612 1226 619; x_wconf 58' lang='grc'>1</span> 
     </span>
     <span class='ocr_line' id='line_1_6' title="bbox 192 646 1226 691; baseline -0.004 -8"><span class='ocrx_word' id='word_1_37' title='bbox 192 655 264 684; x_wconf 83' lang='lat' dir='ltr'>dem</span> <span class='ocrx_word' id='word_1_38' title='bbox 278 655 392 683; x_wconf 74' lang='lat' dir='ltr'>electio</span> <span class='ocrx_word' id='word_1_39' title='bbox 404 654 442 683; x_wconf 88' lang='lat' dir='ltr'>de</span> <span class='ocrx_word' id='word_1_40' title='bbox 456 654 526 684; x_wconf 76' lang='lat' dir='ltr'>viro</span> <span class='ocrx_word' id='word_1_41' title='bbox 537 654 687 683; x_wconf 86' lang='lat' dir='ltr'>litterato.</span> <span class='ocrx_word' id='word_1_42' title='bbox 702 654 852 684; x_wconf 80' lang='lat' dir='ltr'>discreto.</span> <span class='ocrx_word' id='word_1_43' title='bbox 866 653 1002 691; x_wconf 67' lang='lat' dir='ltr'>provido</span> <span class='ocrx_word' id='word_1_44' title='bbox 1018 655 1045 681; x_wconf 82' lang='lat' dir='ltr'>et</span> <span class='ocrx_word' id='word_1_45' title='bbox 1061 652 1196 681; x_wconf 83' lang='lat' dir='ltr'>honesto</span> <span class='ocrx_word' id='word_1_46' title='bbox 1225 646 1226 661; x_wconf 77' lang='lat'>³</span> 
     </span>
     <span class='ocr_line' id='line_1_7' title="bbox 192 704 1197 745; baseline -0.002 -10"><span class='ocrx_word' id='word_1_47' title='bbox 192 706 288 736; x_wconf 78' lang='lat' dir='ltr'>suerit</span> <span class='ocrx_word' id='word_1_48' title='bbox 307 716 324 735; x_wconf 88' lang='lat' dir='ltr'>a</span> <span class='ocrx_word' id='word_1_49' title='bbox 340 707 457 745; x_wconf 80' lang='lat' dir='ltr'>majori</span> <span class='ocrx_word' id='word_1_50' title='bbox 474 710 502 736; x_wconf 88' lang='lat' dir='ltr'>et</span> <span class='ocrx_word' id='word_1_51' title='bbox 521 707 645 736; x_wconf 73' lang='lat' dir='ltr'>saniori</span> <span class='ocrx_word' id='word_1_52' title='bbox 669 709 760 744; x_wconf 84' lang='lat' dir='ltr'>parte</span> <span class='ocrx_word' id='word_1_53' title='bbox 778 706 912 744; x_wconf 88' lang='lat' dir='ltr'>capituli</span> <span class='ocrx_word' id='word_1_54' title='bbox 938 706 1092 735; x_wconf 84' lang='lat' dir='ltr'>canonice</span> <span class='ocrx_word' id='word_1_55' title='bbox 1115 704 1197 733; x_wconf 85' lang='lat' dir='ltr'>cele-</span> 
     </span>
     <span class='ocr_line' id='line_1_8' title="bbox 193 757 1196 797; baseline -0.002 -10"><span class='ocrx_word' id='word_1_56' title='bbox 193 759 296 792; x_wconf 79' lang='lat' dir='ltr'>brata,</span> <span class='ocrx_word' id='word_1_57' title='bbox 316 760 420 797; x_wconf 84' lang='lat' dir='ltr'>ipsam</span> <span class='ocrx_word' id='word_1_58' title='bbox 443 759 656 797; x_wconf 65' lang='lat' dir='ltr'>dignaremur</span> <span class='ocrx_word' id='word_1_59' title='bbox 672 759 860 788; x_wconf 83' lang='lat' dir='ltr'>auctoritate</span> <span class='ocrx_word' id='word_1_60' title='bbox 883 758 1060 796; x_wconf 72' lang='lat' dir='ltr'>apostolica</span> <span class='ocrx_word' id='word_1_61' title='bbox 1078 757 1196 787; x_wconf 80' lang='lat' dir='ltr'>contir-</span> 
     </span>
     <span class='ocr_line' id='line_1_9' title="bbox 194 811 1196 850; baseline -0.003 -10"><span class='ocrx_word' id='word_1_62' title='bbox 194 819 294 840; x_wconf 67' lang='lat' dir='ltr'>mare</span> <span class='ocrx_word' id='word_1_63' title='bbox 319 812 489 841; x_wconf 69' lang='lat' dir='ltr'>Verumex</span> <span class='ocrx_word' id='word_1_64' title='bbox 510 814 598 850; x_wconf 80' lang='lat' dir='ltr'>parte</span> <span class='ocrx_word' id='word_1_65' title='bbox 609 812 709 840; x_wconf 82' lang='lat' dir='ltr'>altera</span> <span class='ocrx_word' id='word_1_66' title='bbox 723 811 831 840; x_wconf 77' lang='lat' dir='ltr'>fuitex</span> <span class='ocrx_word' id='word_1_67' title='bbox 847 811 984 840; x_wconf 70' lang='lat' dir='ltr'>adverso</span> <span class='ocrx_word' id='word_1_68' title='bbox 1002 818 1196 848; x_wconf 72' lang='lat' dir='ltr'>responsum</span> 
     </span>
     <span class='ocr_line' id='line_1_10' title="bbox 194 861 1195 901; baseline -0.002 -10"><span class='ocrx_word' id='word_1_69' title='bbox 194 863 293 901; x_wconf 81' lang='lat' dir='ltr'>quod.</span> <span class='ocrx_word' id='word_1_70' title='bbox 312 872 386 892; x_wconf 72' lang='lat' dir='ltr'>cnm</span> <span class='ocrx_word' id='word_1_71' title='bbox 405 863 620 901; x_wconf 68' lang='lat' dir='ltr'>quadraginta</span> <span class='ocrx_word' id='word_1_72' title='bbox 639 872 755 893; x_wconf 74' lang='lat' dir='ltr'>norem</span> <span class='ocrx_word' id='word_1_73' title='bbox 772 863 921 892; x_wconf 78' lang='lat' dir='ltr'>canonici</span> <span class='ocrx_word' id='word_1_74' title='bbox 937 862 1075 892; x_wconf 80' lang='lat' dir='ltr'>fuissent</span> <span class='ocrx_word' id='word_1_75' title='bbox 1094 861 1126 890; x_wconf 93' lang='grc'>111</span> <span class='ocrx_word' id='word_1_76' title='bbox 1145 870 1195 890; x_wconf 75' lang='lat' dir='ltr'>ca-</span> 
     </span>
     <span class='ocr_line' id='line_1_11' title="bbox 195 913 1197 954; baseline -0.003 -9"><span class='ocrx_word' id='word_1_77' title='bbox 195 916 310 953; x_wconf 64' lang='lat' dir='ltr'>pitulo.</span> <span class='ocrx_word' id='word_1_78' title='bbox 327 919 395 946; x_wconf 93' lang='lat' dir='ltr'>tum</span> <span class='ocrx_word' id='word_1_79' title='bbox 420 925 477 954; x_wconf 83' lang='lat' dir='ltr'>per</span> <span class='ocrx_word' id='word_1_80' title='bbox 499 925 532 945; x_wconf 80' lang='lat' dir='ltr'>se</span> <span class='ocrx_word' id='word_1_81' title='bbox 551 919 617 945; x_wconf 85' lang='lat' dir='ltr'>tuin</span> <span class='ocrx_word' id='word_1_82' title='bbox 642 925 699 954; x_wconf 82' lang='lat' dir='ltr'>per</span> <span class='ocrx_word' id='word_1_83' title='bbox 721 918 948 954; x_wconf 71' lang='lat' dir='ltr'>procuratores</span> <span class='ocrx_word' id='word_1_84' title='bbox 971 915 1117 949; x_wconf 86' lang='lat' dir='ltr'>idoneos,</span> <span class='ocrx_word' id='word_1_85' title='bbox 1141 913 1197 951; x_wconf 85' lang='lat' dir='ltr'>qui</span> 
     </span>
     <span class='ocr_line' id='line_1_12' title="bbox 195 966 1196 1007; baseline -0.001 -11"><span class='ocrx_word' id='word_1_86' title='bbox 195 977 306 997; x_wconf 67' lang='lat' dir='ltr'>vocem</span> <span class='ocrx_word' id='word_1_87' title='bbox 325 968 485 997; x_wconf 73' lang='lat' dir='ltr'>habebant</span> <span class='ocrx_word' id='word_1_88' title='bbox 499 969 531 998; x_wconf 92' lang='lat' dir='ltr'>in</span> <span class='ocrx_word' id='word_1_89' title='bbox 549 969 907 1007; x_wconf 69' lang='lat' dir='ltr'>electione,presentes,</span> <span class='ocrx_word' id='word_1_90' title='bbox 919 968 950 997; x_wconf 93' lang='lat' dir='ltr'>in</span> <span class='ocrx_word' id='word_1_91' title='bbox 967 968 1129 1005; x_wconf 76' lang='lat' dir='ltr'>prefatum</span> <span class='ocrx_word' id='word_1_92' title='bbox 1140 966 1196 996; x_wconf 82' lang='lat' dir='ltr'>W.</span> 
     </span>
     <span class='ocr_line' id='line_1_13' title="bbox 196 1019 1197 1058; baseline -0.003 -8"><span class='ocrx_word' id='word_1_93' title='bbox 196 1029 259 1050; x_wconf 91' lang='lat' dir='ltr'>non</span> <span class='ocrx_word' id='word_1_94' title='bbox 278 1021 339 1049; x_wconf 69' lang='lat' dir='ltr'>nisi</span> <span class='ocrx_word' id='word_1_95' title='bbox 358 1021 472 1058; x_wconf 69' lang='lat' dir='ltr'>viginti</span> <span class='ocrx_word' id='word_1_96' title='bbox 490 1023 641 1058; x_wconf 75' lang='lat' dir='ltr'>quatuor,</span> <span class='ocrx_word' id='word_1_97' title='bbox 663 1021 694 1050; x_wconf 94' lang='lat' dir='ltr'>in</span> <span class='ocrx_word' id='word_1_98' title='bbox 712 1021 904 1058; x_wconf 72' lang='lat' dir='ltr'>magistrum</span> <span class='ocrx_word' id='word_1_99' title='bbox 922 1028 998 1049; x_wconf 79' lang='lat' dir='ltr'>vero</span> <span class='ocrx_word' id='word_1_100' title='bbox 1013 1019 1197 1049; x_wconf 63' lang='grc'><strong>(1010100010</strong></span> 
     </span>
     <span class='ocr_line' id='line_1_14' title="bbox 194 1070 1198 1109; baseline -0.001 -10"><span class='ocrx_word' id='word_1_101' title='bbox 194 1071 232 1100; x_wconf 64' lang='grc' dir='ltr'>(ἰν</span> <span class='ocrx_word' id='word_1_102' title='bbox 251 1072 347 1099; x_wconf 73' lang='lat' dir='ltr'>Curia</span> <span class='ocrx_word' id='word_1_103' title='bbox 365 1071 476 1100; x_wconf 75' lang='lat' dir='ltr'>decem</span> <span class='ocrx_word' id='word_1_104' title='bbox 496 1073 524 1100; x_wconf 84' lang='lat' dir='ltr'>et</span> <span class='ocrx_word' id='word_1_105' title='bbox 543 1074 624 1105; x_wconf 76' lang='lat' dir='ltr'>octo,</span> <span class='ocrx_word' id='word_1_106' title='bbox 653 1073 681 1100; x_wconf 87' lang='lat' dir='ltr'>et</span> <span class='ocrx_word' id='word_1_107' title='bbox 700 1073 823 1109; x_wconf 75' lang='lat' dir='ltr'>septem</span> <span class='ocrx_word' id='word_1_108' title='bbox 842 1071 959 1108; x_wconf 76' lang='lat' dir='ltr'>reliqui</span> <span class='ocrx_word' id='word_1_109' title='bbox 978 1071 1009 1100; x_wconf 95' lang='lat' dir='ltr'>in</span> <span class='ocrx_word' id='word_1_110' title='bbox 1038 1070 1198 1108; x_wconf 87' lang='lat' dir='ltr'>quosdam</span> 
     </span>
     <span class='ocr_line' id='line_1_15' title="bbox 193 1123 1199 1161; baseline 0.001 -10"><span class='ocrx_word' id='word_1_111' title='bbox 193 1123 275 1151; x_wconf 55' lang='lat' dir='ltr'>alios</span> <span class='ocrx_word' id='word_1_112' title='bbox 291 1126 539 1152; x_wconf 51' lang='lat' dir='ltr'>consenserunt.</span> <span class='ocrx_word' id='word_1_113' title='bbox 553 1124 635 1152; x_wconf 76' lang='lat' dir='ltr'>Cum</span> <span class='ocrx_word' id='word_1_114' title='bbox 648 1125 768 1155; x_wconf 89' lang='lat' dir='ltr'>autem,</span> <span class='ocrx_word' id='word_1_115' title='bbox 779 1123 861 1152; x_wconf 83' lang='lat' dir='ltr'>sacta</span> <span class='ocrx_word' id='word_1_116' title='bbox 878 1123 1099 1161; x_wconf 76' lang='lat' dir='ltr'>publicatione</span> <span class='ocrx_word' id='word_1_117' title='bbox 1110 1124 1199 1152; x_wconf 73' lang='lat' dir='ltr'>voto-</span> 
     </span>
     <span class='ocr_line' id='line_1_16' title="bbox 195 1175 1196 1213; baseline 0 -9"><span class='ocrx_word' id='word_1_118' title='bbox 195 1183 276 1204; x_wconf 85' lang='lat' dir='ltr'>rum.</span> <span class='ocrx_word' id='word_1_119' title='bbox 294 1175 461 1204; x_wconf 83' lang='lat' dir='ltr'>nonnullis</span> <span class='ocrx_word' id='word_1_120' title='bbox 479 1175 703 1205; x_wconf 68' lang='lat' dir='ltr'>asserentibus</span> <span class='ocrx_word' id='word_1_121' title='bbox 720 1175 821 1205; x_wconf 77' lang='lat' dir='ltr'>nichil</span> <span class='ocrx_word' id='word_1_122' title='bbox 836 1176 967 1213; x_wconf 86' lang='lat' dir='ltr'>penitus</span> <span class='ocrx_word' id='word_1_123' title='bbox 984 1176 1090 1204; x_wconf 71' lang='lat' dir='ltr'>actum</span> <span class='ocrx_word' id='word_1_124' title='bbox 1113 1183 1196 1209; x_wconf 84' lang='lat' dir='ltr'>esse,</span> 
     </span>
     <span class='ocr_line' id='line_1_17' title="bbox 194 1227 1199 1265; baseline 0.001 -9"><span class='ocrx_word' id='word_1_125' title='bbox 194 1227 329 1265; x_wconf 76' lang='lat' dir='ltr'>predicti</span> <span class='ocrx_word' id='word_1_126' title='bbox 350 1228 404 1256; x_wconf 78' lang='lat' dir='ltr'>w.</span> <span class='ocrx_word' id='word_1_127' title='bbox 424 1230 454 1257; x_wconf 77' lang='lat' dir='ltr'>et</span> <span class='ocrx_word' id='word_1_128' title='bbox 471 1228 514 1263; x_wconf 83' lang='lat' dir='ltr'>J.,</span> <span class='ocrx_word' id='word_1_129' title='bbox 529 1228 568 1257; x_wconf 82' lang='lat' dir='ltr'>de</span> <span class='ocrx_word' id='word_1_130' title='bbox 595 1228 762 1257; x_wconf 81' lang='lat' dir='ltr'>voluntate</span> <span class='ocrx_word' id='word_1_131' title='bbox 779 1228 927 1257; x_wconf 91' lang='lat' dir='ltr'>omnium</span> <span class='ocrx_word' id='word_1_132' title='bbox 951 1228 1140 1257; x_wconf 85' lang='lat' dir='ltr'>secedentes</span> <span class='ocrx_word' id='word_1_133' title='bbox 1166 1227 1199 1257; x_wconf 90' lang='lat' dir='ltr'>in</span> 
     </span>
     <span class='ocr_line' id='line_1_18' title="bbox 194 1276 1228 1317; baseline 0.002 -10"><span class='ocrx_word' id='word_1_134' title='bbox 194 1281 329 1317; x_wconf 85' lang='lat' dir='ltr'>partein.</span> <span class='ocrx_word' id='word_1_135' title='bbox 345 1280 515 1310; x_wconf 76' lang='lat' dir='ltr'>‹liutiusde</span> <span class='ocrx_word' id='word_1_136' title='bbox 528 1280 1201 1310; x_wconf 78' lang='lat' dir='ltr'>alteriussubstitutionetractarentdiver-</span> <span class='ocrx_word' id='word_1_137' title='bbox 1227 1276 1228 1279; x_wconf 38' lang='lat'>¹</span> 
     </span>
     <span class='ocr_line' id='line_1_19' title="bbox 194 1332 1200 1371; baseline 0.003 -12"><span class='ocrx_word' id='word_1_138' title='bbox 194 1332 240 1360; x_wconf 82' lang='lat' dir='ltr'>sis</span> <span class='ocrx_word' id='word_1_139' title='bbox 259 1333 364 1361; x_wconf 80' lang='lat' dir='ltr'>modis</span> <span class='ocrx_word' id='word_1_140' title='bbox 383 1333 562 1371; x_wconf 76' lang='lat' dir='ltr'>expressis,</span> <span class='ocrx_word' id='word_1_141' title='bbox 576 1333 698 1371; x_wconf 84' lang='lat' dir='ltr'>quibus</span> <span class='ocrx_word' id='word_1_142' title='bbox 715 1333 753 1362; x_wconf 91' lang='lat' dir='ltr'>de</span> <span class='ocrx_word' id='word_1_143' title='bbox 768 1334 898 1371; x_wconf 86' lang='lat' dir='ltr'>pastore</span> <span class='ocrx_word' id='word_1_144' title='bbox 915 1333 1033 1362; x_wconf 88' lang='lat' dir='ltr'>idoneo</span> <span class='ocrx_word' id='word_1_145' title='bbox 1050 1333 1200 1371; x_wconf 82' lang='lat' dir='ltr'>provide-</span> 
     </span>
    </p>
   </div>
   <div class='ocr_carea' id='block_1_3' title="bbox 195 1385 1230 1424">
    <p class='ocr_par' dir='ltr' id='par_1_4' title="bbox 195 1385 1230 1424">
     <span class='ocr_line' id='line_1_20' title="bbox 195 1385 1230 1424; baseline 0.002 -11"><span class='ocrx_word' id='word_1_146' title='bbox 195 1387 283 1414; x_wconf 85' lang='lat' dir='ltr'>retur</span> <span class='ocrx_word' id='word_1_147' title='bbox 308 1385 444 1415; x_wconf 70' lang='lat' dir='ltr'>ecclesie</span> <span class='ocrx_word' id='word_1_148' title='bbox 478 1386 620 1420; x_wconf 74' lang='lat' dir='ltr'>viditate,</span> <span class='ocrx_word' id='word_1_149' title='bbox 649 1395 685 1415; x_wconf 87' lang='lat' dir='ltr'>ac</span> <span class='ocrx_word' id='word_1_150' title='bbox 709 1395 765 1424; x_wconf 85' lang='lat' dir='ltr'>per</span> <span class='ocrx_word' id='word_1_151' title='bbox 792 1386 851 1415; x_wconf 85' lang='lat' dir='ltr'>hoc</span> <span class='ocrx_word' id='word_1_152' title='bbox 872 1386 1042 1415; x_wconf 78' lang='lat' dir='ltr'>electionis</span> <span class='ocrx_word' id='word_1_153' title='bbox 1062 1387 1200 1415; x_wconf 86' lang='lat' dir='ltr'>tractatu</span> <span class='ocrx_word' id='word_1_154' title='bbox 1229 1388 1230 1391; x_wconf 76' lang='grc'>’</span> 
     </span>
    </p>
   </div>
   <div class='ocr_carea' id='block_1_4' title="bbox 194 1438 1200 1476">
    <p class='ocr_par' dir='ltr' id='par_1_5' title="bbox 194 1438 1200 1476">
     <span class='ocr_line' id='line_1_21' title="bbox 194 1438 1200 1476; baseline 0.002 -10"><span class='ocrx_word' id='word_1_155' title='bbox 194 1440 355 1475; x_wconf 76' lang='lat' dir='ltr'>protracto</span> <span class='ocrx_word' id='word_1_156' title='bbox 385 1447 447 1468; x_wconf 92' lang='lat' dir='ltr'>non</span> <span class='ocrx_word' id='word_1_157' title='bbox 472 1439 600 1468; x_wconf 84' lang='lat' dir='ltr'>modico</span> <span class='ocrx_word' id='word_1_158' title='bbox 626 1438 810 1473; x_wconf 82' lang='lat' dir='ltr'>intervallo,</span> <span class='ocrx_word' id='word_1_159' title='bbox 829 1440 894 1468; x_wconf 91' lang='lat' dir='ltr'>tam</span> <span class='ocrx_word' id='word_1_160' title='bbox 921 1438 1079 1476; x_wconf 76' lang='lat' dir='ltr'>eligentes</span> <span class='ocrx_word' id='word_1_161' title='bbox 1103 1446 1200 1476; x_wconf 87' lang='lat' dir='ltr'>quam</span> 
     </span>
    </p>
   </div>
   <div class='ocr_carea' id='block_1_5' title="bbox 196 1491 1231 1581">
    <p class='ocr_par' dir='ltr' id='par_1_6' title="bbox 196 1488 1231 1581">
     <span class='ocr_line' id='line_1_22' title="bbox 196 1491 1201 1529; baseline 0.002 -11"><span class='ocrx_word' id='word_1_162' title='bbox 196 1491 354 1519; x_wconf 70' lang='lat' dir='ltr'>nominati</span> <span class='ocrx_word' id='word_1_163' title='bbox 375 1491 510 1528; x_wconf 72' lang='lat' dir='ltr'>predicti</span> <span class='ocrx_word' id='word_1_164' title='bbox 529 1491 568 1520; x_wconf 82' lang='lat' dir='ltr'>ab</span> <span class='ocrx_word' id='word_1_165' title='bbox 587 1500 624 1520; x_wconf 94' lang='lat' dir='ltr'>eo</span> <span class='ocrx_word' id='word_1_166' title='bbox 642 1491 729 1529; x_wconf 87' lang='lat' dir='ltr'>quod</span> <span class='ocrx_word' id='word_1_167' title='bbox 746 1491 866 1520; x_wconf 82' lang='lat' dir='ltr'>factum</span> <span class='ocrx_word' id='word_1_168' title='bbox 885 1492 991 1520; x_wconf 82' lang='lat' dir='ltr'>suerat</span> <span class='ocrx_word' id='word_1_169' title='bbox 1004 1491 1201 1521; x_wconf 72' lang='lat' dir='ltr'>recesserint</span> 
     </span>
     <span class='ocr_line' id='line_1_23' title="bbox 198 1540 1231 1581; baseline 0.002 -10"><span class='ocrx_word' id='word_1_170' title='bbox 198 1542 266 1580; x_wconf 64' lang='lat' dir='ltr'>ipso</span> <span class='ocrx_word' id='word_1_171' title='bbox 284 1542 378 1577; x_wconf 77' lang='lat' dir='ltr'>sacto,</span> <span class='ocrx_word' id='word_1_172' title='bbox 394 1543 432 1572; x_wconf 85' lang='lat' dir='ltr'>de</span> <span class='ocrx_word' id='word_1_173' title='bbox 450 1544 570 1573; x_wconf 84' lang='lat' dir='ltr'>studiis</span> <span class='ocrx_word' id='word_1_174' title='bbox 585 1546 695 1573; x_wconf 82' lang='lat' dir='ltr'>tamen</span> <span class='ocrx_word' id='word_1_175' title='bbox 704 1544 895 1581; x_wconf 78' lang='lat' dir='ltr'>eligentium</span> <span class='ocrx_word' id='word_1_176' title='bbox 907 1546 935 1573; x_wconf 83' lang='lat' dir='ltr'>et</span> <span class='ocrx_word' id='word_1_177' title='bbox 957 1544 1201 1573; x_wconf 88' lang='lat' dir='ltr'>nominatorum</span> <span class='ocrx_word' id='word_1_178' title='bbox 1230 1540 1231 1549; x_wconf 60' lang='lat'>¹</span> 
     </span>
    </p>
   </div>
   <div class='ocr_carea' id='block_1_6' title="bbox 196 1595 1231 2212">
    <p class='ocr_par' dir='ltr' id='par_1_7' title="bbox 196 1595 1231 2212">
     <span class='ocr_line' id='line_1_24' title="bbox 196 1595 1200 1630; baseline 0.002 -7"><span class='ocrx_word' id='word_1_179' title='bbox 196 1595 321 1624; x_wconf 56' lang='lat' dir='ltr'>meritis</span> <span class='ocrx_word' id='word_1_180' title='bbox 340 1596 514 1625; x_wconf 83' lang='lat' dir='ltr'>collatione</span> <span class='ocrx_word' id='word_1_181' title='bbox 534 1605 597 1625; x_wconf 87' lang='lat' dir='ltr'>non</span> <span class='ocrx_word' id='word_1_182' title='bbox 615 1596 735 1630; x_wconf 84' lang='lat' dir='ltr'>habita,</span> <span class='ocrx_word' id='word_1_183' title='bbox 754 1596 866 1626; x_wconf 91' lang='lat' dir='ltr'>nullus</span> <span class='ocrx_word' id='word_1_184' title='bbox 881 1597 920 1626; x_wconf 91' lang='lat' dir='ltr'>ad</span> <span class='ocrx_word' id='word_1_185' title='bbox 936 1596 1128 1626; x_wconf 81' lang='lat' dir='ltr'>electionem</span> <span class='ocrx_word' id='word_1_186' title='bbox 1144 1596 1200 1626; x_wconf 83' lang='lat' dir='ltr'>ha-</span> 
     </span>
     <span class='ocr_line' id='line_1_25' title="bbox 197 1647 1202 1687; baseline 0.004 -12"><span class='ocrx_word' id='word_1_187' title='bbox 197 1647 283 1676; x_wconf 70' lang='lat' dir='ltr'>bitus</span> <span class='ocrx_word' id='word_1_188' title='bbox 311 1650 358 1677; x_wconf 76' lang='lat' dir='ltr'>est</span> <span class='ocrx_word' id='word_1_189' title='bbox 377 1657 564 1687; x_wconf 70' lang='lat' dir='ltr'>processus,</span> <span class='ocrx_word' id='word_1_190' title='bbox 583 1657 773 1687; x_wconf 77' lang='lat' dir='ltr'>quanquam</span> <span class='ocrx_word' id='word_1_191' title='bbox 789 1649 945 1683; x_wconf 84' lang='lat' dir='ltr'>decanus,</span> <span class='ocrx_word' id='word_1_192' title='bbox 962 1649 1018 1687; x_wconf 88' lang='lat' dir='ltr'>qui</span> <span class='ocrx_word' id='word_1_193' title='bbox 1037 1657 1095 1678; x_wconf 88' lang='lat' dir='ltr'>nec</span> <span class='ocrx_word' id='word_1_194' title='bbox 1118 1658 1136 1678; x_wconf 91' lang='lat' dir='ltr'>a</span> <span class='ocrx_word' id='word_1_195' title='bbox 1151 1657 1202 1679; x_wconf 87' lang='lat' dir='ltr'>ca-</span> 
     </span>
     <span class='ocr_line' id='line_1_26' title="bbox 196 1700 1202 1739; baseline 0.002 -10"><span class='ocrx_word' id='word_1_196' title='bbox 196 1700 299 1738; x_wconf 86' lang='lat' dir='ltr'>pitulo</span> <span class='ocrx_word' id='word_1_197' title='bbox 323 1710 422 1739; x_wconf 69' lang='lat' dir='ltr'>super</span> <span class='ocrx_word' id='word_1_198' title='bbox 446 1701 503 1730; x_wconf 81' lang='lat' dir='ltr'>hoc</span> <span class='ocrx_word' id='word_1_199' title='bbox 521 1701 711 1731; x_wconf 88' lang='lat' dir='ltr'>mandatum</span> <span class='ocrx_word' id='word_1_200' title='bbox 734 1703 911 1739; x_wconf 82' lang='lat' dir='ltr'>receperat,</span> <span class='ocrx_word' id='word_1_201' title='bbox 937 1710 995 1732; x_wconf 90' lang='lat' dir='ltr'>nec</span> <span class='ocrx_word' id='word_1_202' title='bbox 1017 1702 1116 1731; x_wconf 82' lang='lat' dir='ltr'>etiam</span> <span class='ocrx_word' id='word_1_203' title='bbox 1137 1701 1202 1731; x_wconf 84' lang='lat' dir='ltr'>sibi</span> 
     </span>
     <span class='ocr_line' id='line_1_27' title="bbox 198 1752 1231 1792; baseline 0.003 -12"><span class='ocrx_word' id='word_1_204' title='bbox 198 1752 255 1781; x_wconf 71' lang='lat' dir='ltr'>hoc</span> <span class='ocrx_word' id='word_1_205' title='bbox 274 1753 312 1782; x_wconf 88' lang='lat' dir='ltr'>de</span> <span class='ocrx_word' id='word_1_206' title='bbox 329 1754 567 1783; x_wconf 76' lang='lat' dir='ltr'>consuetudine</span> <span class='ocrx_word' id='word_1_207' title='bbox 585 1754 721 1783; x_wconf 64' lang='lat' dir='ltr'>ecclesie</span> <span class='ocrx_word' id='word_1_208' title='bbox 739 1754 952 1792; x_wconf 81' lang='lat' dir='ltr'>competebat,</span> <span class='ocrx_word' id='word_1_209' title='bbox 972 1754 1112 1784; x_wconf 90' lang='lat' dir='ltr'>eundem</span> <span class='ocrx_word' id='word_1_210' title='bbox 1130 1754 1199 1788; x_wconf 64' lang='lat' dir='ltr'>W„</span> <span class='ocrx_word' id='word_1_211' title='bbox 1230 1768 1231 1776; x_wconf 58' lang='grc'>1</span> 
     </span>
     <span class='ocr_line' id='line_1_28' title="bbox 196 1806 1202 1845; baseline 0.002 -11"><span class='ocrx_word' id='word_1_212' title='bbox 196 1808 354 1843; x_wconf 83' lang='lat' dir='ltr'>quantum</span> <span class='ocrx_word' id='word_1_213' title='bbox 380 1806 411 1835; x_wconf 89' lang='lat' dir='ltr'>in</span> <span class='ocrx_word' id='word_1_214' title='bbox 430 1815 467 1835; x_wconf 82' lang='lat' dir='ltr'>eo</span> <span class='ocrx_word' id='word_1_215' title='bbox 484 1806 556 1840; x_wconf 85' lang='lat' dir='ltr'>fuit,</span> <span class='ocrx_word' id='word_1_216' title='bbox 578 1807 709 1837; x_wconf 89' lang='lat' dir='ltr'>nomine</span> <span class='ocrx_word' id='word_1_217' title='bbox 725 1815 796 1841; x_wconf 86' lang='lat' dir='ltr'>suo,</span> <span class='ocrx_word' id='word_1_218' title='bbox 815 1809 844 1836; x_wconf 91' lang='lat' dir='ltr'>et</span> <span class='ocrx_word' id='word_1_219' title='bbox 861 1807 994 1845; x_wconf 85' lang='lat' dir='ltr'>quidam</span> <span class='ocrx_word' id='word_1_220' title='bbox 1017 1807 1073 1836; x_wconf 89' lang='lat' dir='ltr'>alii</span> <span class='ocrx_word' id='word_1_221' title='bbox 1089 1807 1202 1845; x_wconf 83' lang='lat' dir='ltr'>singu-</span> 
     </span>
     <span class='ocr_line' id='line_1_29' title="bbox 197 1857 1202 1897; baseline 0.003 -11"><span class='ocrx_word' id='word_1_222' title='bbox 197 1857 308 1887; x_wconf 74' lang='lat' dir='ltr'>lariter</span> <span class='ocrx_word' id='word_1_223' title='bbox 323 1858 354 1887; x_wconf 92' lang='lat' dir='ltr'>in</span> <span class='ocrx_word' id='word_1_224' title='bbox 368 1858 556 1897; x_wconf 64' lang='lat' dir='ltr'>epist-opum</span> <span class='ocrx_word' id='word_1_225' title='bbox 568 1859 755 1897; x_wconf 70' lang='lat' dir='ltr'>elegissent,</span> <span class='ocrx_word' id='word_1_226' title='bbox 772 1859 925 1897; x_wconf 62' lang='lat' dir='ltr'>quamxis</span> <span class='ocrx_word' id='word_1_227' title='bbox 935 1860 1073 1897; x_wconf 85' lang='lat' dir='ltr'>quedam</span> <span class='ocrx_word' id='word_1_228' title='bbox 1091 1859 1202 1897; x_wconf 81' lang='lat' dir='ltr'>liujus-</span> 
     </span>
     <span class='ocr_line' id='line_1_30' title="bbox 197 1910 1200 1950; baseline 0.003 -12"><span class='ocrx_word' id='word_1_229' title='bbox 197 1910 284 1938; x_wconf 55' lang='lat' dir='ltr'>nimii</span> <span class='ocrx_word' id='word_1_230' title='bbox 301 1910 471 1940; x_wconf 71' lang='lat' dir='ltr'>electionis</span> <span class='ocrx_word' id='word_1_231' title='bbox 495 1911 734 1949; x_wconf 64' lang='lat' dir='ltr'>sollempnitas,</span> <span class='ocrx_word' id='word_1_232' title='bbox 753 1913 903 1949; x_wconf 75' lang='lat' dir='ltr'>presente</span> <span class='ocrx_word' id='word_1_233' title='bbox 920 1912 1006 1941; x_wconf 89' lang='lat' dir='ltr'>clero</span> <span class='ocrx_word' id='word_1_234' title='bbox 1023 1914 1053 1941; x_wconf 91' lang='lat' dir='ltr'>et</span> <span class='ocrx_word' id='word_1_235' title='bbox 1068 1911 1200 1950; x_wconf 86' lang='lat' dir='ltr'>populo,</span> 
     </span>
     <span class='ocr_line' id='line_1_31' title="bbox 197 1962 1203 2001; baseline 0.003 -10"><span class='ocrx_word' id='word_1_236' title='bbox 197 1962 292 1991; x_wconf 81' lang='lat' dir='ltr'>fuerit</span> <span class='ocrx_word' id='word_1_237' title='bbox 312 1963 498 1992; x_wconf 68' lang='lat' dir='ltr'>subsecuta.</span> <span class='ocrx_word' id='word_1_238' title='bbox 523 1964 606 1993; x_wconf 87' lang='lat' dir='ltr'>Cum</span> <span class='ocrx_word' id='word_1_239' title='bbox 630 1973 705 2001; x_wconf 74' lang='lat' dir='ltr'>ergo</span> <span class='ocrx_word' id='word_1_240' title='bbox 731 1965 765 1993; x_wconf 91' lang='lat' dir='ltr'>in</span> <span class='ocrx_word' id='word_1_241' title='bbox 788 1964 926 1994; x_wconf 75' lang='lat' dir='ltr'>concilio</span> <span class='ocrx_word' id='word_1_242' title='bbox 949 1966 1103 1994; x_wconf 78' lang='lat' dir='ltr'>caveatur</span> <span class='ocrx_word' id='word_1_243' title='bbox 1122 1966 1155 1994; x_wconf 90' lang='lat' dir='ltr'>ut</span> <span class='ocrx_word' id='word_1_244' title='bbox 1174 1965 1203 1994; x_wconf 90' lang='lat' dir='ltr'>is</span> 
     </span>
     <span class='ocr_line' id='line_1_32' title="bbox 197 2015 1204 2055; baseline 0.006 -14"><span class='ocrx_word' id='word_1_245' title='bbox 197 2015 368 2045; x_wconf 68' lang='lat' dir='ltr'>.·‹f·llati·i.·ne</span> <span class='ocrx_word' id='word_1_246' title='bbox 386 2016 495 2045; x_wconf 87' lang='lat' dir='ltr'>habita</span> <span class='ocrx_word' id='word_1_247' title='bbox 514 2016 663 2053; x_wconf 76' lang='lat' dir='ltr'>eligatur,</span> <span class='ocrx_word' id='word_1_248' title='bbox 682 2017 716 2046; x_wconf 91' lang='lat' dir='ltr'>in</span> <span class='ocrx_word' id='word_1_249' title='bbox 736 2025 833 2054; x_wconf 84' lang='lat' dir='ltr'>quem</span> <span class='ocrx_word' id='word_1_250' title='bbox 851 2025 966 2046; x_wconf 89' lang='lat' dir='ltr'>omnes</span> <span class='ocrx_word' id='word_1_251' title='bbox 983 2017 1034 2047; x_wconf 82' lang='lat' dir='ltr'>vel</span> <span class='ocrx_word' id='word_1_252' title='bbox 1051 2018 1155 2055; x_wconf 87' lang='lat' dir='ltr'>major</span> <span class='ocrx_word' id='word_1_253' title='bbox 1173 2018 1204 2047; x_wconf 91' lang='lat' dir='ltr'>et</span> 
     </span>
     <span class='ocr_line' id='line_1_33' title="bbox 197 2068 1204 2107; baseline 0.002 -10"><span class='ocrx_word' id='word_1_254' title='bbox 197 2068 309 2097; x_wconf 81' lang='lat' dir='ltr'>sanior</span> <span class='ocrx_word' id='word_1_255' title='bbox 324 2077 399 2106; x_wconf 83' lang='lat' dir='ltr'>pars</span> <span class='ocrx_word' id='word_1_256' title='bbox 423 2069 596 2102; x_wconf 78' lang='lat' dir='ltr'>consentit,</span> <span class='ocrx_word' id='word_1_257' title='bbox 619 2069 651 2098; x_wconf 91' lang='lat' dir='ltr'>in</span> <span class='ocrx_word' id='word_1_258' title='bbox 672 2069 855 2106; x_wconf 84' lang='lat' dir='ltr'>predictum</span> <span class='ocrx_word' id='word_1_259' title='bbox 870 2069 925 2098; x_wconf 87' lang='lat' dir='ltr'>W.</span> <span class='ocrx_word' id='word_1_260' title='bbox 944 2069 1050 2106; x_wconf 83' lang='lat' dir='ltr'>major</span> <span class='ocrx_word' id='word_1_261' title='bbox 1064 2078 1141 2107; x_wconf 87' lang='lat' dir='ltr'>pars</span> <span class='ocrx_word' id='word_1_262' title='bbox 1158 2071 1204 2099; x_wconf 87' lang='lat' dir='ltr'>to-</span> 
     </span>
     <span class='ocr_line' id='line_1_34' title="bbox 196 2120 1204 2160; baseline 0.003 -11"><span class='ocrx_word' id='word_1_263' title='bbox 196 2120 262 2150; x_wconf 85' lang='lat' dir='ltr'>tius</span> <span class='ocrx_word' id='word_1_264' title='bbox 275 2121 410 2158; x_wconf 83' lang='lat' dir='ltr'>capituli</span> <span class='ocrx_word' id='word_1_265' title='bbox 429 2130 492 2150; x_wconf 91' lang='lat' dir='ltr'>non</span> <span class='ocrx_word' id='word_1_266' title='bbox 515 2121 693 2157; x_wconf 81' lang='lat' dir='ltr'>consensit,</span> <span class='ocrx_word' id='word_1_267' title='bbox 705 2130 893 2160; x_wconf 81' lang='lat' dir='ltr'>quanquam</span> <span class='ocrx_word' id='word_1_268' title='bbox 908 2122 1062 2160; x_wconf 84' lang='lat' dir='ltr'>majorem</span> <span class='ocrx_word' id='word_1_269' title='bbox 1076 2124 1204 2160; x_wconf 89' lang='lat' dir='ltr'>partem</span> 
     </span>
     <span class='ocr_line' id='line_1_35' title="bbox 197 2173 1203 2212; baseline 0.002 -10"><span class='ocrx_word' id='word_1_270' title='bbox 197 2173 358 2208; x_wconf 75' lang='lat' dir='ltr'>habuerit,</span> <span class='ocrx_word' id='word_1_271' title='bbox 376 2173 517 2211; x_wconf 86' lang='lat' dir='ltr'>partium</span> <span class='ocrx_word' id='word_1_272' title='bbox 540 2175 782 2212; x_wconf 86' lang='lat' dir='ltr'>comparatione</span> <span class='ocrx_word' id='word_1_273' title='bbox 799 2174 978 2208; x_wconf 85' lang='lat' dir='ltr'>minorum,</span> <span class='ocrx_word' id='word_1_274' title='bbox 997 2183 1055 2204; x_wconf 87' lang='lat' dir='ltr'>nec</span> <span class='ocrx_word' id='word_1_275' title='bbox 1072 2174 1203 2204; x_wconf 87' lang='lat' dir='ltr'>collatio</span> 
     </span>
    </p>
   </div>
   <div class='ocr_carea' id='block_1_7' title="bbox 888 353 1555 392">
    <p class='ocr_par' dir='ltr' id='par_1_8' title="bbox 888 353 1555 392">
     <span class='ocr_line' id='line_1_36' title="bbox 888 353 1555 392; baseline -0.003 0"><span class='ocrx_word' id='word_1_276' title='bbox 888 362 1135 392; x_wconf 63' lang='lat' dir='ltr'>liictits&#39;rffits</span> <span class='ocrx_word' id='word_1_277' title='bbox 1160 361 1218 390; x_wconf 68' lang='lat' dir='ltr'>DF„</span> <span class='ocrx_word' id='word_1_278' title='bbox 1241 353 1472 390; x_wconf 61' lang='lat' dir='ltr'>Gnissjuoffitss</span> <span class='ocrx_word' id='word_1_279' title='bbox 1495 360 1555 390; x_wconf 84' lang='lat' dir='ltr'>IX.</span> 
     </span>
    </p>
   </div>
   <div class='ocr_carea' id='block_1_8' title="bbox 1228 1253 1236 2287">
    <p class='ocr_par' dir='ltr' id='par_1_9' title="bbox 1228 1253 1236 2287">
     <span class='ocr_line' id='line_1_37' title="bbox 1228 1253 1236 2287; baseline 0 0"><span class='ocrx_word' id='word_1_280' title='bbox 1228 1253 1236 2287; x_wconf 95' lang='lat' dir='ltr'> </span> 
     </span>
    </p>
   </div>
   <div class='ocr_carea' id='block_1_9' title="bbox 198 2225 1204 2264">
    <p class='ocr_par' dir='ltr' id='par_1_10' title="bbox 198 2225 1204 2264">
     <span class='ocr_line' id='line_1_38' title="bbox 198 2225 1204 2264; baseline 0.001 -9"><span class='ocrx_word' id='word_1_281' title='bbox 198 2225 280 2255; x_wconf 82' lang='lat' dir='ltr'>facta</span> <span class='ocrx_word' id='word_1_282' title='bbox 302 2226 372 2260; x_wconf 84' lang='lat' dir='ltr'>suit,</span> <span class='ocrx_word' id='word_1_283' title='bbox 398 2235 472 2255; x_wconf 80' lang='lat' dir='ltr'>cum</span> <span class='ocrx_word' id='word_1_284' title='bbox 502 2235 560 2256; x_wconf 89' lang='lat' dir='ltr'>nec</span> <span class='ocrx_word' id='word_1_285' title='bbox 584 2226 679 2264; x_wconf 82' lang='lat' dir='ltr'>plene</span> <span class='ocrx_word' id='word_1_286' title='bbox 703 2227 833 2256; x_wconf 88' lang='lat' dir='ltr'>numeri</span> <span class='ocrx_word' id='word_1_287' title='bbox 859 2227 898 2256; x_wconf 89' lang='lat' dir='ltr'>ad</span> <span class='ocrx_word' id='word_1_288' title='bbox 920 2235 1106 2261; x_wconf 90' lang='lat' dir='ltr'>numerum,</span> <span class='ocrx_word' id='word_1_289' title='bbox 1127 2227 1204 2264; x_wconf 85' lang='lat' dir='ltr'>quia</span> 
     </span>
    </p>
   </div>
   <div class='ocr_carea' id='block_1_10' title="bbox 199 2279 1234 2317">
    <p class='ocr_par' dir='ltr' id='par_1_11' title="bbox 199 2279 1234 2317">
     <span class='ocr_line' id='line_1_39' title="bbox 199 2279 1234 2317; baseline 0.001 -10"><span class='ocrx_word' id='word_1_290' title='bbox 199 2280 307 2307; x_wconf 91' lang='lat' dir='ltr'>utrum</span> <span class='ocrx_word' id='word_1_291' title='bbox 320 2279 468 2315; x_wconf 67' lang='grc' dir='ltr'>ι1011011011</span> <span class='ocrx_word' id='word_1_292' title='bbox 486 2279 526 2308; x_wconf 76' lang='lat' dir='ltr'>G.</span> <span class='ocrx_word' id='word_1_293' title='bbox 543 2281 572 2308; x_wconf 89' lang='lat' dir='ltr'>et</span> <span class='ocrx_word' id='word_1_294' title='bbox 591 2280 644 2310; x_wconf 37' lang='lat'><strong>1⁴1..</strong></span> <span class='ocrx_word' id='word_1_295' title='bbox 664 2279 703 2309; x_wconf 84' lang='lat' dir='ltr'>de</span> <span class='ocrx_word' id='word_1_296' title='bbox 727 2279 848 2317; x_wconf 88' lang='lat' dir='ltr'>quibus</span> <span class='ocrx_word' id='word_1_297' title='bbox 861 2279 1041 2309; x_wconf 83' lang='lat' dir='ltr'>adversarii</span> <span class='ocrx_word' id='word_1_298' title='bbox 1060 2279 1204 2309; x_wconf 87' lang='lat' dir='ltr'>referunt</span> <span class='ocrx_word' id='word_1_299' title='bbox 1233 2295 1234 2303; x_wconf 55' lang='grc'>1</span> 
     </span>
    </p>
   </div>
   <div class='ocr_carea' id='block_1_11' title="bbox 198 2331 1207 2946">
    <p class='ocr_par' dir='ltr' id='par_1_12' title="bbox 198 2331 1207 2946">
     <span class='ocr_line' id='line_1_40' title="bbox 198 2331 1203 2368; baseline 0.002 -9"><span class='ocrx_word' id='word_1_300' title='bbox 198 2331 415 2368; x_wconf 80' lang='lat' dir='ltr'>questionem,</span> <span class='ocrx_word' id='word_1_301' title='bbox 448 2339 560 2360; x_wconf 82' lang='lat' dir='ltr'>vocem</span> <span class='ocrx_word' id='word_1_302' title='bbox 592 2331 778 2365; x_wconf 85' lang='lat' dir='ltr'>habuerint,</span> <span class='ocrx_word' id='word_1_303' title='bbox 809 2333 982 2361; x_wconf 89' lang='lat' dir='ltr'>tractatum</span> <span class='ocrx_word' id='word_1_304' title='bbox 1006 2340 1070 2361; x_wconf 91' lang='lat' dir='ltr'>non</span> <span class='ocrx_word' id='word_1_305' title='bbox 1098 2332 1203 2361; x_wconf 83' lang='lat' dir='ltr'>extitit</span> 
     </span>
     <span class='ocr_line' id='line_1_41' title="bbox 201 2383 1204 2419; baseline 0.002 -8"><span class='ocrx_word' id='word_1_306' title='bbox 201 2391 257 2412; x_wconf 83' lang='lat' dir='ltr'>nec</span> <span class='ocrx_word' id='word_1_307' title='bbox 274 2383 474 2417; x_wconf 77' lang='lat' dir='ltr'>discussum,</span> <span class='ocrx_word' id='word_1_308' title='bbox 494 2392 552 2413; x_wconf 87' lang='grc'>000</span> <span class='ocrx_word' id='word_1_309' title='bbox 568 2384 628 2413; x_wconf 80' lang='lat' dir='ltr'>zeli</span> <span class='ocrx_word' id='word_1_310' title='bbox 647 2384 686 2413; x_wconf 89' lang='lat' dir='ltr'>ad</span> <span class='ocrx_word' id='word_1_311' title='bbox 702 2384 822 2419; x_wconf 77' lang='lat' dir='ltr'>zelum,</span> <span class='ocrx_word' id='word_1_312' title='bbox 839 2392 897 2413; x_wconf 87' lang='lat' dir='ltr'>nec</span> <span class='ocrx_word' id='word_1_313' title='bbox 919 2384 1026 2413; x_wconf 69' lang='lat' dir='ltr'>meriti</span> <span class='ocrx_word' id='word_1_314' title='bbox 1050 2385 1090 2414; x_wconf 88' lang='lat' dir='ltr'>ad</span> <span class='ocrx_word' id='word_1_315' title='bbox 1109 2384 1204 2413; x_wconf 90' lang='lat' dir='ltr'>meri-</span> 
     </span>
     <span class='ocr_line' id='line_1_42' title="bbox 200 2435 1205 2470; baseline 0.001 -6"><span class='ocrx_word' id='word_1_316' title='bbox 200 2437 268 2464; x_wconf 89' lang='lat' dir='ltr'>tum</span> <span class='ocrx_word' id='word_1_317' title='bbox 289 2435 399 2467; x_wconf 70' lang='lat' dir='ltr'>fuerit,</span> <span class='ocrx_word' id='word_1_318' title='bbox 418 2437 451 2464; x_wconf 91' lang='lat' dir='ltr'>ut</span> <span class='ocrx_word' id='word_1_319' title='bbox 467 2435 590 2470; x_wconf 82' lang='lat' dir='ltr'>debuit,</span> <span class='ocrx_word' id='word_1_320' title='bbox 608 2435 795 2469; x_wconf 81' lang='lat' dir='ltr'>subsecuta,</span> <span class='ocrx_word' id='word_1_321' title='bbox 822 2444 879 2465; x_wconf 88' lang='lat' dir='ltr'>nec</span> <span class='ocrx_word' id='word_1_322' title='bbox 897 2436 994 2465; x_wconf 88' lang='lat' dir='ltr'>etiam</span> <span class='ocrx_word' id='word_1_323' title='bbox 1011 2436 1124 2465; x_wconf 83' lang='lat' dir='ltr'>electio</span> <span class='ocrx_word' id='word_1_324' title='bbox 1142 2436 1205 2466; x_wconf 88' lang='lat' dir='ltr'>fuit</span> 
     </span>
     <span class='ocr_line' id='line_1_43' title="bbox 199 2487 1205 2527; baseline 0.001 -10"><span class='ocrx_word' id='word_1_325' title='bbox 199 2487 603 2522; x_wconf 68' lang='lat' dir='ltr'>vomrnunitercelebrata,</span> <span class='ocrx_word' id='word_1_326' title='bbox 624 2487 839 2525; x_wconf 83' lang='lat' dir='ltr'>quia,lieetin</span> <span class='ocrx_word' id='word_1_327' title='bbox 855 2488 996 2517; x_wconf 90' lang='lat' dir='ltr'>eundem</span> <span class='ocrx_word' id='word_1_328' title='bbox 1012 2488 1067 2516; x_wconf 85' lang='lat' dir='ltr'>W.</span> <span class='ocrx_word' id='word_1_329' title='bbox 1081 2488 1205 2527; x_wconf 78' lang='lat' dir='ltr'>singuli</span> 
     </span>
     <span class='ocr_line' id='line_1_44' title="bbox 201 2540 1205 2579; baseline 0.001 -10"><span class='ocrx_word' id='word_1_330' title='bbox 201 2540 410 2577; x_wconf 79' lang='lat' dir='ltr'>singulariter</span> <span class='ocrx_word' id='word_1_331' title='bbox 428 2540 685 2573; x_wconf 64' lang='lat' dir='ltr'>consensissent,</span> <span class='ocrx_word' id='word_1_332' title='bbox 705 2549 768 2569; x_wconf 86' lang='lat' dir='ltr'>non</span> <span class='ocrx_word' id='word_1_333' title='bbox 786 2541 891 2570; x_wconf 90' lang='lat' dir='ltr'>tamen</span> <span class='ocrx_word' id='word_1_334' title='bbox 911 2540 1023 2570; x_wconf 87' lang='lat' dir='ltr'>debuit</span> <span class='ocrx_word' id='word_1_335' title='bbox 1046 2540 1205 2579; x_wconf 86' lang='lat' dir='ltr'>subsequi</span> 
     </span>
     <span class='ocr_line' id='line_1_45' title="bbox 201 2591 1204 2631; baseline 0.001 -10"><span class='ocrx_word' id='word_1_336' title='bbox 201 2591 380 2629; x_wconf 79' lang='lat' dir='ltr'>singularis</span> <span class='ocrx_word' id='word_1_337' title='bbox 396 2592 511 2621; x_wconf 79' lang='lat' dir='ltr'>electio</span> <span class='ocrx_word' id='word_1_338' title='bbox 524 2592 577 2621; x_wconf 67' lang='lat' dir='ltr'>sevt</span> <span class='ocrx_word' id='word_1_339' title='bbox 598 2592 796 2626; x_wconf 79' lang='lat' dir='ltr'>eommunis,</span> <span class='ocrx_word' id='word_1_340' title='bbox 815 2601 853 2621; x_wconf 91' lang='lat' dir='ltr'>ne</span> <span class='ocrx_word' id='word_1_341' title='bbox 870 2592 921 2622; x_wconf 79' lang='lat' dir='ltr'>vel</span> <span class='ocrx_word' id='word_1_342' title='bbox 939 2592 1023 2622; x_wconf 87' lang='lat' dir='ltr'>idem</span> <span class='ocrx_word' id='word_1_343' title='bbox 1038 2594 1139 2631; x_wconf 86' lang='lat' dir='ltr'>repeti</span> <span class='ocrx_word' id='word_1_344' title='bbox 1158 2594 1204 2622; x_wconf 87' lang='lat' dir='ltr'>vi-</span> 
     </span>
     <span class='ocr_line' id='line_1_46' title="bbox 201 2644 1206 2683; baseline 0.001 -9"><span class='ocrx_word' id='word_1_345' title='bbox 201 2645 342 2679; x_wconf 65' lang='lat' dir='ltr'>deretur,</span> <span class='ocrx_word' id='word_1_346' title='bbox 358 2644 410 2674; x_wconf 79' lang='lat' dir='ltr'>vel</span> <span class='ocrx_word' id='word_1_347' title='bbox 427 2653 467 2674; x_wconf 69' lang='lat' dir='ltr'>ex</span> <span class='ocrx_word' id='word_1_348' title='bbox 483 2645 544 2674; x_wconf 89' lang='grc'><strong>1100</strong></span> <span class='ocrx_word' id='word_1_349' title='bbox 560 2646 752 2683; x_wconf 83' lang='lat' dir='ltr'>sequeretur</span> <span class='ocrx_word' id='word_1_350' title='bbox 767 2644 967 2678; x_wconf 79' lang='lat' dir='ltr'>absurditas,</span> <span class='ocrx_word' id='word_1_351' title='bbox 986 2646 1020 2674; x_wconf 88' lang='lat' dir='ltr'>ut</span> <span class='ocrx_word' id='word_1_352' title='bbox 1033 2646 1077 2675; x_wconf 91' lang='lat' dir='ltr'>tot</span> <span class='ocrx_word' id='word_1_353' title='bbox 1097 2647 1206 2675; x_wconf 86' lang='lat' dir='ltr'>essent</span> 
     </span>
     <span class='ocr_line' id='line_1_47' title="bbox 201 2697 1204 2736; baseline 0.002 -10"><span class='ocrx_word' id='word_1_354' title='bbox 201 2697 464 2735; x_wconf 83' lang='lat' dir='ltr'>electionesquot</span> <span class='ocrx_word' id='word_1_355' title='bbox 480 2699 588 2727; x_wconf 85' lang='lat' dir='ltr'>essent</span> <span class='ocrx_word' id='word_1_356' title='bbox 604 2705 740 2726; x_wconf 88' lang='lat' dir='ltr'>numero</span> <span class='ocrx_word' id='word_1_357' title='bbox 750 2697 923 2735; x_wconf 74' lang='lat' dir='ltr'>eligente83</span> <span class='ocrx_word' id='word_1_358' title='bbox 936 2706 992 2727; x_wconf 85' lang='lat' dir='ltr'>nec</span> <span class='ocrx_word' id='word_1_359' title='bbox 1008 2706 1047 2727; x_wconf 82' lang='lat' dir='ltr'>ex</span> <span class='ocrx_word' id='word_1_360' title='bbox 1061 2698 1204 2736; x_wconf 83' lang='lat' dir='ltr'>singula·</span> 
     </span>
     <span class='ocr_line' id='line_1_48' title="bbox 203 2749 1206 2788; baseline 0 -9"><span class='ocrx_word' id='word_1_361' title='bbox 203 2750 294 2780; x_wconf 84' lang='lat' dir='ltr'>ribus</span> <span class='ocrx_word' id='word_1_362' title='bbox 304 2758 360 2779; x_wconf 77' lang='lat' dir='ltr'>seu</span> <span class='ocrx_word' id='word_1_363' title='bbox 368 2749 850 2788; x_wconf 79' lang='lat' dir='ltr'>particularibusconsensibus</span> <span class='ocrx_word' id='word_1_364' title='bbox 864 2751 998 2788; x_wconf 90' lang='lat' dir='ltr'>apparet</span> <span class='ocrx_word' id='word_1_365' title='bbox 1007 2750 1206 2780; x_wconf 78' lang='lat' dir='ltr'>universalis</span> 
     </span>
     <span class='ocr_line' id='line_1_49' title="bbox 202 2802 1205 2840; baseline 0.001 -9"><span class='ocrx_word' id='word_1_366' title='bbox 202 2802 316 2831; x_wconf 79' lang='lat' dir='ltr'>electio</span> <span class='ocrx_word' id='word_1_367' title='bbox 327 2802 669 2835; x_wconf 78' lang='lat' dir='ltr'>velcomm11nis,licet</span> <span class='ocrx_word' id='word_1_368' title='bbox 685 2802 823 2840; x_wconf 79' lang='lat' dir='ltr'>quilibet</span> <span class='ocrx_word' id='word_1_369' title='bbox 837 2802 1016 2840; x_wconf 77' lang='lat' dir='ltr'>singularis</span> <span class='ocrx_word' id='word_1_370' title='bbox 1035 2802 1205 2832; x_wconf 87' lang='lat' dir='ltr'>veritatem</span> 
     </span>
     <span class='ocr_line' id='line_1_50' title="bbox 202 2854 1207 2893; baseline 0.001 -10"><span class='ocrx_word' id='word_1_371' title='bbox 202 2855 364 2892; x_wconf 83' lang='lat' dir='ltr'>exprimat</span> <span class='ocrx_word' id='word_1_372' title='bbox 388 2863 446 2883; x_wconf 82' lang='lat' dir='ltr'>sue</span> <span class='ocrx_word' id='word_1_373' title='bbox 469 2855 582 2893; x_wconf 87' lang='lat' dir='ltr'>partis,</span> <span class='ocrx_word' id='word_1_374' title='bbox 614 2854 890 2893; x_wconf 83' lang='lat' dir='ltr'>quemadmodum</span> <span class='ocrx_word' id='word_1_375' title='bbox 916 2862 955 2884; x_wconf 89' lang='lat' dir='ltr'>ex</span> <span class='ocrx_word' id='word_1_376' title='bbox 981 2854 1207 2892; x_wconf 76' lang='lat' dir='ltr'>singularibus</span> 
     </span>
     <span class='ocr_line' id='line_1_51' title="bbox 203 2907 1206 2946; baseline 0.001 -10"><span class='ocrx_word' id='word_1_377' title='bbox 203 2907 498 2945; x_wconf 78' lang='lat' dir='ltr'>propositionibus,</span> <span class='ocrx_word' id='word_1_378' title='bbox 517 2907 591 2937; x_wconf 88' lang='lat' dir='ltr'>licet</span> <span class='ocrx_word' id='word_1_379' title='bbox 608 2907 708 2941; x_wconf 80' lang='lat' dir='ltr'>veris,</span> <span class='ocrx_word' id='word_1_380' title='bbox 728 2907 931 2937; x_wconf 86' lang='lat' dir='ltr'>universalis</span> <span class='ocrx_word' id='word_1_381' title='bbox 944 2907 1124 2946; x_wconf 86' lang='lat' dir='ltr'>propositio</span> <span class='ocrx_word' id='word_1_382' title='bbox 1142 2916 1206 2937; x_wconf 91' lang='lat' dir='ltr'>non</span> 
     </span>
    </p>
   </div>
   <div class='ocr_carea' id='block_1_12' title="bbox 204 2959 1239 2998">
    <p class='ocr_par' dir='ltr' id='par_1_13' title="bbox 204 2959 1239 2998">
     <span class='ocr_line' id='line_1_52' title="bbox 204 2959 1239 2998; baseline 0.002 -11"><span class='ocrx_word' id='word_1_383' title='bbox 204 2962 350 2997; x_wconf 83' lang='lat' dir='ltr'>apparet,</span> <span class='ocrx_word' id='word_1_384' title='bbox 368 2960 431 2989; x_wconf 79' lang='lat' dir='ltr'>nisi</span> <span class='ocrx_word' id='word_1_385' title='bbox 449 2968 507 2997; x_wconf 81' lang='lat' dir='ltr'>per</span> <span class='ocrx_word' id='word_1_386' title='bbox 527 2960 657 2997; x_wconf 77' lang='lat' dir='ltr'>signnm</span> <span class='ocrx_word' id='word_1_387' title='bbox 674 2959 862 2989; x_wconf 79' lang='lat' dir='ltr'>universale</span> <span class='ocrx_word' id='word_1_388' title='bbox 883 2959 1020 2990; x_wconf 84' lang='lat' dir='ltr'>forsitan</span> <span class='ocrx_word' id='word_1_389' title='bbox 1044 2960 1208 2998; x_wconf 84' lang='lat' dir='ltr'>exprima-</span> <span class='ocrx_word' id='word_1_390' title='bbox 1238 2959 1239 2962; x_wconf 77' lang='grc'>’</span> 
     </span>
    </p>
   </div>
   <div class='ocr_carea' id='block_1_13' title="bbox 204 3012 1208 3051">
    <p class='ocr_par' dir='ltr' id='par_1_14' title="bbox 204 3012 1208 3051">
     <span class='ocr_line' id='line_1_53' title="bbox 204 3012 1208 3051; baseline 0.001 -10"><span class='ocrx_word' id='word_1_391' title='bbox 204 3013 267 3041; x_wconf 86' lang='lat' dir='ltr'>tur.</span> <span class='ocrx_word' id='word_1_392' title='bbox 287 3012 324 3041; x_wconf 86' lang='lat' dir='ltr'>Et</span> <span class='ocrx_word' id='word_1_393' title='bbox 342 3012 424 3047; x_wconf 82' lang='lat' dir='ltr'>ideo,</span> <span class='ocrx_word' id='word_1_394' title='bbox 439 3020 513 3042; x_wconf 86' lang='lat' dir='ltr'>cum</span> <span class='ocrx_word' id='word_1_395' title='bbox 525 3014 639 3042; x_wconf 85' lang='lat' dir='ltr'>contra</span> <span class='ocrx_word' id='word_1_396' title='bbox 651 3020 809 3042; x_wconf 86' lang='lat' dir='ltr'>canonem</span> <span class='ocrx_word' id='word_1_397' title='bbox 819 3012 916 3042; x_wconf 84' lang='lat' dir='ltr'>fuerit</span> <span class='ocrx_word' id='word_1_398' title='bbox 929 3013 1127 3051; x_wconf 82' lang='lat' dir='ltr'>attemptata,</span> <span class='ocrx_word' id='word_1_399' title='bbox 1143 3021 1208 3042; x_wconf 91' lang='lat' dir='ltr'>non</span> 
     </span>
    </p>
   </div>
   <div class='ocr_carea' id='block_1_14' title="bbox 2200 362 2259 391">
    <p class='ocr_par' dir='ltr' id='par_1_15' title="bbox 2200 362 2259 391">
     <span class='ocr_line' id='line_1_54' title="bbox 2200 362 2259 391; baseline 0 -1"><span class='ocrx_word' id='word_1_400' title='bbox 2200 362 2259 391; x_wconf 68' lang='lat'>⁴64</span> 
     </span>
    </p>
   </div>
   <div class='ocr_carea' id='block_1_15' title="bbox 1255 440 2266 1531">
    <p class='ocr_par' dir='ltr' id='par_1_16' title="bbox 1255 440 2266 1531">
     <span class='ocr_line' id='line_1_55' title="bbox 1258 440 2260 480; baseline 0.001 -10"><span class='ocrx_word' id='word_1_401' title='bbox 1258 441 1516 471; x_wconf 74' lang='lat' dir='ltr'>confirmandam</span> <span class='ocrx_word' id='word_1_402' title='bbox 1532 441 1587 471; x_wconf 85' lang='lat' dir='ltr'>sed</span> <span class='ocrx_word' id='word_1_403' title='bbox 1610 441 1842 471; x_wconf 81' lang='lat' dir='ltr'>infirmandam</span> <span class='ocrx_word' id='word_1_404' title='bbox 1860 441 1970 480; x_wconf 88' lang='lat' dir='ltr'>potius</span> <span class='ocrx_word' id='word_1_405' title='bbox 1989 450 2066 480; x_wconf 87' lang='lat' dir='ltr'>pars</span> <span class='ocrx_word' id='word_1_406' title='bbox 2089 441 2189 471; x_wconf 86' lang='lat' dir='ltr'>altera</span> <span class='ocrx_word' id='word_1_407' title='bbox 2208 440 2260 472; x_wconf 85' lang='lat' dir='ltr'>sir-</span> 
     </span>
     <span class='ocr_line' id='line_1_56' title="bbox 1258 493 2262 533; baseline 0 -10"><span class='ocrx_word' id='word_1_408' title='bbox 1258 494 1354 523; x_wconf 89' lang='lat' dir='ltr'>miter</span> <span class='ocrx_word' id='word_1_409' title='bbox 1376 493 1558 523; x_wconf 75' lang='lat' dir='ltr'>asserebat.</span> <span class='ocrx_word' id='word_1_410' title='bbox 1581 493 1649 524; x_wconf 89' lang='lat' dir='ltr'>Nec</span> <span class='ocrx_word' id='word_1_411' title='bbox 1674 494 1828 533; x_wconf 81' lang='lat' dir='ltr'>premissi</span> <span class='ocrx_word' id='word_1_412' title='bbox 1854 495 1918 524; x_wconf 90' lang='lat' dir='ltr'>duo</span> <span class='ocrx_word' id='word_1_413' title='bbox 1943 494 2093 523; x_wconf 88' lang='lat' dir='ltr'>canonici</span> <span class='ocrx_word' id='word_1_414' title='bbox 2112 495 2262 532; x_wconf 88' lang='lat' dir='ltr'>poterant</span> 
     </span>
     <span class='ocr_line' id='line_1_57' title="bbox 1257 545 2262 585; baseline 0 -10"><span class='ocrx_word' id='word_1_415' title='bbox 1257 546 1304 575; x_wconf 87' lang='lat' dir='ltr'>sic</span> <span class='ocrx_word' id='word_1_416' title='bbox 1319 545 1462 579; x_wconf 79' lang='lat' dir='ltr'>excludi,</span> <span class='ocrx_word' id='word_1_417' title='bbox 1478 555 1552 575; x_wconf 90' lang='lat' dir='ltr'>cum</span> <span class='ocrx_word' id='word_1_418' title='bbox 1568 547 1708 584; x_wconf 64' lang='lat' dir='ltr'>prinum,</span> <span class='ocrx_word' id='word_1_419' title='bbox 1727 547 1843 585; x_wconf 82' lang='lat' dir='ltr'>viginti</span> <span class='ocrx_word' id='word_1_420' title='bbox 1858 547 1955 576; x_wconf 87' lang='lat' dir='ltr'>annis</span> <span class='ocrx_word' id='word_1_421' title='bbox 1971 548 2000 576; x_wconf 84' lang='lat' dir='ltr'>et</span> <span class='ocrx_word' id='word_1_422' title='bbox 2017 546 2160 585; x_wconf 85' lang='lat' dir='ltr'>amplius</span> <span class='ocrx_word' id='word_1_423' title='bbox 2176 546 2262 575; x_wconf 80' lang='lat' dir='ltr'>exis-</span> 
     </span>
     <span class='ocr_line' id='line_1_58' title="bbox 1257 598 2262 637; baseline 0.001 -10"><span class='ocrx_word' id='word_1_424' title='bbox 1257 600 1329 628; x_wconf 84' lang='lat' dir='ltr'>tens</span> <span class='ocrx_word' id='word_1_425' title='bbox 1352 598 1385 627; x_wconf 91' lang='lat' dir='ltr'>in</span> <span class='ocrx_word' id='word_1_426' title='bbox 1402 599 1614 628; x_wconf 79' lang='lat' dir='ltr'>canonicatus</span> <span class='ocrx_word' id='word_1_427' title='bbox 1636 599 1847 637; x_wconf 84' lang='lat' dir='ltr'>possessione</span> <span class='ocrx_word' id='word_1_428' title='bbox 1866 599 1918 629; x_wconf 73' lang='lat' dir='ltr'>vel</span> <span class='ocrx_word' id='word_1_429' title='bbox 1938 599 2045 637; x_wconf 85' lang='lat' dir='ltr'>quasi,</span> <span class='ocrx_word' id='word_1_430' title='bbox 2073 598 2207 628; x_wconf 85' lang='lat' dir='ltr'>stallum</span> <span class='ocrx_word' id='word_1_431' title='bbox 2229 598 2262 628; x_wconf 91' lang='lat' dir='ltr'>in</span> 
     </span>
     <span class='ocr_line' id='line_1_59' title="bbox 1258 650 2264 690; baseline 0.001 -10"><span class='ocrx_word' id='word_1_432' title='bbox 1258 651 1356 680; x_wconf 90' lang='lat' dir='ltr'>choro</span> <span class='ocrx_word' id='word_1_433' title='bbox 1374 651 1403 680; x_wconf 87' lang='lat' dir='ltr'>et</span> <span class='ocrx_word' id='word_1_434' title='bbox 1426 650 1533 681; x_wconf 84' lang='lat' dir='ltr'>locum</span> <span class='ocrx_word' id='word_1_435' title='bbox 1551 651 1582 681; x_wconf 95' lang='lat' dir='ltr'>in</span> <span class='ocrx_word' id='word_1_436' title='bbox 1599 651 1742 690; x_wconf 89' lang='lat' dir='ltr'>capitulo</span> <span class='ocrx_word' id='word_1_437' title='bbox 1764 651 1944 686; x_wconf 81' lang='lat' dir='ltr'>habuisset,</span> <span class='ocrx_word' id='word_1_438' title='bbox 1967 653 1998 682; x_wconf 87' lang='lat' dir='ltr'>et</span> <span class='ocrx_word' id='word_1_439' title='bbox 2019 651 2066 681; x_wconf 87' lang='lat' dir='ltr'>sic</span> <span class='ocrx_word' id='word_1_440' title='bbox 2092 651 2209 689; x_wconf 83' lang='lat' dir='ltr'>legerit</span> <span class='ocrx_word' id='word_1_441' title='bbox 2233 651 2264 681; x_wconf 87' lang='lat' dir='ltr'>et</span> 
     </span>
     <span class='ocr_line' id='line_1_60' title="bbox 1256 703 2263 739; baseline 0.001 -7"><span class='ocrx_word' id='word_1_442' title='bbox 1256 703 1434 733; x_wconf 70' lang='lat' dir='ltr'>cantaverit</span> <span class='ocrx_word' id='word_1_443' title='bbox 1446 705 1477 733; x_wconf 93' lang='lat' dir='ltr'>ut</span> <span class='ocrx_word' id='word_1_444' title='bbox 1496 704 1685 739; x_wconf 78' lang='lat' dir='ltr'>canonicus,</span> <span class='ocrx_word' id='word_1_445' title='bbox 1703 706 1734 734; x_wconf 88' lang='lat' dir='ltr'>et</span> <span class='ocrx_word' id='word_1_446' title='bbox 1748 704 1954 734; x_wconf 87' lang='lat' dir='ltr'>adtractatus</span> <span class='ocrx_word' id='word_1_447' title='bbox 1970 713 2006 734; x_wconf 87' lang='lat' dir='ltr'>ac</span> <span class='ocrx_word' id='word_1_448' title='bbox 2022 704 2198 734; x_wconf 85' lang='lat' dir='ltr'>electiones</span> <span class='ocrx_word' id='word_1_449' title='bbox 2214 704 2263 733; x_wconf 89' lang='grc'><strong>(11-</strong></span> 
     </span>
     <span class='ocr_line' id='line_1_61' title="bbox 1256 756 2263 795; baseline 0.001 -10"><span class='ocrx_word' id='word_1_450' title='bbox 1256 756 1415 793; x_wconf 76' lang='lat' dir='ltr'>gnitatum</span> <span class='ocrx_word' id='word_1_451' title='bbox 1429 758 1459 786; x_wconf 91' lang='lat' dir='ltr'>et</span> <span class='ocrx_word' id='word_1_452' title='bbox 1481 758 1715 795; x_wconf 85' lang='lat' dir='ltr'>personatuum</span> <span class='ocrx_word' id='word_1_453' title='bbox 1731 765 1794 795; x_wconf 88' lang='lat' dir='ltr'>que</span> <span class='ocrx_word' id='word_1_454' title='bbox 1817 758 2027 786; x_wconf 81' lang='lat' dir='ltr'>occurrerunt</span> <span class='ocrx_word' id='word_1_455' title='bbox 2045 765 2102 795; x_wconf 85' lang='lat' dir='ltr'>pro</span> <span class='ocrx_word' id='word_1_456' title='bbox 2119 758 2263 795; x_wconf 87' lang='lat' dir='ltr'>tempore</span> 
     </span>
     <span class='ocr_line' id='line_1_62' title="bbox 1256 807 2262 846; baseline 0 -9"><span class='ocrx_word' id='word_1_457' title='bbox 1256 808 1416 842; x_wconf 78' lang='lat' dir='ltr'>faciende,</span> <span class='ocrx_word' id='word_1_458' title='bbox 1438 810 1595 846; x_wconf 80' lang='lat' dir='ltr'>tanquam</span> <span class='ocrx_word' id='word_1_459' title='bbox 1624 808 1802 838; x_wconf 87' lang='lat' dir='ltr'>canonicus</span> <span class='ocrx_word' id='word_1_460' title='bbox 1833 807 1875 837; x_wconf 86' lang='lat' dir='ltr'>sit</span> <span class='ocrx_word' id='word_1_461' title='bbox 1901 809 2047 843; x_wconf 84' lang='lat' dir='ltr'>vocatus,</span> <span class='ocrx_word' id='word_1_462' title='bbox 2073 816 2262 846; x_wconf 80' lang='lat' dir='ltr'>quanquam</span> 
     </span>
     <span class='ocr_line' id='line_1_63' title="bbox 1256 860 2264 900; baseline 0 -10"><span class='ocrx_word' id='word_1_463' title='bbox 1256 861 1316 890; x_wconf 89' lang='lat' dir='ltr'>hac</span> <span class='ocrx_word' id='word_1_464' title='bbox 1332 861 1404 891; x_wconf 76' lang='lat' dir='ltr'>rice</span> <span class='ocrx_word' id='word_1_465' title='bbox 1424 861 1523 891; x_wconf 86' lang='lat' dir='ltr'>fuerit</span> <span class='ocrx_word' id='word_1_466' title='bbox 1537 869 1612 890; x_wconf 83' lang='lat' dir='ltr'>cum</span> <span class='ocrx_word' id='word_1_467' title='bbox 1635 860 1868 900; x_wconf 81' lang='lat' dir='ltr'>protestatione</span> <span class='ocrx_word' id='word_1_468' title='bbox 1892 860 2070 895; x_wconf 87' lang='lat' dir='ltr'>admissus,</span> <span class='ocrx_word' id='word_1_469' title='bbox 2089 869 2107 890; x_wconf 89' lang='lat' dir='ltr'>a</span> <span class='ocrx_word' id='word_1_470' title='bbox 2125 869 2190 898; x_wconf 86' lang='lat' dir='ltr'>qua</span> <span class='ocrx_word' id='word_1_471' title='bbox 2206 868 2264 898; x_wconf 87' lang='lat' dir='ltr'>per</span> 
     </span>
     <span class='ocr_line' id='line_1_64' title="bbox 1255 912 2264 948; baseline -0.001 -5"><span class='ocrx_word' id='word_1_472' title='bbox 1255 915 1363 944; x_wconf 82' lang='lat' dir='ltr'>actum</span> <span class='ocrx_word' id='word_1_473' title='bbox 1393 913 1594 944; x_wconf 86' lang='lat' dir='ltr'>contrarium</span> <span class='ocrx_word' id='word_1_474' title='bbox 1624 913 1807 943; x_wconf 77' lang='lat' dir='ltr'>adversarii</span> <span class='ocrx_word' id='word_1_475' title='bbox 1843 914 2069 948; x_wconf 87' lang='lat' dir='ltr'>recesserunt;</span> <span class='ocrx_word' id='word_1_476' title='bbox 2097 912 2264 942; x_wconf 85' lang='lat' dir='ltr'>secundus</span> 
     </span>
     <span class='ocr_line' id='line_1_65' title="bbox 1257 965 2265 1004; baseline -0.001 -9"><span class='ocrx_word' id='word_1_477' title='bbox 1257 974 1334 996; x_wconf 88' lang='lat' dir='ltr'>vero</span> <span class='ocrx_word' id='word_1_478' title='bbox 1352 967 1438 996; x_wconf 86' lang='lat' dir='ltr'>esset</span> <span class='ocrx_word' id='word_1_479' title='bbox 1452 966 1485 995; x_wconf 93' lang='lat' dir='ltr'>in</span> <span class='ocrx_word' id='word_1_480' title='bbox 1509 965 1566 995; x_wconf 89' lang='lat' dir='ltr'>tali</span> <span class='ocrx_word' id='word_1_481' title='bbox 1583 965 1665 1000; x_wconf 90' lang='lat' dir='ltr'>loco,</span> <span class='ocrx_word' id='word_1_482' title='bbox 1681 966 1720 995; x_wconf 89' lang='lat' dir='ltr'>de</span> <span class='ocrx_word' id='word_1_483' title='bbox 1736 974 1800 1004; x_wconf 88' lang='lat' dir='ltr'>quo</span> <span class='ocrx_word' id='word_1_484' title='bbox 1816 966 1921 995; x_wconf 86' lang='lat' dir='ltr'>suerat</span> <span class='ocrx_word' id='word_1_485' title='bbox 1935 966 1976 996; x_wconf 86' lang='lat' dir='ltr'>ad</span> <span class='ocrx_word' id='word_1_486' title='bbox 1999 965 2194 995; x_wconf 85' lang='lat' dir='ltr'>electionem</span> <span class='ocrx_word' id='word_1_487' title='bbox 2211 974 2265 995; x_wconf 92' lang='lat' dir='ltr'>vo-</span> 
     </span>
     <span class='ocr_line' id='line_1_66' title="bbox 1256 1017 2264 1057; baseline 0 -9"><span class='ocrx_word' id='word_1_488' title='bbox 1256 1019 1391 1052; x_wconf 87' lang='lat' dir='ltr'>candus,</span> <span class='ocrx_word' id='word_1_489' title='bbox 1403 1027 1476 1048; x_wconf 88' lang='lat' dir='ltr'>eum</span> <span class='ocrx_word' id='word_1_490' title='bbox 1493 1018 1532 1048; x_wconf 89' lang='lat' dir='ltr'>de</span> <span class='ocrx_word' id='word_1_491' title='bbox 1547 1019 1614 1048; x_wconf 84' lang='lat' dir='ltr'>toto</span> <span class='ocrx_word' id='word_1_492' title='bbox 1627 1027 1726 1057; x_wconf 76' lang='lat' dir='ltr'>regno</span> <span class='ocrx_word' id='word_1_493' title='bbox 1742 1018 1880 1048; x_wconf 86' lang='lat' dir='ltr'>Francie</span> <span class='ocrx_word' id='word_1_494' title='bbox 1893 1019 2051 1048; x_wconf 86' lang='lat' dir='ltr'>vocentur</span> <span class='ocrx_word' id='word_1_495' title='bbox 2061 1017 2213 1047; x_wconf 85' lang='lat' dir='ltr'>absentes</span> <span class='ocrx_word' id='word_1_496' title='bbox 2224 1019 2264 1048; x_wconf 85' lang='lat' dir='ltr'>de</span> 
     </span>
     <span class='ocr_line' id='line_1_67' title="bbox 1256 1070 2265 1110; baseline 0 -10"><span class='ocrx_word' id='word_1_497' title='bbox 1256 1071 1493 1101; x_wconf 86' lang='lat' dir='ltr'>consuetudine</span> <span class='ocrx_word' id='word_1_498' title='bbox 1506 1071 1642 1101; x_wconf 85' lang='lat' dir='ltr'>ecclesie</span> <span class='ocrx_word' id='word_1_499' title='bbox 1655 1070 1838 1107; x_wconf 88' lang='lat' dir='ltr'>Gallicane,</span> <span class='ocrx_word' id='word_1_500' title='bbox 1851 1071 2016 1110; x_wconf 85' lang='lat' dir='ltr'>prouthec</span> <span class='ocrx_word' id='word_1_501' title='bbox 2031 1071 2143 1100; x_wconf 89' lang='lat' dir='ltr'>omnia</span> <span class='ocrx_word' id='word_1_502' title='bbox 2151 1070 2265 1100; x_wconf 89' lang='lat' dir='ltr'>eadem</span> 
     </span>
     <span class='ocr_line' id='line_1_68' title="bbox 1256 1122 2266 1162; baseline -0.001 -9"><span class='ocrx_word' id='word_1_503' title='bbox 1256 1132 1334 1162; x_wconf 85' lang='lat' dir='ltr'>pars</span> <span class='ocrx_word' id='word_1_504' title='bbox 1349 1123 1504 1153; x_wconf 74' lang='lat' dir='ltr'>offerebat</span> <span class='ocrx_word' id='word_1_505' title='bbox 1528 1132 1562 1153; x_wconf 87' lang='lat' dir='ltr'>se</span> <span class='ocrx_word' id='word_1_506' title='bbox 1582 1123 1726 1162; x_wconf 85' lang='lat' dir='ltr'>legitime</span> <span class='ocrx_word' id='word_1_507' title='bbox 1752 1123 1976 1162; x_wconf 84' lang='lat' dir='ltr'>probaturam.</span> <span class='ocrx_word' id='word_1_508' title='bbox 2000 1124 2108 1159; x_wconf 85' lang='lat' dir='ltr'>Quare</span> <span class='ocrx_word' id='word_1_509' title='bbox 2125 1132 2144 1152; x_wconf 81' lang='lat' dir='ltr'>a</span> <span class='ocrx_word' id='word_1_510' title='bbox 2169 1122 2266 1153; x_wconf 86' lang='lat' dir='ltr'>nobis</span> 
     </span>
     <span class='ocr_line' id='line_1_69' title="bbox 1256 1176 2265 1215; baseline -0.001 -9"><span class='ocrx_word' id='word_1_511' title='bbox 1256 1176 1383 1215; x_wconf 87' lang='lat' dir='ltr'>petebat</span> <span class='ocrx_word' id='word_1_512' title='bbox 1396 1176 1556 1206; x_wconf 85' lang='lat' dir='ltr'>instanter</span> <span class='ocrx_word' id='word_1_513' title='bbox 1568 1178 1614 1211; x_wconf 90' lang='lat' dir='ltr'>ut,</span> <span class='ocrx_word' id='word_1_514' title='bbox 1626 1176 1739 1206; x_wconf 87' lang='lat' dir='ltr'>eadem</span> <span class='ocrx_word' id='word_1_515' title='bbox 1756 1176 1913 1206; x_wconf 87' lang='lat' dir='ltr'>electione</span> <span class='ocrx_word' id='word_1_516' title='bbox 1928 1177 2066 1208; x_wconf 84' lang='lat' dir='ltr'>cassata,</span> <span class='ocrx_word' id='word_1_517' title='bbox 2078 1176 2265 1206; x_wconf 83' lang='lat' dir='ltr'>facultatem</span> 
     </span>
     <span class='ocr_line' id='line_1_70' title="bbox 1257 1228 2264 1267; baseline -0.001 -9"><span class='ocrx_word' id='word_1_518' title='bbox 1257 1229 1352 1259; x_wconf 90' lang='lat' dir='ltr'>vobis</span> <span class='ocrx_word' id='word_1_519' title='bbox 1369 1229 1511 1267; x_wconf 85' lang='lat' dir='ltr'>eligendi</span> <span class='ocrx_word' id='word_1_520' title='bbox 1532 1229 1709 1258; x_wconf 85' lang='lat' dir='ltr'>concedere</span> <span class='ocrx_word' id='word_1_521' title='bbox 1734 1229 1957 1267; x_wconf 85' lang='lat' dir='ltr'>dignaremur.</span> <span class='ocrx_word' id='word_1_522' title='bbox 1979 1228 2050 1258; x_wconf 87' lang='lat' dir='ltr'>Nos</span> <span class='ocrx_word' id='word_1_523' title='bbox 2067 1229 2179 1267; x_wconf 80' lang='lat' dir='ltr'>igitur,</span> <span class='ocrx_word' id='word_1_524' title='bbox 2198 1228 2264 1258; x_wconf 82' lang='lat' dir='ltr'>hiis</span> 
     </span>
     <span class='ocr_line' id='line_1_71' title="bbox 1258 1281 2264 1320; baseline 0 -9"><span class='ocrx_word' id='word_1_525' title='bbox 1258 1283 1289 1311; x_wconf 93' lang='lat' dir='ltr'>et</span> <span class='ocrx_word' id='word_1_526' title='bbox 1304 1282 1379 1311; x_wconf 90' lang='lat' dir='ltr'>aliis</span> <span class='ocrx_word' id='word_1_527' title='bbox 1401 1281 1533 1320; x_wconf 89' lang='lat' dir='ltr'>plenius</span> <span class='ocrx_word' id='word_1_528' title='bbox 1552 1281 1738 1316; x_wconf 83' lang='lat' dir='ltr'>intellectis,</span> <span class='ocrx_word' id='word_1_529' title='bbox 1760 1282 1800 1311; x_wconf 87' lang='lat' dir='ltr'>de</span> <span class='ocrx_word' id='word_1_530' title='bbox 1819 1281 1958 1311; x_wconf 89' lang='lat' dir='ltr'>consilio</span> <span class='ocrx_word' id='word_1_531' title='bbox 1978 1281 2116 1311; x_wconf 84' lang='lat' dir='ltr'>fratrum</span> <span class='ocrx_word' id='word_1_532' title='bbox 2137 1282 2264 1311; x_wconf 84' lang='lat' dir='ltr'>nostro-</span> 
     </span>
     <span class='ocr_line' id='line_1_72' title="bbox 1259 1334 2263 1373; baseline 0.001 -10"><span class='ocrx_word' id='word_1_533' title='bbox 1259 1343 1331 1364; x_wconf 89' lang='lat' dir='ltr'>rum</span> <span class='ocrx_word' id='word_1_534' title='bbox 1347 1335 1544 1372; x_wconf 83' lang='lat' dir='ltr'>premissam</span> <span class='ocrx_word' id='word_1_535' title='bbox 1561 1334 1767 1370; x_wconf 85' lang='lat' dir='ltr'>electionem,</span> <span class='ocrx_word' id='word_1_536' title='bbox 1784 1335 1894 1373; x_wconf 92' lang='lat' dir='ltr'>utpote</span> <span class='ocrx_word' id='word_1_537' title='bbox 1903 1335 2016 1364; x_wconf 88' lang='lat' dir='ltr'>contra</span> <span class='ocrx_word' id='word_1_538' title='bbox 2031 1334 2170 1364; x_wconf 83' lang='lat' dir='ltr'>formam</span> <span class='ocrx_word' id='word_1_539' title='bbox 2187 1342 2263 1364; x_wconf 85' lang='lat' dir='ltr'>con-</span> 
     </span>
     <span class='ocr_line' id='line_1_73' title="bbox 1258 1386 2264 1425; baseline 0 -9"><span class='ocrx_word' id='word_1_540' title='bbox 1258 1387 1327 1417; x_wconf 89' lang='lat' dir='ltr'>cilii</span> <span class='ocrx_word' id='word_1_541' title='bbox 1342 1388 1577 1425; x_wconf 84' lang='lat' dir='ltr'>attemptatam,</span> <span class='ocrx_word' id='word_1_542' title='bbox 1601 1387 1809 1417; x_wconf 84' lang='lat' dir='ltr'>decernimus</span> <span class='ocrx_word' id='word_1_543' title='bbox 1829 1387 1955 1416; x_wconf 87' lang='lat' dir='ltr'>irritam</span> <span class='ocrx_word' id='word_1_544' title='bbox 1971 1388 2001 1416; x_wconf 86' lang='lat' dir='ltr'>et</span> <span class='ocrx_word' id='word_1_545' title='bbox 2021 1387 2165 1416; x_wconf 88' lang='lat' dir='ltr'>inanem.</span> <span class='ocrx_word' id='word_1_546' title='bbox 2188 1386 2264 1416; x_wconf 88' lang='lat' dir='ltr'>Dat.</span> 
     </span>
     <span class='ocr_line' id='line_1_74' title="bbox 1259 1439 2265 1478; baseline -0.001 -8"><span class='ocrx_word' id='word_1_547' title='bbox 1259 1440 1372 1475; x_wconf 81' lang='lat' dir='ltr'>Reate,</span> <span class='ocrx_word' id='word_1_548' title='bbox 1393 1439 1456 1469; x_wconf 90' lang='grc'><strong>1111</strong></span> <span class='ocrx_word' id='word_1_549' title='bbox 1485 1440 1560 1469; x_wconf 86' lang='lat' dir='ltr'>idus</span> <span class='ocrx_word' id='word_1_550' title='bbox 1583 1439 1785 1474; x_wconf 83' lang='lat' dir='ltr'>novembris,</span> <span class='ocrx_word' id='word_1_551' title='bbox 1814 1439 2025 1478; x_wconf 86' lang='lat' dir='ltr'>pontificatus</span> <span class='ocrx_word' id='word_1_552' title='bbox 2055 1439 2157 1469; x_wconf 85' lang='lat' dir='ltr'>nostri</span> <span class='ocrx_word' id='word_1_553' title='bbox 2178 1447 2265 1469; x_wconf 89' lang='lat' dir='ltr'>anno</span> 
     </span>
     <span class='ocr_line' id='line_1_75' title="bbox 1259 1492 1385 1531; baseline -0.008 -9"><span class='ocrx_word' id='word_1_554' title='bbox 1259 1492 1385 1531; x_wconf 85' lang='lat' dir='ltr'>quinto.</span> 
     </span>
    </p>
   </div>
   <div class='ocr_carea' id='block_1_16' title="bbox 1329 1661 2193 1694">
    <p class='ocr_par' dir='ltr' id='par_1_17' title="bbox 1329 1661 2193 1694">
     <span class='ocr_line' id='line_1_76' title="bbox 1329 1661 2193 1694; baseline 0 -6"><span class='ocrx_word' id='word_1_555' title='bbox 1329 1663 1401 1694; x_wconf 66' lang='lat'>742</span> <span class='ocrx_word' id='word_1_556' title='bbox 1815 1661 1898 1692; x_wconf 82' lang='lat' dir='ltr'>Rieti,</span> <span class='ocrx_word' id='word_1_557' title='bbox 1915 1663 1930 1688; x_wconf 85' lang='grc'><strong>9</strong></span> <span class='ocrx_word' id='word_1_558' title='bbox 1945 1662 2099 1688; x_wconf 82' lang='lat' dir='ltr'>novembre</span> <span class='ocrx_word' id='word_1_559' title='bbox 2114 1661 2193 1689; x_wconf 70' lang='lat'>123¹.</span> 
     </span>
    </p>
   </div>
   <div class='ocr_carea' id='block_1_17' title="bbox 1261 1744 2271 2116">
    <p class='ocr_par' dir='ltr' id='par_1_18' title="bbox 1261 1744 2271 2116">
     <span class='ocr_line' id='line_1_77' title="bbox 1296 1744 2270 1779; baseline 0 -8"><span class='ocrx_word' id='word_1_560' title='bbox 1296 1745 1431 1779; x_wconf 86' lang='lat' dir='ltr'>Episcopo</span> <span class='ocrx_word' id='word_1_561' title='bbox 1452 1745 1605 1771; x_wconf 79' lang='lat' dir='ltr'>Morinensi</span> <span class='ocrx_word' id='word_1_562' title='bbox 1626 1745 1745 1771; x_wconf 81' lang='lat' dir='ltr'>mandat</span> <span class='ocrx_word' id='word_1_563' title='bbox 1767 1747 1918 1779; x_wconf 74' lang='lat' dir='ltr'>quatenus,</span> <span class='ocrx_word' id='word_1_564' title='bbox 1943 1752 2007 1771; x_wconf 87' lang='lat' dir='ltr'>cum</span> <span class='ocrx_word' id='word_1_565' title='bbox 2033 1744 2198 1771; x_wconf 83' lang='lat' dir='ltr'>Willelmus</span> <span class='ocrx_word' id='word_1_566' title='bbox 2225 1744 2270 1771; x_wconf 84' lang='lat' dir='ltr'>Bi·</span> 
     </span>
     <span class='ocr_line' id='line_1_78' title="bbox 1261 1793 2267 1828; baseline -0.001 -8"><span class='ocrx_word' id='word_1_567' title='bbox 1261 1794 1337 1826; x_wconf 86' lang='lat' dir='ltr'>hurz,</span> <span class='ocrx_word' id='word_1_568' title='bbox 1353 1794 1503 1828; x_wconf 79' lang='lat' dir='ltr'>burgensis</span> <span class='ocrx_word' id='word_1_569' title='bbox 1522 1793 1605 1820; x_wconf 76' lang='lat' dir='ltr'>villae</span> <span class='ocrx_word' id='word_1_570' title='bbox 1626 1794 1660 1820; x_wconf 87' lang='lat' dir='ltr'>de</span> <span class='ocrx_word' id='word_1_571' title='bbox 1679 1793 1788 1825; x_wconf 85' lang='lat' dir='ltr'>llisdin,</span> <span class='ocrx_word' id='word_1_572' title='bbox 1808 1793 1854 1827; x_wconf 91' lang='lat' dir='ltr'>qui</span> <span class='ocrx_word' id='word_1_573' title='bbox 1876 1793 2059 1827; x_wconf 82' lang='lat' dir='ltr'>nephandum</span> <span class='ocrx_word' id='word_1_574' title='bbox 2077 1793 2267 1820; x_wconf 87' lang='lat' dir='ltr'>homicidium</span> 
     </span>
     <span class='ocr_line' id='line_1_79' title="bbox 1262 1840 2271 1876; baseline -0.001 -8"><span class='ocrx_word' id='word_1_575' title='bbox 1262 1844 1485 1876; x_wconf 72' lang='lat' dir='ltr'>perpetraverat,</span> <span class='ocrx_word' id='word_1_576' title='bbox 1500 1850 1517 1868; x_wconf 82' lang='lat' dir='ltr'>a</span> <span class='ocrx_word' id='word_1_577' title='bbox 1534 1841 1642 1876; x_wconf 76' lang='lat' dir='ltr'>majore</span> <span class='ocrx_word' id='word_1_578' title='bbox 1662 1844 1690 1868; x_wconf 89' lang='lat' dir='ltr'>et</span> <span class='ocrx_word' id='word_1_579' title='bbox 1708 1842 1830 1868; x_wconf 83' lang='lat' dir='ltr'>scabinis</span> <span class='ocrx_word' id='word_1_580' title='bbox 1845 1841 1877 1867; x_wconf 88' lang='lat' dir='ltr'>de</span> <span class='ocrx_word' id='word_1_581' title='bbox 1895 1841 1991 1868; x_wconf 88' lang='lat' dir='ltr'>llisdin</span> <span class='ocrx_word' id='word_1_582' title='bbox 2007 1843 2121 1875; x_wconf 87' lang='lat' dir='ltr'>propter</span> <span class='ocrx_word' id='word_1_583' title='bbox 2136 1840 2189 1867; x_wconf 89' lang='lat' dir='ltr'>hoe</span> <span class='ocrx_word' id='word_1_584' title='bbox 2203 1849 2271 1868; x_wconf 89' lang='lat' dir='ltr'>con-</span> 
     </span>
     <span class='ocr_line' id='line_1_80' title="bbox 1261 1889 2270 1924; baseline 0 -8"><span class='ocrx_word' id='word_1_585' title='bbox 1261 1890 1426 1923; x_wconf 83' lang='lat' dir='ltr'>demnatus,</span> <span class='ocrx_word' id='word_1_586' title='bbox 1449 1892 1547 1916; x_wconf 85' lang='lat' dir='ltr'>contra</span> <span class='ocrx_word' id='word_1_587' title='bbox 1570 1890 1633 1916; x_wconf 85' lang='lat' dir='ltr'>illos</span> <span class='ocrx_word' id='word_1_588' title='bbox 1649 1892 1675 1916; x_wconf 89' lang='lat' dir='ltr'>et</span> <span class='ocrx_word' id='word_1_589' title='bbox 1691 1890 1845 1924; x_wconf 81' lang='lat' dir='ltr'>quemdam</span> <span class='ocrx_word' id='word_1_590' title='bbox 1863 1891 2018 1924; x_wconf 81' lang='lat' dir='ltr'>Symonem</span> <span class='ocrx_word' id='word_1_591' title='bbox 2033 1889 2163 1915; x_wconf 77' lang='lat' dir='ltr'>fallaciae</span> <span class='ocrx_word' id='word_1_592' title='bbox 2175 1889 2270 1924; x_wconf 83' lang='lat' dir='ltr'>gratia</span> 
     </span>
     <span class='ocr_line' id='line_1_81' title="bbox 1262 1938 2268 1972; baseline -0.001 -8"><span class='ocrx_word' id='word_1_593' title='bbox 1262 1938 1374 1965; x_wconf 80' lang='lat' dir='ltr'>litteras</span> <span class='ocrx_word' id='word_1_594' title='bbox 1395 1938 1564 1972; x_wconf 82' lang='lat' dir='ltr'>apostolicas</span> <span class='ocrx_word' id='word_1_595' title='bbox 1582 1938 1795 1972; x_wconf 77' lang='lat' dir='ltr'>impetravisset</span> <span class='ocrx_word' id='word_1_596' title='bbox 1819 1939 1853 1964; x_wconf 80' lang='lat' dir='ltr'>ad</span> <span class='ocrx_word' id='word_1_597' title='bbox 1876 1938 2014 1964; x_wconf 83' lang='lat' dir='ltr'>decanum</span> <span class='ocrx_word' id='word_1_598' title='bbox 2028 1938 2268 1964; x_wconf 80' lang='lat' dir='ltr'>Cameracensem</span> 
     </span>
     <span class='ocr_line' id='line_1_82' title="bbox 1262 1985 2268 2022; baseline -0.001 -9"><span class='ocrx_word' id='word_1_599' title='bbox 1262 1989 1289 2013; x_wconf 86' lang='lat' dir='ltr'>ct</span> <span class='ocrx_word' id='word_1_600' title='bbox 1306 1987 1366 2022; x_wconf 71' lang='lat' dir='ltr'>ejus</span> <span class='ocrx_word' id='word_1_601' title='bbox 1382 1987 1555 2021; x_wconf 80' lang='lat' dir='ltr'>conjudices,</span> <span class='ocrx_word' id='word_1_602' title='bbox 1573 1986 1680 2013; x_wconf 82' lang='lat' dir='ltr'>eisdem</span> <span class='ocrx_word' id='word_1_603' title='bbox 1695 1986 1839 2021; x_wconf 84' lang='lat' dir='ltr'>judicibus</span> <span class='ocrx_word' id='word_1_604' title='bbox 1855 1986 2007 2021; x_wconf 83' lang='lat' dir='ltr'>probibeat</span> <span class='ocrx_word' id='word_1_605' title='bbox 2023 1994 2057 2012; x_wconf 87' lang='lat' dir='ltr'>ne</span> <span class='ocrx_word' id='word_1_606' title='bbox 2075 1994 2125 2020; x_wconf 89' lang='lat' dir='ltr'>per</span> <span class='ocrx_word' id='word_1_607' title='bbox 2142 1985 2268 2020; x_wconf 82' lang='lat' dir='ltr'>praedic-</span> 
     </span>
     <span class='ocr_line' id='line_1_83' title="bbox 1262 2034 2268 2068; baseline 0 -8"><span class='ocrx_word' id='word_1_608' title='bbox 1262 2037 1305 2061; x_wconf 77' lang='lat' dir='ltr'>tas</span> <span class='ocrx_word' id='word_1_609' title='bbox 1324 2035 1434 2061; x_wconf 81' lang='lat' dir='ltr'>litteras</span> <span class='ocrx_word' id='word_1_610' title='bbox 1451 2035 1570 2061; x_wconf 79' lang='lat' dir='ltr'>ulterius</span> <span class='ocrx_word' id='word_1_611' title='bbox 1588 2034 1752 2068; x_wconf 76' lang='lat' dir='ltr'>procedant.</span> <span class='ocrx_word' id='word_1_612' title='bbox 1772 2036 1804 2054; x_wconf 65' lang='grc' dir='ltr'>ἐ-</span> <span class='ocrx_word' id='word_1_613' title='bbox 1825 2036 1901 2068; x_wconf 69' lang='lat' dir='ltr'>(use.</span> <span class='ocrx_word' id='word_1_614' title='bbox 1924 2037 1964 2067; x_wconf 76' lang='lat'>¹5,</span> <span class='ocrx_word' id='word_1_615' title='bbox 1981 2034 2001 2060; x_wconf 82' lang='lat' dir='ltr'>f.</span> <span class='ocrx_word' id='word_1_616' title='bbox 2024 2035 2070 2060; x_wconf 78' lang='lat'>136</span> <span class='ocrx_word' id='word_1_617' title='bbox 2088 2038 2131 2067; x_wconf 84' lang='lat' dir='ltr'>v⁰;</span> <span class='ocrx_word' id='word_1_618' title='bbox 2150 2042 2216 2061; x_wconf 79' lang='lat' dir='ltr'>ann.</span> <span class='ocrx_word' id='word_1_619' title='bbox 2236 2034 2268 2066; x_wconf 91' lang='lat' dir='ltr'>V,</span> 
     </span>
     <span class='ocr_line' id='line_1_84' title="bbox 1262 2083 1769 2116; baseline 0 -6"><span class='ocrx_word' id='word_1_620' title='bbox 1262 2092 1286 2110; x_wconf 87' lang='lat' dir='ltr'>c.</span> <span class='ocrx_word' id='word_1_621' title='bbox 1308 2085 1369 2116; x_wconf 69' lang='lat'>156,</span> <span class='ocrx_word' id='word_1_622' title='bbox 1386 2098 1419 2102; x_wconf 88' lang='lat'>—-</span> <span class='ocrx_word' id='word_1_623' title='bbox 1434 2083 1546 2110; x_wconf 71' lang='grc' dir='ltr'><strong>11101113Αο</strong></span> <span class='ocrx_word' id='word_1_624' title='bbox 1567 2084 1644 2115; x_wconf 84' lang='lat'>1187,</span> <span class='ocrx_word' id='word_1_625' title='bbox 1661 2083 1680 2110; x_wconf 47' lang='lat' dir='ltr'>fi</span> <span class='ocrx_word' id='word_1_626' title='bbox 1699 2084 1769 2116; x_wconf 78' lang='lat'>134.)</span> 
     </span>
    </p>
   </div>
   <div class='ocr_carea' id='block_1_18' title="bbox 1265 2171 2273 2317">
    <p class='ocr_par' dir='ltr' id='par_1_19' title="bbox 1265 2171 2273 2317">
     <span class='ocr_line' id='line_1_85' title="bbox 1304 2171 2271 2212; baseline 0.002 -12"><span class='ocrx_word' id='word_1_627' title='bbox 1304 2185 1319 2200; x_wconf 75' lang='lat' dir='ltr'><em>u</em></span> <span class='ocrx_word' id='word_1_628' title='bbox 1344 2196 1365 2203; x_wconf 89' lang='lat'>..</span> <span class='ocrx_word' id='word_1_629' title='bbox 1383 2174 1523 2212; x_wconf 75' lang='lat' dir='ltr'>episeopo</span> <span class='ocrx_word' id='word_1_630' title='bbox 1539 2173 1714 2202; x_wconf 73' lang='lat' dir='ltr'>Morinervsi.</span> <span class='ocrx_word' id='word_1_631' title='bbox 1733 2173 1784 2203; x_wconf 88' lang='lat' dir='ltr'>Ad</span> <span class='ocrx_word' id='word_1_632' title='bbox 1801 2182 1898 2203; x_wconf 85' lang='lat' dir='ltr'>aures</span> <span class='ocrx_word' id='word_1_633' title='bbox 1914 2174 2044 2203; x_wconf 89' lang='lat' dir='ltr'>nostras</span> <span class='ocrx_word' id='word_1_634' title='bbox 2066 2171 2271 2203; x_wconf 87' lang='lat' dir='ltr'>detestabilis</span> 
     </span>
     <span class='ocr_line' id='line_1_86' title="bbox 1265 2225 2273 2265; baseline -0.001 -9"><span class='ocrx_word' id='word_1_635' title='bbox 1265 2227 1403 2256; x_wconf 85' lang='grc'><strong>01101010</strong></span> <span class='ocrx_word' id='word_1_636' title='bbox 1421 2227 1452 2256; x_wconf 83' lang='grc'>01</span> <span class='ocrx_word' id='word_1_637' title='bbox 1464 2227 1575 2263; x_wconf 80' lang='lat' dir='ltr'>gravis</span> <span class='ocrx_word' id='word_1_638' title='bbox 1588 2227 1685 2256; x_wconf 80' lang='lat' dir='ltr'>etlam</span> <span class='ocrx_word' id='word_1_639' title='bbox 1700 2226 1814 2256; x_wconf 86' lang='lat' dir='ltr'>auditu</span> <span class='ocrx_word' id='word_1_640' title='bbox 1828 2225 1978 2265; x_wconf 86' lang='lat' dir='ltr'>pervenit</span> <span class='ocrx_word' id='word_1_641' title='bbox 1989 2234 2145 2256; x_wconf 85' lang='lat' dir='ltr'>excessus</span> <span class='ocrx_word' id='word_1_642' title='bbox 2158 2234 2176 2255; x_wconf 89' lang='lat' dir='ltr'>a</span> <span class='ocrx_word' id='word_1_643' title='bbox 2186 2225 2273 2255; x_wconf 86' lang='lat' dir='ltr'>Wil-</span> 
     </span>
     <span class='ocr_line' id='line_1_87' title="bbox 1265 2267 2273 2317; baseline -0.001 -9"><span class='ocrx_word' id='word_1_644' title='bbox 1265 2279 1363 2308; x_wconf 89' lang='lat' dir='ltr'>lelmo</span> <span class='ocrx_word' id='word_1_645' title='bbox 1376 2279 1507 2314; x_wconf 76' lang='lat' dir='ltr'>Bibarz,</span> <span class='ocrx_word' id='word_1_646' title='bbox 1520 2278 1677 2317; x_wconf 85' lang='lat' dir='ltr'>burgensi</span> <span class='ocrx_word' id='word_1_647' title='bbox 1691 2279 1770 2308; x_wconf 85' lang='lat' dir='ltr'>ville</span> <span class='ocrx_word' id='word_1_648' title='bbox 1788 2278 1827 2308; x_wconf 89' lang='lat' dir='ltr'>de</span> <span class='ocrx_word' id='word_1_649' title='bbox 1842 2278 1974 2315; x_wconf 73' lang='lat' dir='ltr'>Hisdin,</span> <span class='ocrx_word' id='word_1_650' title='bbox 1988 2267 2189 2308; x_wconf 54' lang='lat' dir='ltr'>Mo&#39;rinensis</span> <span class='ocrx_word' id='word_1_651' title='bbox 2205 2278 2273 2308; x_wconf 86' lang='lat' dir='ltr'>dio-</span> 
     </span>
    </p>
   </div>
   <div class='ocr_carea' id='block_1_19' title="bbox 1234 2327 2273 2370">
    <p class='ocr_par' dir='ltr' id='par_1_20' title="bbox 1234 2327 2273 2370">
     <span class='ocr_line' id='line_1_88' title="bbox 1234 2327 2273 2370; baseline -0.001 -9"><span class='ocrx_word' id='word_1_652' title='bbox 1234 2327 1235 2368; x_wconf 58' lang='lat' dir='ltr'>J</span> <span class='ocrx_word' id='word_1_653' title='bbox 1264 2332 1360 2366; x_wconf 75' lang='lat' dir='ltr'>cesis,</span> <span class='ocrx_word' id='word_1_654' title='bbox 1385 2333 1578 2370; x_wconf 82' lang='lat' dir='ltr'>suggerente</span> <span class='ocrx_word' id='word_1_655' title='bbox 1601 2331 1739 2361; x_wconf 84' lang='lat' dir='ltr'>humani</span> <span class='ocrx_word' id='word_1_656' title='bbox 1762 2331 1893 2370; x_wconf 83' lang='lat' dir='ltr'>generis</span> <span class='ocrx_word' id='word_1_657' title='bbox 1917 2331 2064 2366; x_wconf 87' lang='lat' dir='ltr'>inimico,</span> <span class='ocrx_word' id='word_1_658' title='bbox 2083 2332 2118 2360; x_wconf 89' lang='lat' dir='ltr'>ut</span> <span class='ocrx_word' id='word_1_659' title='bbox 2140 2330 2273 2366; x_wconf 84' lang='lat' dir='ltr'>dicitur,</span> 
     </span>
    </p>
   </div>
   <div class='ocr_carea' id='block_1_20' title="bbox 1264 2384 2274 2579">
    <p class='ocr_par' dir='ltr' id='par_1_21' title="bbox 1264 2384 2274 2579">
     <span class='ocr_line' id='line_1_89' title="bbox 1264 2384 2272 2422; baseline 0.001 -10"><span class='ocrx_word' id='word_1_660' title='bbox 1264 2385 1481 2422; x_wconf 83' lang='lat' dir='ltr'>perpetratus.</span> <span class='ocrx_word' id='word_1_661' title='bbox 1498 2384 1612 2422; x_wconf 85' lang='lat' dir='ltr'>Nuper</span> <span class='ocrx_word' id='word_1_662' title='bbox 1628 2384 1728 2420; x_wconf 87' lang='lat' dir='ltr'>enim,</span> <span class='ocrx_word' id='word_1_663' title='bbox 1748 2385 1845 2422; x_wconf 89' lang='lat' dir='ltr'>prout</span> <span class='ocrx_word' id='word_1_664' title='bbox 1863 2384 1924 2413; x_wconf 88' lang='lat' dir='ltr'>suit</span> <span class='ocrx_word' id='word_1_665' title='bbox 1938 2384 2145 2422; x_wconf 88' lang='lat' dir='ltr'>propositum</span> <span class='ocrx_word' id='word_1_666' title='bbox 2162 2391 2272 2413; x_wconf 87' lang='lat' dir='ltr'>coram</span> 
     </span>
     <span class='ocr_line' id='line_1_90' title="bbox 1267 2435 2273 2475; baseline -0.001 -9"><span class='ocrx_word' id='word_1_667' title='bbox 1267 2436 1363 2467; x_wconf 86' lang='lat' dir='ltr'>nobis</span> <span class='ocrx_word' id='word_1_668' title='bbox 1381 2445 1421 2467; x_wconf 84' lang='lat' dir='ltr'>ex</span> <span class='ocrx_word' id='word_1_669' title='bbox 1438 2438 1529 2475; x_wconf 89' lang='lat' dir='ltr'>parte</span> <span class='ocrx_word' id='word_1_670' title='bbox 1546 2436 1711 2466; x_wconf 82' lang='lat' dir='ltr'>carissimi</span> <span class='ocrx_word' id='word_1_671' title='bbox 1734 2436 1767 2466; x_wconf 91' lang='lat' dir='ltr'>in</span> <span class='ocrx_word' id='word_1_672' title='bbox 1786 2436 1918 2466; x_wconf 88' lang='lat' dir='ltr'>Christo</span> <span class='ocrx_word' id='word_1_673' title='bbox 1939 2436 1999 2466; x_wconf 88' lang='lat' dir='ltr'>filii</span> <span class='ocrx_word' id='word_1_674' title='bbox 2018 2436 2122 2465; x_wconf 88' lang='lat' dir='ltr'>nostri</span> <span class='ocrx_word' id='word_1_675' title='bbox 2140 2459 2160 2466; x_wconf 86' lang='lat'>..</span> <span class='ocrx_word' id='word_1_676' title='bbox 2177 2435 2273 2465; x_wconf 85' lang='lat' dir='ltr'>illus-</span> 
     </span>
     <span class='ocr_line' id='line_1_91' title="bbox 1266 2488 2274 2527; baseline 0 -9"><span class='ocrx_word' id='word_1_677' title='bbox 1266 2489 1326 2518; x_wconf 89' lang='lat' dir='ltr'>tris</span> <span class='ocrx_word' id='word_1_678' title='bbox 1342 2489 1429 2527; x_wconf 86' lang='lat' dir='ltr'>regis</span> <span class='ocrx_word' id='word_1_679' title='bbox 1445 2489 1596 2523; x_wconf 80' lang='lat' dir='ltr'>Francie,</span> <span class='ocrx_word' id='word_1_680' title='bbox 1616 2489 1684 2526; x_wconf 86' lang='lat' dir='ltr'>qui,</span> <span class='ocrx_word' id='word_1_681' title='bbox 1701 2489 1786 2518; x_wconf 85' lang='lat' dir='ltr'>sicut</span> <span class='ocrx_word' id='word_1_682' title='bbox 1800 2489 1953 2527; x_wconf 87' lang='lat' dir='ltr'>princeps</span> <span class='ocrx_word' id='word_1_683' title='bbox 1973 2488 2154 2518; x_wconf 86' lang='lat' dir='ltr'>catholicus</span> <span class='ocrx_word' id='word_1_684' title='bbox 2170 2489 2201 2518; x_wconf 89' lang='lat' dir='ltr'>et</span> <span class='ocrx_word' id='word_1_685' title='bbox 2219 2488 2274 2518; x_wconf 85' lang='lat' dir='ltr'>de-</span> 
     </span>
     <span class='ocr_line' id='line_1_92' title="bbox 1266 2540 2272 2579; baseline 0 -9"><span class='ocrx_word' id='word_1_686' title='bbox 1266 2544 1375 2575; x_wconf 74' lang='lat' dir='ltr'>votus,</span> <span class='ocrx_word' id='word_1_687' title='bbox 1400 2541 1432 2570; x_wconf 92' lang='lat' dir='ltr'>in</span> <span class='ocrx_word' id='word_1_688' title='bbox 1458 2541 1642 2579; x_wconf 87' lang='lat' dir='ltr'>nephandis</span> <span class='ocrx_word' id='word_1_689' title='bbox 1663 2542 1693 2570; x_wconf 90' lang='lat' dir='ltr'>et</span> <span class='ocrx_word' id='word_1_690' title='bbox 1709 2541 1875 2579; x_wconf 79' lang='lat' dir='ltr'>perversis</span> <span class='ocrx_word' id='word_1_691' title='bbox 1897 2540 2025 2570; x_wconf 86' lang='lat' dir='ltr'>actibus</span> <span class='ocrx_word' id='word_1_692' title='bbox 2047 2541 2272 2576; x_wconf 84' lang='lat' dir='ltr'>contristatur,</span> 
     </span>
    </p>
   </div>
   <div class='ocr_carea' id='block_1_21' title="bbox 1236 2593 2276 2737">
    <p class='ocr_par' dir='ltr' id='par_1_22' title="bbox 1236 2593 2276 2737">
     <span class='ocr_line' id='line_1_93' title="bbox 1236 2593 2273 2634; baseline 0 -11"><span class='ocrx_word' id='word_1_693' title='bbox 1236 2627 1237 2634; x_wconf 13' lang='grc' dir='ltr'>ἵ</span> <span class='ocrx_word' id='word_1_694' title='bbox 1268 2594 1353 2623; x_wconf 90' lang='lat' dir='ltr'>idem</span> <span class='ocrx_word' id='word_1_695' title='bbox 1371 2593 1443 2629; x_wconf 64' lang='lat' dir='ltr'>W„</span> <span class='ocrx_word' id='word_1_696' title='bbox 1460 2595 1617 2631; x_wconf 85' lang='lat' dir='ltr'>tanquam</span> <span class='ocrx_word' id='word_1_697' title='bbox 1636 2593 1687 2623; x_wconf 88' lang='lat' dir='ltr'>vir</span> <span class='ocrx_word' id='word_1_698' title='bbox 1709 2593 1892 2631; x_wconf 84' lang='lat' dir='ltr'>flagitiosus</span> <span class='ocrx_word' id='word_1_699' title='bbox 1910 2594 1941 2623; x_wconf 87' lang='lat' dir='ltr'>et</span> <span class='ocrx_word' id='word_1_700' title='bbox 1957 2593 2128 2631; x_wconf 87' lang='lat' dir='ltr'>pestilens,</span> <span class='ocrx_word' id='word_1_701' title='bbox 2146 2601 2273 2632; x_wconf 87' lang='lat' dir='ltr'>pronus</span> 
     </span>
     <span class='ocr_line' id='line_1_94' title="bbox 1236 2645 2274 2692; baseline 0 -16"><span class='ocrx_word' id='word_1_702' title='bbox 1236 2682 1237 2692; x_wconf 17' lang='grc' dir='ltr'>η</span> <span class='ocrx_word' id='word_1_703' title='bbox 1267 2646 1306 2676; x_wconf 87' lang='lat' dir='ltr'>ad</span> <span class='ocrx_word' id='word_1_704' title='bbox 1334 2654 1431 2684; x_wconf 88' lang='lat' dir='ltr'>opera</span> <span class='ocrx_word' id='word_1_705' title='bbox 1457 2645 1678 2682; x_wconf 86' lang='lat' dir='ltr'>tenebrarum,</span> <span class='ocrx_word' id='word_1_706' title='bbox 1705 2646 1738 2675; x_wconf 90' lang='lat' dir='ltr'>in</span> <span class='ocrx_word' id='word_1_707' title='bbox 1765 2646 1899 2675; x_wconf 88' lang='lat' dir='ltr'>domum</span> <span class='ocrx_word' id='word_1_708' title='bbox 1925 2646 2097 2684; x_wconf 86' lang='lat' dir='ltr'>cujusdam</span> <span class='ocrx_word' id='word_1_709' title='bbox 2123 2645 2274 2676; x_wconf 88' lang='lat' dir='ltr'>mulieris</span> 
     </span>
     <span class='ocr_line' id='line_1_95' title="bbox 1236 2698 2276 2737; baseline 0 -9"><span class='ocrx_word' id='word_1_710' title='bbox 1236 2731 1237 2736; x_wconf 19' lang='lat'>¹</span> <span class='ocrx_word' id='word_1_711' title='bbox 1268 2699 1397 2728; x_wconf 88' lang='lat' dir='ltr'>irruens</span> <span class='ocrx_word' id='word_1_712' title='bbox 1414 2699 1574 2728; x_wconf 86' lang='lat' dir='ltr'>nocturno</span> <span class='ocrx_word' id='word_1_713' title='bbox 1587 2700 1745 2737; x_wconf 88' lang='lat' dir='ltr'>tempore,</span> <span class='ocrx_word' id='word_1_714' title='bbox 1762 2699 1917 2737; x_wconf 85' lang='lat' dir='ltr'>quoniam</span> <span class='ocrx_word' id='word_1_715' title='bbox 1932 2698 2038 2728; x_wconf 87' lang='lat' dir='ltr'>lucem</span> <span class='ocrx_word' id='word_1_716' title='bbox 2053 2698 2121 2729; x_wconf 88' lang='lat' dir='ltr'>odit</span> <span class='ocrx_word' id='word_1_717' title='bbox 2136 2698 2276 2737; x_wconf 87' lang='lat' dir='ltr'>quilibet</span> 
     </span>
    </p>
   </div>
   <div class='ocr_carea' id='block_1_22' title="bbox 1267 2750 2275 3052">
    <p class='ocr_par' dir='ltr' id='par_1_23' title="bbox 1267 2750 2275 3052">
     <span class='ocr_line' id='line_1_96' title="bbox 1267 2750 2274 2789; baseline 0.001 -9"><span class='ocrx_word' id='word_1_718' title='bbox 1267 2751 1353 2781; x_wconf 89' lang='lat' dir='ltr'>male</span> <span class='ocrx_word' id='word_1_719' title='bbox 1378 2759 1489 2789; x_wconf 80' lang='lat' dir='ltr'>agens,</span> <span class='ocrx_word' id='word_1_720' title='bbox 1518 2751 1600 2780; x_wconf 87' lang='lat' dir='ltr'>duos</span> <span class='ocrx_word' id='word_1_721' title='bbox 1623 2751 1886 2781; x_wconf 85' lang='lat' dir='ltr'>adolescentulos</span> <span class='ocrx_word' id='word_1_722' title='bbox 1909 2751 2058 2786; x_wconf 86' lang='lat' dir='ltr'>clericos,</span> <span class='ocrx_word' id='word_1_723' title='bbox 2079 2751 2150 2789; x_wconf 84' lang='lat' dir='ltr'>ejus</span> <span class='ocrx_word' id='word_1_724' title='bbox 2174 2750 2274 2785; x_wconf 85' lang='lat' dir='ltr'>filios,</span> 
     </span>
     <span class='ocr_line' id='line_1_97' title="bbox 1267 2802 2275 2842; baseline 0.001 -10"><span class='ocrx_word' id='word_1_725' title='bbox 1267 2812 1350 2832; x_wconf 83' lang='lat' dir='ltr'>ausu</span> <span class='ocrx_word' id='word_1_726' title='bbox 1367 2803 1526 2841; x_wconf 79' lang='lat' dir='ltr'>sacrilego</span> <span class='ocrx_word' id='word_1_727' title='bbox 1543 2802 1719 2832; x_wconf 88' lang='lat' dir='ltr'>crudeliter</span> <span class='ocrx_word' id='word_1_728' title='bbox 1732 2803 1905 2838; x_wconf 81' lang='lat' dir='ltr'>interfecit,</span> <span class='ocrx_word' id='word_1_729' title='bbox 1919 2805 1949 2833; x_wconf 85' lang='lat' dir='ltr'>et</span> <span class='ocrx_word' id='word_1_730' title='bbox 1960 2803 2058 2834; x_wconf 86' lang='lat' dir='ltr'>corda</span> <span class='ocrx_word' id='word_1_731' title='bbox 2071 2804 2110 2833; x_wconf 88' lang='lat' dir='ltr'>de</span> <span class='ocrx_word' id='word_1_732' title='bbox 2126 2804 2275 2842; x_wconf 89' lang='lat' dir='ltr'>ipsorum</span> 
     </span>
     <span class='ocr_line' id='line_1_98' title="bbox 1269 2855 2275 2895; baseline 0.002 -11"><span class='ocrx_word' id='word_1_733' title='bbox 1269 2855 1483 2885; x_wconf 88' lang='lat' dir='ltr'>interioribus</span> <span class='ocrx_word' id='word_1_734' title='bbox 1504 2855 1711 2889; x_wconf 50' lang='lat' dir='ltr'>abstrahens</span> <span class='ocrx_word' id='word_1_735' title='bbox 1727 2864 1866 2885; x_wconf 84' lang='lat' dir='ltr'>coronas</span> <span class='ocrx_word' id='word_1_736' title='bbox 1885 2856 1924 2885; x_wconf 89' lang='lat' dir='ltr'>de</span> <span class='ocrx_word' id='word_1_737' title='bbox 1943 2856 2090 2894; x_wconf 86' lang='lat' dir='ltr'>ipsorum</span> <span class='ocrx_word' id='word_1_738' title='bbox 2110 2855 2275 2895; x_wconf 86' lang='lat' dir='ltr'>capitibus</span> 
     </span>
     <span class='ocr_line' id='line_1_99' title="bbox 1268 2907 2274 2948; baseline 0.001 -11"><span class='ocrx_word' id='word_1_739' title='bbox 1268 2907 1464 2946; x_wconf 88' lang='lat' dir='ltr'>amputavit,</span> <span class='ocrx_word' id='word_1_740' title='bbox 1482 2907 1615 2937; x_wconf 87' lang='lat' dir='ltr'>domum</span> <span class='ocrx_word' id='word_1_741' title='bbox 1633 2916 1707 2938; x_wconf 90' lang='lat' dir='ltr'>cum</span> <span class='ocrx_word' id='word_1_742' title='bbox 1726 2908 1850 2938; x_wconf 86' lang='lat' dir='ltr'>eisdem</span> <span class='ocrx_word' id='word_1_743' title='bbox 1870 2908 2065 2947; x_wconf 87' lang='lat' dir='ltr'>corporibus</span> <span class='ocrx_word' id='word_1_744' title='bbox 2082 2908 2182 2948; x_wconf 87' lang='lat' dir='ltr'>impie</span> <span class='ocrx_word' id='word_1_745' title='bbox 2198 2916 2274 2939; x_wconf 86' lang='lat' dir='ltr'>con-</span> 
     </span>
     <span class='ocr_line' id='line_1_100' title="bbox 1268 2960 2274 3000; baseline 0.002 -11"><span class='ocrx_word' id='word_1_746' title='bbox 1268 2960 1462 2996; x_wconf 68' lang='lat' dir='ltr'>cremando,</span> <span class='ocrx_word' id='word_1_747' title='bbox 1488 2962 1620 2999; x_wconf 90' lang='lat' dir='ltr'>propter</span> <span class='ocrx_word' id='word_1_748' title='bbox 1641 2961 1730 2999; x_wconf 87' lang='lat' dir='ltr'>quod</span> <span class='ocrx_word' id='word_1_749' title='bbox 1746 2983 1766 2990; x_wconf 86' lang='lat'>..</span> <span class='ocrx_word' id='word_1_750' title='bbox 1784 2961 1889 3000; x_wconf 85' lang='lat' dir='ltr'>maj0r</span> <span class='ocrx_word' id='word_1_751' title='bbox 1905 2962 1937 2991; x_wconf 89' lang='grc'>01</span> <span class='ocrx_word' id='word_1_752' title='bbox 1958 2961 2085 2991; x_wconf 85' lang='lat' dir='ltr'>scabini</span> <span class='ocrx_word' id='word_1_753' title='bbox 2103 2961 2182 2991; x_wconf 90' lang='lat' dir='ltr'>ville</span> <span class='ocrx_word' id='word_1_754' title='bbox 2198 2969 2274 3000; x_wconf 90' lang='lat' dir='ltr'>pre-</span> 
     </span>
     <span class='ocr_line' id='line_1_101' title="bbox 1270 3012 2273 3052; baseline 0.002 -10"><span class='ocrx_word' id='word_1_755' title='bbox 1270 3013 1354 3042; x_wconf 86' lang='lat' dir='ltr'>dicte</span> <span class='ocrx_word' id='word_1_756' title='bbox 1372 3013 1404 3042; x_wconf 91' lang='lat' dir='ltr'>in</span> <span class='ocrx_word' id='word_1_757' title='bbox 1423 3012 1503 3042; x_wconf 89' lang='lat' dir='ltr'>tanti</span> <span class='ocrx_word' id='word_1_758' title='bbox 1527 3013 1660 3043; x_wconf 84' lang='lat' dir='ltr'>sceleris</span> <span class='ocrx_word' id='word_1_759' title='bbox 1677 3013 1836 3044; x_wconf 87' lang='lat' dir='ltr'>ultionem</span> <span class='ocrx_word' id='word_1_760' title='bbox 1858 3013 1945 3044; x_wconf 87' lang='lat' dir='ltr'>bona</span> <span class='ocrx_word' id='word_1_761' title='bbox 1961 3013 2183 3044; x_wconf 85' lang='lat' dir='ltr'>malefactoris</span> <span class='ocrx_word' id='word_1_762' title='bbox 2203 3021 2273 3052; x_wconf 88' lang='lat' dir='ltr'>pre-</span> 
     </span>
    </p>
   </div>
  </div>
 </body>
</html>
