2498 3242
242 273 315 302 1007
963 271 1203 303 Rsols'rnss
1225 270 1280 300 DE
1303 261 1526 300 GREGOIRE
1549 271 1608 301 ix.
2264 270 2337 300 1008

241 347 352 368 corum
379 338 524 376 ipsorum
549 338 850 377 subscriptionibus
875 338 1055 372 roboratis,
1082 335 1246 367 contineri

240 396 462 429 perspexerat.
480 391 698 421 confirmavit.
717 397 746 421 et
768 392 915 430 insuper.
934 390 1093 421 suadente
1111 389 1244 428 pietate,

240 443 410 473 constituit
429 448 480 474 ut,
502 452 565 472 non
584 443 735 474 obstante
752 444 837 483 quod
858 443 1039 473 secundum
1059 442 1247 473 Crucisero-

240 505 313 525 rum
338 500 459 525 statuta
484 495 753 534 disposueramus
779 497 825 525 ibi
854 495 1015 534 hospitale
1037 499 1244 529 construere,

241 548 411 578 concessio
437 548 575 586 predicti
599 549 745 587 episcopi
770 549 886 579 exinde
910 550 996 578 sacta
1022 547 1128 582 nobis,
1156 556 1192 577 ac
1218 547 1247 577 si

241 610 305 630 non
325 601 363 629 de
380 600 627 631 Cruciferorum
644 602 700 631 sed
717 602 755 631 de
775 601 962 640 Altipassus
981 599 1138 639 hospitali
1154 609 1248 630 men-

242 654 286 683 tio
312 655 395 684 tacta
416 655 546 684 fuisset.
574 655 673 684 robur
697 655 859 685 obtineret
886 659 1041 693 perpetue
1066 653 1245 683 firmitatis.

241 707 395 737 Ceterum
420 716 459 736 nc
480 716 579 745 super
600 708 718 746 prefati
746 707 890 746 episcopi
914 707 1138 737 concessione.
1163 707 1248 736 facta

242 759 338 789 nobis
360 759 582 797 presentibus.
601 760 711 798 aliqua
730 761 831 799 possit
848 760 882 789 in
899 765 1066 798 posterum
1085 759 1248 789 dubitatio

242 812 398 842 suboriri.
425 817 572 842 tenorem
597 813 822 843 concessionis
847 813 953 851 ipsius
978 821 1053 842 cum
1079 812 1248 850 subscrip-

242 865 389 895 tionibus
406 866 548 904 episcopi
568 871 595 895 et
617 866 850 896 canonicorum
870 866 1016 904 ipsorum
1035 866 1073 896 de
1093 865 1192 895 verbo
1209 865 1250 895 ad

242 917 379 947 verbum
411 918 622 956 presentibus
659 918 813 948 duximus
844 918 1070 949 inserendum.
1101 919 1164 955 Qui
1199 922 1248 948 est

244 970 319 1000 talis
335 980 340 998 :

281 1140 437 1174 {Johannes
471 1140 520 1171 [V.
553 1141 710 1176 episcopus
745 1142 928 1176 Anagninos,
963 1143 1117 1169 ecclesiam
1150 1142 1249 1170 Sancti

241 1190 379 1217 Auxentii
397 1191 542 1225 Anagnini
559 1199 625 1217 cum
643 1191 824 1226 pertinentiis
839 1192 902 1218 suis
918 1190 1102 1227 Hlugolinoj,
1119 1192 1249 1220 Ostiensi

242 1243 269 1265 et
287 1238 460 1265 Velletrensi
477 1240 624 1275 episcopo,
642 1240 793 1274 concedit]

316 1359 451 1393 [184οῙ
968 1361 1002 1389 26
1015 1364 1083 1389 aot‘it
1100 1363 1176 1390 1208.

284 1434 295 1446 α
314 1421 507 1450 Venerabili
524 1421 558 1450 in
580 1421 714 1452 Christo
735 1423 821 1460 patri
843 1423 1050 1462 Il[ugolino],
1068 1425 1129 1455 Dei
1145 1425 1251 1463 gratia

282 1473 431 1503 Ostiensi
456 1478 485 1504 et
511 1473 713 1504 Velletrensi
740 1475 906 1514 episcopo,
934 1477 979 1510 J..
1006 1477 1120 1507 eadem
1145 1478 1251 1515 gratia

281 1527 458 1564 Anagniae
477 1527 615 1558 ecclesie
638 1528 803 1564 minister,
822 1529 856 1558 in
877 1529 995 1560 salutis
1012 1535 1145 1560 auctore
1161 1531 1251 1561 salu-

283 1584 360 1610 tem.
389 1580 547 1611 Ecclesiis
573 1580 634 1610 sub
661 1585 773 1611 nostro
799 1582 962 1619 regimine
989 1584 1180 1613 constitutis
1205 1584 1252 1614 ita

283 1638 434 1663 tenemur
461 1642 498 1663 ex
522 1634 723 1672 pontificalis
745 1634 844 1664 officii
872 1635 982 1665 debito
1005 1636 1188 1674 providere,
1215 1641 1252 1668 ut

285 1686 522 1724 temporalibus
545 1695 610 1716 non
633 1686 857 1717 destituantur
879 1688 1014 1718 auxiliis
1037 1693 1068 1718 et
1094 1689 1252 1728 spiritua-

283 1738 383 1768 libus.
395 1743 527 1768 auctore
539 1739 1014 1779 Domin0‚jugihusproficiant
1023 1742 1250 1773 incrementis.

284 1792 473 1830 Eapropter.
503 1791 621 1821 dilecte
643 1792 676 1821 in
700 1793 841 1823 Domino
863 1798 966 1831 pater,
992 1799 1137 1824 vestrum
1160 1795 1252 1833 pium

283 1844 485 1874 desiderium
509 1845 733 1881 attendentes,
762 1845 934 1876 ecclesiam
957 1847 1070 1877 Sancti
1094 1848 1253 1878 Auxentii

283 1906 355 1927 cum
373 1897 528 1927 omnibus
549 1897 620 1927 suis
640 1898 853 1936 pertinentiis
870 1899 1092 1930 de-consensu
1111 1901 1253 1931 fratrum

282 1954 470 1980 nostrorum
488 1950 603 1980 devota
620 1950 713 1980 vobis
729 1950 929 1982 liberalitate
946 1953 1161 1988 conferimus.
1181 1953 1250 1989 ubi,

282 2002 323 2032 ad
344 2002 506 2032 honorem·
526 2003 587 2033 Dei
609 2008 639 2033 et
660 2003 754 2034 beate
776 2004 880 2035 Marie
906 2014 1035 2043 semper
1051 2006 1202 2044 Virginis
1222 2010 1254 2036 et

281 2055 388 2085 sancti
410 2055 563 2090 Antonii,
583 2056 623 2085 ad
643 2056 831 2086 subsidium
849 2058 1101 2096 peregrinorum
1120 2064 1151 2089 et
1170 2068 1252 2098 pau-

281 2117 408 2146 perum,
422 2113 452 2138 et
467 2109 695 2146 possessiones
707 2118 828 2147 augere
840 2119 876 2140 ac
886 2110 1049 2149 hospitale
1060 2116 1253 2144 construere

279 2162 370 2200 juxta
398 2161 646 2191 Cruciserorum
669 2162 846 2200 disponitis
872 2163 1038 2194 instituta.
1066 2165 1135 2195 Nos
1162 2174 1250 2203 ergo⁷

283 2214 368 2243 votis
398 2214 517 2243 vestris
548 2218 640 2251 grato
676 2220 911 2246 concurrentes
943 2226 1099 2252 assensu,
1131 2218 1253 2248 dictam

282 2266 455 2296 ecclesiam
479 2270 510 2296 et
531 2266 693 2304 hospitale
714 2276 789 2297 cum
804 2268 973 2306 universis
989 2270 1160 2306 fratribus,
1185 2275 1252 2301 tam

282 2318 494 2357 presentibus
517 2328 615 2357 quam
641 2320 782 2355 futuris,
807 2321 864 2359 qui
886 2321 1026 2358 ibidem,
1049 2323 1118 2353 Deo
1141 2323 1249 2360 dante,

281 2371 522 2410 professionem
540 2372 679 2402 fecerint
696 2372 900 2410 regularem,
921 2375 1076 2405 omnibus
1092 2376 1252 2406 immuni-

283 2424 406 2454 tatibus
426 2428 456 2454 et
479 2424 691 2455 libertatibus
707 2426 741 2455 in
758 2431 954 2464 perpetuum
973 2429 1116 2466 gaudere
1135 2438 1252 2461 conce-

283 2477 403 2512 dimus,
420 2486 482 2516 quc
497 2477 530 2506 in
548 2478 694 2516 ipsorum
707 2478 853 2516 regulari
867 2480 983 2510 ordine
995 2486 1072 2511 sunt
1085 2491 1249 2521 expresse,

282 2530 333 2560 vel
354 2530 539 2568 privilegiis
557 2532 781 2561 Romanorum
799 2533 997 2562 Pontificum
1022 2534 1214 2566 confirmate
1227 2537 1248 2571 ¹,

283 2583 384 2613 salvis
400 2583 467 2612 hiis
487 2584 713 2614 tantummodo
732 2594 795 2623 que
818 2585 961 2616 inferius
981 2586 1249 2625 subscribuntur,

282 2636 435 2667 videlicet
459 2641 493 2665 ut
519 2637 777 2667 decimationum
800 2638 852 2669 vel
873 2640 1131 2670 mortuariorum
1151 2651 1214 2680 que
1233 2651 1251 2672 a

282 2689 524 2729 parrochianis
541 2699 622 2728 quos
637 2690 708 2728 ipsa
724 2691 865 2721 ecclesia
880 2691 998 2722 habuit
1013 2697 1158 2731 tempore
1173 2703 1251 2725 nos-

283 2748 331 2772 tre
348 2743 549 2772 donationis.
564 2743 689 2773 fuerint
706 2743 827 2779 oblata,
844 2745 939 2775 nobis
954 2749 985 2775 et
1001 2747 1249 2777 successoribus

284 2795 431 2835 [nostris]
443 2795 550 2833 portio
562 2796 721 2826 canonica
731 2801 931 2827 reservetur.
945 2797 1156 2836 sepulturam
1168 2808 1250 2838 ‹suo-

245 2808 257 2822 S
244 2756 258 2770 5
244 2702 257 2717 υ
244 2650 257 2664 ἱ(
244 2596 256 2610 :⁴
244 2543 257 2557 ἕ
244 2489 257 2504 =1
243 2436 257 2451 5
244 2383 257 2398 t-
243 2330 257 2345 ὅ
244 2278 257 2293 Η
244 2226 257 2240 :⁴
244 2173 257 2188 Β
243 2120 256 2134 U
243 2066 256 2081 υ
244 2015 256 2029 ξ(
243 1962 256 1976 δ
244 1909 257 1923 ὅ
245 1856 257 1871 :1
245 1804 258 1818 Ε
245 1751 258 1766 U
246 1698 258 1713 υ
245 1645 258 1659 U
245 1592 258 1606 U
245 1538 257 1552 U
245 1485 257 1499 U

234 2925 246 2940 ’
277 2927 296 2951 l.
313 2928 362 2950 Ms.
379 2933 385 2949 :
402 2927 573 2950 confirmare.

1331 347 1344 361 l)

1330 399 1343 413 ))

1331 453 1343 467 ))

1331 505 1344 520 ))

1331 559 1344 573 ))

1332 610 1345 625 1)

1332 664 1344 678 ))

1332 716 1344 731 7)

1332 769 1345 783 ))

1332 822 1345 836 ))

1332 874 1345 889 Ὠ

1332 928 1345 942 ))

1334 2671 1347 2686 δ
1334 2619 1347 2634 25
1334 2567 1348 2581 δ
1335 2513 1348 2528 δ
1335 2460 1348 2476 δ
1335 2407 1349 2423 ὅ
1335 2355 1349 2370 :3

1370 344 1433 374 que
1444 335 1583 366 liberam
1594 345 1666 367 esse
1676 336 1838 372 volumus,
1851 336 1941 366 salva
1951 336 2083 376 justitia
2094 336 2227 366 illarum
2237 336 2337 367 ecele-

1369 388 1495 418 siarum
1510 397 1528 418 a
1542 389 1664 428 quihus
1680 394 1883 419 mortuorum
1901 398 2036 428 corpora
2052 393 2277 419 assumuntur.
2297 389 2336 419 In

1369 441 1550 472 festivitate
1573 442 1680 472 sancti
1698 442 1855 473 Auxentii
1879 451 1983 472 unum
2006 442 2154 472 lumbum
2175 442 2265 480 porci
2286 441 2338 472 vel

1369 503 1424 524 sex
1455 494 1560 524 tincas
1586 495 1681 528 nobis
1709 499 1739 524 et
1767 495 2016 525 successoribus
2043 494 2166 525 nostris
2193 493 2337 532 singulis

1370 547 1467 576 annis
1480 547 1615 577 reddere
1627 547 1861 585 procurabunt.
1877 547 2184 577 Excommunicatos
2196 551 2227 577 et
2238 547 2337 577 inter-

1369 599 1473 629 dictos
1490 599 1530 629 ab
1547 600 1699 638 episcopo
1713 600 1890 637 Anagnino
1906 604 1937 630 et
1954 600 2125 629 usurarios
2141 600 2337 630 manifestos

1370 661 1434 681 non
1459 652 1586 682 tradent
1609 652 1833 683 ecclesiastice
1854 653 2034 691 sepulture.
2057 652 2204 688 Crisma,
2227 652 2338 683 oleum

1371 709 1539 739 sanctum,
1560 705 1826 735 consecrationes
1849 704 2005 735 altarium
2029 713 2087 735 seu
2109 704 2334 740 basilicarum,

1370 757 1596 788 ordinationes
1610 757 1805 787 clericorum
1817 758 1874 796 qui
1888 757 1927 787 ad
1943 766 2054 788 sacros
2065 757 2199 787 ordines
2211 757 2338 788 fuerint

1370 810 1601 848 promovendi,
1625 819 1643 840 a
1667 810 1763 840 nobis
1786 815 1817 840 et
1840 810 2088 841 successoribus
2109 810 2232 841 nostris
2252 810 2338 841 reci-

1370 863 1472 901 pient,
1487 863 1515 892 si
1527 867 1642 901 sponte
1652 867 1683 893 et
1694 864 1766 894 sine
1779 863 1941 902 pravitate
1951 863 2155 894 voluerimus
2164 863 2336 900 exhibere3

1371 915 1520 954 alioquin
1533 925 1551 946 a
1560 925 1768 955 quocumque
1780 916 1959 947 maluerint
1971 916 2124 955 episcopo
2136 917 2219 955 ipsis
2235 916 2296 948 hec
2307 920 2339 947 et

1372 967 1437 998 alia
1454 973 1661 999 sacramenta
1677 969 1903 999 ecclesiastica
1916 969 2141 1000 conferantur.
2157 970 2222 1007 [In]
2239 969 2339 999 insti-

1370 1021 1557 1052 tutionibus
1571 1026 1691 1059 autem,
1706 1026 1736 1053 et
1748 1022 2022 1053 destitutionibus
2032 1026 2063 1053 et
2077 1021 2339 1053 correctionibus

1372 1083 1390 1104 a
1412 1075 1571 1113 magistro
1595 1075 1722 1106 ordinis
1748 1075 1950 1114 exequendis
1973 1080 2004 1106 et
2025 1075 2145 1106 ceteris
2167 1084 2231 1114 que
2255 1075 2339 1114 ipsis

1368 1127 1461 1166 juxta
1483 1127 1730 1158 institutionem
1749 1128 1877 1158 ordinis
1898 1131 1975 1158 sunt
1993 1127 2137 1163 indulta,
2154 1127 2340 1166 predictum

1371 1179 1535 1218 hospitale
1552 1184 1582 1210 et
1598 1180 1718 1210 fratres
1734 1189 1858 1217 omnes,
1873 1184 1940 1210 tam
1955 1184 2126 1218 presentes
2138 1188 2237 1219 quam
2247 1180 2340 1210 futu-

1372 1241 1437 1267 ros,
1456 1241 1493 1262 ea
1511 1232 1664 1263 volumus
1679 1232 1832 1263 libertate
1848 1233 2001 1271 gaudere,
2019 1242 2083 1272 que
2102 1233 2138 1262 in
2153 1232 2341 1271 privilegiis

1372 1286 1598 1316 Romanorum
1615 1285 1812 1316 Pontificum
1825 1290 1875 1316 est
1886 1294 2050 1324 expressa.
2064 1286 2138 1316 Non
2148 1285 2248 1316 liceat
2263 1293 2340 1324 quo-
2364 1291 2369 1295 ”

1373 1347 1436 1377 que
1461 1337 1561 1368 alicui
1590 1347 1730 1377 persone
1757 1337 1930 1369 ecclesiam
1957 1342 2172 1369 memoratam
2202 1338 2340 1378 ejusque

1371 1391 1600 1430 possessiones
1633 1391 1779 1422 alienare
1806 1391 1858 1421 vel
1889 1391 2118 1430 quoquomodo
2144 1391 2338 1427 transferre,

1373 1443 1431 1473 sed
1451 1453 1563 1474 eorum
1584 1453 1642 1482 pro
1663 1453 1803 1483 quorum
1820 1444 2060 1482 gubernatione
2080 1444 2213 1474 donatio
2230 1443 2340 1474 nosci-

1372 1500 1426 1525 tur
1445 1505 1518 1526 esse
1540 1497 1642 1531 facta,
1665 1497 1709 1526 sit
1730 1501 1857 1526 tantum
1878 1497 1995 1526 usibus
2013 1497 2196 1535 profutura.
2212 1496 2264 1526 Ad
2278 1496 2340 1527 hec

1374 1548 1473 1578 etiam
1488 1548 1614 1578 salvam
1627 1549 1778 1579 volumus
1791 1558 1863 1579 esse
1876 1549 2068 1587 pensionem
2081 1549 2254 1579 duodecim
2268 1557 2340 1588 pro-

1373 1601 1584 1631 veniensium
1600 1611 1682 1640 quos
1698 1602 1851 1632 canonici
1863 1602 2039 1640 Anagnine
2055 1602 2194 1633 ecclesie
2212 1610 2341 1632 annua-

1373 1653 1433 1683 tim
1455 1653 1575 1684 dehent
1596 1653 1728 1684 habere.
1758 1654 1851 1684 Nulli
1876 1663 1953 1692 ergo
1977 1658 2089 1684 nostre
2115 1653 2341 1685 concessionis

1375 1710 1448 1741 etc.,
1472 1715 1578 1744 usque
1602 1716 1608 1734 ε
1627 1706 1802 1736 contraire.
1827 1707 1863 1737 Si
1885 1707 1960 1745 quis
1977 1711 2088 1737 autem
2109 1711 2187 1742 etc.‚
2208 1715 2339 1746 usque:

1374 1759 1610 1797 omnipotentis
1628 1760 1689 1789 Dei
1707 1764 1738 1789 et
1754 1760 1848 1790 beate
1864 1760 1969 1790 Marie
1989 1769 2118 1798 semper
2132 1760 2295 1798 Virginis,
2309 1763 2342 1790 et

1372 1812 1545 1842 beatorum
1568 1813 1681 1849 Magni
1705 1817 1737 1843 et
1757 1813 1945 1843 Secundine
1966 1813 2141 1843 martirum
2161 1822 2197 1843 se
2213 1813 2343 1843 noverit

1374 1865 1600 1895 incursurum.
1641 1867 1713 1896 Act.
1758 1866 2004 1897 Incarnationis
2045 1866 2218 1897 Dominice
2255 1856 2343 1897 anno

1374 1918 1593 1954 M⁰CC⁰VIII⁰,
1613 1919 1825 1957 pontificatus
1846 1919 1972 1950 domini
1991 1919 2179 1950 innocentii
2194 1920 2246 1950 III
2259 1928 2342 1958 pape

1375 1980 1461 2001 anno
1495 1972 1688 2007 undecimo,
1726 1972 1908 2002 indictione
1943 1973 2009 2008 XI,
2046 1973 2172 2002 mensis
2209 1971 2342 2010 augusti

1374 2024 1428 2054 die
1442 2025 1553 2055 XXVI
1571 2034 1577 2053 :
1595 2024 1631 2054 in
1649 2025 1817 2062 presentia
1837 2025 2047 2055 dominorum
2063 2025 2266 2061 Sebastiam,
2285 2024 2343 2056 do-

1374 2077 1458 2107 mini
1479 2086 1561 2116 pape
1585 2077 1780 2108 subdiaconi
1797 2082 1828 2107 et
1850 2077 1992 2113 notarii;
2014 2077 2207 2113 Theobaldi,
2232 2077 2343 2108 archi-

1374 2129 1551 2168 presbiteri
1566 2130 1685 2161 Sancte
1697 2131 1812 2167 Marie,
1826 2135 1857 2161 et
1869 2131 2034 2167 Umberti,
2046 2131 2194 2170 ejusdem
2203 2130 2343 2162 ecclesie

1375 2183 1627 2219 canonicorum,
1650 2187 1681 2214 et
1701 2183 1828 2214 domini
1841 2184 1999 2219 Venturi,
2017 2183 2143 2213 domini
2161 2192 2244 2222 pape
2264 2183 2341 2214 sub-

1374 2237 1505 2266 diaconi
1522 2241 1552 2267 et
1568 2237 1720 2267 canonici
1730 2236 1936 2267 Veronensis
1950 2247 1956 2273 3
1969 2236 2175 2274 Landon[is]‚
2187 2235 2344 2266 monachi

1376 2290 1604 2327 Sublacensis‚
1623 2289 1769 2326 Nicolai,
1788 2289 2061 2329 archipresbiteri
2077 2290 2191 2320 Sancti
2209 2289 2342 2321 Andr-ee

1375 2343 1413 2374 de
1429 2343 1619 2382 Anagn[ia].
1639 2343 1885 2382 capellanorum
1899 2342 1979 2373 dicti
1997 2343 2163 2373 Ostiensis
2179 2341 2340 2381 episcopi;

1374 2396 1476 2426 Laud.
1494 2396 1534 2426 de
1551 2395 1769 2431 Collemedio‚
1788 2399 1819 2426 et
1834 2395 1937 2426 Aden.
1958 2395 2083 2425 domini
2104 2394 2245 2431 Mathie‚
2263 2398 2342 2425 tunc

1372 2449 1550 2487 Anagniae
1566 2448 1711 2479 civitatis
1724 2448 1874 2479 rectoris.
1892 2449 1937 2479 Ut
1953 2452 2064 2478 autem
2088 2448 2149 2478 hec
2171 2446 2343 2478 concessio

1373 2506 1487 2531 nostra
1500 2501 1607 2540 majus
1618 2501 1718 2532 robur
1729 2505 1761 2531 et
1771 2505 1964 2539 perpetuam
1977 2500 2124 2531 obtineat
2136 2500 2339 2536 firmitatem,

1374 2554 1477 2592 sigilli
1492 2554 1617 2593 proprii
1638 2554 1858 2592 impressione
1877 2558 1907 2584 et
1925 2558 2038 2584 nostra
2054 2562 2091 2583 ac
2107 2553 2249 2583 fratrum
2263 2561 2342 2584 nos-

1373 2611 1500 2638 trorum
1514 2607 1757 2646 subscriptione
1771 2615 1908 2645 presens
1924 2606 2084 2645 scriptum
2099 2606 2240 2637 fecimus
2256 2614 2343 2646 com-

1371 2660 1509 2690 muniri.
2322 2699 2326 2702 Ι

1373 2725 1387 2739 α
1412 2714 1479 2751 Ego
1495 2713 1677 2749 Johannes,
1694 2713 1754 2743 Dei
1768 2712 1873 2751 gratia
1886 2712 2062 2750 Anagnine
2080 2712 2219 2743 ecclesie
2233 2708 2341 2743 humi-

1372 2765 1414 2796 lis
1435 2765 1600 2802 minister,
1620 2765 1840 2805 su[b]scripsi.

1374 2831 1386 2845 α
1412 2819 1480 2856 Ego
1522 2818 1722 2854 Teobaldus,
1766 2817 2025 2856 archipresbiter
2062 2818 2181 2848 Sancte
2217 2818 2340 2858 Mariey,

1372 2871 1566 2910 subscripsi.

1373 2936 1387 2952 a
1412 2925 1479 2963 Ego
1490 2925 1544 2960 R.,
1559 2924 1739 2955 canonicus
1757 2924 1966 2961 Anagninus,
1984 2923 2178 2962 subscripsi.

2483 2136 2498 2284 l.
