2498 3242
191 271 248 302 653
1064 268 1246 307 SIXIEME
1268 270 1428 308 ANNEE.
2243 293 2300 322 554

190 337 311 369 exteris
330 338 518 368 reverentia
534 342 565 368 et
581 337 716 369 honore.
736 339 913 370 sublimata
933 345 1084 379 potenter
1100 340 1205 379 gloria

190 389 415 420 ecclesiastice
429 389 594 420 libertatis
608 391 791 421 secundnm
808 393 1092 430 magnificentiam
1110 394 1204 432 prin—

189 441 341 480 cipalem.
357 442 453 472 Nunc
468 447 590 478 autem,
609 443 846 481 refrigescente
859 446 996 476 caritate
1010 446 1201 482 multorum,

189 493 271 533 quin
288 493 399 532 potius
417 494 637 526 interioribus
655 497 817 527 ferventis
837 499 941 528 austri
961 499 1131 529 conversis
1149 499 1202 529 in-

191 547 319 578 terdum
341 547 377 577 in
399 547 505 578 latera
529 548 644 587 frigidi
669 550 853 588 aquilonis,
880 552 1053 582 commotis
1078 551 1202 582 alicubi

188 599 305 630 domus
334 601 396 631 Dei
424 601 633 637 custodibus,
662 603 858 633 nutantibus
884 605 965 634 viris
994 605 1199 640 fortissimis,

188 653 446 684 dormitantibus
458 654 648 692 pastoribus
661 660 689 685 et
703 655 945 687 dormientibus
957 657 1198 696 paranimphis,

188 707 485 737 armamentarium
512 707 629 738 domus
657 708 761 738 saltus
787 709 966 748 aliquando
991 710 1148 749 diripitur
1170 715 1202 740 et

188 759 363 792 scinditur.
390 760 634 791 obsurdescunt
655 761 723 792 filie
746 763 922 798 carminis,
945 763 1022 793 dum
1040 772 1200 801 precones

187 818 219 844 et
234 813 354 851 vigiles
370 813 591 851 flagellantur,
613 818 713 844 ruunt
732 814 875 854 improbi
894 825 998 854 usque
1022 816 1062 846 ad
1080 825 1200 854 sponse

186 865 385 896 thalamum.
404 866 482 896 dum
499 875 564 896 non
582 871 631 897 est.
647 867 704 906 qui
720 861 912 906 prohibeat,
933 873 964 899 et
982 869 1053 908 ejus
1069 868 1198 898 laniant

186 924 392 951 ornamenta.
408 918 579 957 pelluntur
595 920 742 950 ministri
762 930 778 950 a
797 920 950 951 domibus
969 926 1000 952 et
1019 931 1037 951 a
1053 922 1124 951 suis
1141 921 1197 951 ali-

185 972 318 1011 quando
337 971 472 1002 sedibus
495 973 683 1003 sacerdotes
706 973 839 1003 Domini
859 974 1099 1012 propelluntur.
1118 976 1198 1006 Fre-

184 1030 326 1065 quenter
348 1034 490 1064 namque
514 1025 706 1065 hujusmodi
730 1027 883 1065 querelas
908 1028 1113 1063 audivimus,
1140 1029 1198 1059 sed

183 1087 259 1109 raro
275 1088 331 1109 eas
347 1078 457 1109 debita
474 1087 615 1109 censura
632 1079 832 1118 insequitur.
849 1089 889 1110 ne
905 1080 1105 1119 repullulent
1123 1090 1196 1120 spu-

184 1131 235 1161 ria
257 1131 455 1161 vitulamina
475 1136 504 1162 et
524 1131 653 1161 radices
674 1132 843 1170 porrigant
864 1133 898 1162 in
918 1134 1136 1171 profundum,
1156 1143 1196 1165 ne

184 1183 431 1214 condensentur
461 1184 496 1213 in
529 1184 651 1213 saltum
679 1189 708 1214 et
738 1185 937 1215 roborentur
963 1186 1107 1217 validius
1138 1196 1196 1225 per

185 1237 337 1266 abusum.
353 1237 467 1275 Nuper
484 1237 662 1275 siquidem.
683 1237 771 1267 inter
787 1237 863 1268 alia.
878 1239 1043 1277 quoddam
1060 1239 1195 1270 horren-

183 1289 261 1319 dum
285 1289 380 1319 nobis
399 1289 556 1324 innotuit,
578 1299 677 1328 super
696 1299 771 1329 quo,
791 1291 818 1320 si
838 1296 868 1320 te
887 1300 923 1321 ac
943 1291 1036 1327 alios,
1057 1292 1195 1323 clericos

183 1347 214 1373 et
232 1341 345 1377 laicos,
363 1346 398 1371 nt
412 1342 557 1377 deberet.
575 1342 663 1373 zelus
682 1343 867 1373 comederet
882 1343 998 1374 domus
1011 1345 1084 1374 Dei.
1102 1345 1195 1383 prius

183 1395 224 1426 ad
247 1403 307 1425 nos
332 1394 478 1425 vindicte
503 1395 591 1425 fania
612 1396 756 1434 perferri
778 1395 903 1432 debuit,
923 1405 1023 1435 quam
1046 1397 1192 1436 querela,

182 1448 269 1488 quod
286 1447 439 1478 videlicet
458 1447 515 1478 ille
531 1457 628 1487 preco
643 1448 790 1484 Domini,
804 1449 861 1488 qui
875 1449 1024 1480 valenter
1037 1454 1195 1488 argentea

180 1500 259 1532 tuba
277 1500 395 1530 clamat
412 1501 453 1531 ad
468 1500 617 1539 populos,
633 1501 703 1540 qui,
719 1501 838 1532 sedens
856 1501 892 1531 in
911 1502 1067 1532 cathedra
1086 1504 1192 1533 senio-

177 1563 263 1589 rum,
283 1563 358 1584 cum
373 1553 524 1591 linguam
539 1553 660 1584 habeat
676 1554 852 1590 eruditam,
870 1555 909 1585 de
923 1555 1089 1594 sapientia
1104 1556 1192 1586 inter

175 1607 340 1647 perfectos
354 1607 512 1645 disputat,
531 1607 706 1637 audientes
723 1607 834 1637 doctos
850 1608 998 1638 efficiens
1015 1608 1189 1644 doctioreS,

175 1659 317 1690 dilectus
335 1659 491 1690 videlicet
514 1659 605 1689 filius
630 1659 710 1695 Ph..
731 1659 953 1690 cancellarius
972 1661 1188 1697 Parisiensis‚

173 1713 410 1743 Noviomensis
440 1712 708 1748 archidiaconus,
741 1713 820 1742 duni
851 1713 951 1744 vellet⁴
987 1737 1006 1742 ..
1037 1714 1191 1744 abbatem

175 1766 289 1797 Sancti
308 1766 451 1805 Prejecti
471 1765 557 1804 apud
576 1766 736 1796 Sanctum
754 1766 966 1802 Quintinum,
986 1767 1190 1797 Noviomen-

175 1819 284 1850 sensis
301 1819 459 1854 diocesis,
478 1819 514 1849 in
533 1828 593 1849 sua
612 1819 705 1853 sede,
722 1819 815 1858 juxta
834 1818 934 1849 officii
952 1819 1005 1849 sui
1024 1819 1188 1856 debitum,

175 1871 359 1907 inst-allam,
377 1871 517 1909 Egidius
536 1871 650 1901 Fontis
670 1871 853 1906 Somensis,
874 1871 1079 1902 senescallus
1096 1872 1190 1903 Viro-

176 1924 386 1959 mandensis,
410 1924 647 1954 Noviomensis
673 1924 833 1959 diocesis,
858 1933 932 1954 cum
958 1925 1029 1954 suis
1052 1925 1190 1964 compli-

177 1977 272 2007 cibus
294 1977 330 2006 in
355 1977 465 2015 ipsum
489 1977 541 2007 bis
564 1977 714 2012 irruens.
737 1977 910 2007 dilaniatis
933 1978 1004 2016 ejus
1028 1977 1188 2013 vestibus,

177 2030 225 2061 sic
244 2030 386 2068 turpiter
402 2030 553 2060 tractavit
573 2030 730 2061 eundem.
746 2030 832 2069 quod
852 2031 978 2060 referre
994 2031 1107 2061 forsan
1124 2040 1190 2061 non

178 2083 319 2122 expedit.
331 2092 372 2113 ne
386 2083 492 2113 relatu
504 2083 744 2122 quodammodo
753 2083 941 2121 geminetur
950 2083 1086 2122 injuria.
1096 2084 1190 2121 prius

179 2145 278 2176 quarn
291 2136 465 2166 infamiam
483 2136 619 2166 sceleris
633 2137 719 2165 fama
739 2136 855 2165 obruat
872 2136 1022 2166 ultionis.
1042 2137 1110 2166 Nos
1126 2137 1190 2166 ita-

179 2198 254 2229 que.
275 2189 333 2228 qui
352 2189 430 2219 talia
449 2189 598 2219 dolentes
617 2189 806 2219 audivimus
826 2198 885 2219 nec
907 2198 944 2218 ea
965 2188 1117 2219 volumus
1136 2198 1190 2219 co-

179 2242 373 2273 niventibus
393 2241 499 2272 oculis
518 2242 740 2281 pertransire,
761 2241 1011 2272 venerabilibus
1029 2241 1189 2272 fratribus

179 2295 303 2326 nostris
330 2318 349 2323 ..
374 2294 533 2325 Remensi
556 2300 587 2324 et
614 2317 633 2323 ..
661 2294 848 2325 Senoncnsi
874 2294 1133 2332 archiepiscopis
1159 2298 1190 2324 et

177 2357 292 2379 eorum
311 2347 533 2386 suffraganeis
552 2347 675 2377 nostris
696 2347 813 2377 damus
831 2347 953 2378 litteris
970 2348 1004 2377 in
1023 2347 1189 2378 mandatis

176 2406 223 2437 ut,
242 2401 271 2431 si
287 2407 335 2432 est
351 2401 408 2433 ita,
423 2401 608 2440 predictum
627 2401 849 2432 senescallum
866 2410 901 2431 ae
919 2410 996 2431 suos
1012 2401 1189 2440 complices

177 2455 320 2493 singulis
334 2455 451 2485 diebus
463 2455 640 2485 dominicis
651 2459 680 2485 et
696 2455 837 2486 festivis.
853 2454 994 2494 pulsatis
1005 2455 1187 2494 campanis,

177 2507 478 2538 excommunicatos
490 2507 623 2546 publice
637 2507 791 2537 nuntient
807 2512 836 2537 et
851 2507 977 2537 tamdiu
991 2507 1116 2537 faciant.
1130 2516 1189 2546 per

177 2569 254 2591 suas
281 2560 430 2590 dioceses
459 2560 607 2590 nuntiari
633 2560 674 2590 ab
696 2560 851 2590 omnibus
875 2560 981 2590 artius
1003 2559 1187 2595 evitandos,

177 2613 280 2644 donec
296 2614 378 2647 Deo,
397 2613 511 2647 nobis,
529 2618 561 2644 et
581 2613 728 2644 Ecclesie
745 2622 781 2643 ac
803 2622 900 2652 passo
916 2613 1075 2652 injuriam
1091 2622 1190 2652 super

177 2666 239 2696 hoc
255 2674 399 2703 congrue
412 2666 648 2701 satisfecerint,
662 2666 882 2705 personaliter
898 2666 938 2696 ad
952 2666 1071 2696 Sedem
1083 2667 1190 2704 Apos-

178 2718 311 2748 tolicam
333 2719 538 2752 accedentes.
562 2724 593 2749 et
615 2719 797 2749 meruerint
821 2718 1041 2749 absolutionis
1065 2718 1190 2749 beneti-

177 2771 266 2802 cium
290 2771 451 2810 optinere.
475 2771 635 2808 Quocirca
659 2772 854 2801 mandamus
877 2775 1042 2811 quatenus
1065 2771 1189 2802 dictum

179 2823 347 2859 abbatem,
366 2824 422 2863 qui
440 2834 457 2854 a
474 2823 558 2854 laico
574 2825 857 2854 excommunicato
873 2828 904 2854 et
920 2824 1098 2862 sacrilego.
1117 2829 1188 2862 post

179 2877 432 2917 appellationem
448 2877 488 2907 ad
503 2886 562 2908 nos
576 2877 806 2916 interpositam
821 2878 861 2907 ab
877 2877 1111 2907 archidiacono
1125 2887 1189 2908 me-

179 2935 320 2962 morato.
343 2940 376 2962 se
398 2931 549 2970 permisit
571 2931 603 2960 in
625 2931 780 2961 cathedra
803 2930 992 2970 pestilentie
1011 2930 1188 2966 installari,

1287 342 1327 372 ab
1345 344 1647 377 amministratione
1664 347 1838 387 dejectum.
1855 353 1883 379 et
1902 355 2043 389 quatuor
2056 352 2095 382 de
2109 354 2298 386 senioribus

1286 396 1458 427 monachis
1487 398 1542 436 qui
1568 400 1702 429 fuerunt
1731 405 1795 431 tam
1821 402 2013 435 detestande
2038 408 2298 446 presumptionis

1284 448 1478 487 participes,
1497 460 1677 489 suspensos
1693 453 1733 482 ab
1750 454 1856 484 officio
1874 456 1985 486 mittas
2004 458 2044 487 ad
2060 464 2207 490 nostram
2223 470 2298 499 pre-

1285 501 1427 531 sentiam
1447 503 1645 541 puniendos.
1664 505 1756 536 Alios
1777 512 1886 537 autem
1906 510 2097 541 consimiles
2118 514 2297 545 monachos

1284 561 1386 591 ponas
1404 553 1437 583 in
1455 554 1531 585 aliis
1547 558 1760 588 monasteriis
1777 559 1817 588 ad
1837 565 1942 590 artam
1962 563 2180 600 penitentiam
2200 576 2297 605 pera·-

1284 606 1442 644 gendam,
1467 613 1563 646 prout
1589 611 1707 641 merita
1728 612 1863 650 exigunt
1886 616 2076 646 eorundem.
2101 618 2296 650 Contradic-

1285 662 1370 689 tores
1398 664 1459 690 etc..
1491 662 1564 691 Dat.
1597 663 1769 701 Anagnie.
1800 666 1831 695 II
1859 666 2017 698 kalendas
2045 671 2175 705 martii,
2208 681 2295 702 anno

1283 715 1385 742 seXlO.
1413 725 1425 738 »

1314 842 1416 868 1151.
1434 856 1463 860 —
1479 838 1510 866 In
1528 840 1651 868 eundem
1675 842 1791 869 modum
1812 844 1951 879 scriptum
1972 851 2017 873 est
2033 856 2121 883 super
2136 850 2191 877 boc
2211 873 2228 879 ..
2246 854 2293 879 He-

1282 887 1370 912 mensi
1384 889 1408 912 et
1425 907 1444 914 ..
1461 887 1614 915 Senonensi
1627 890 1854 926 archiepiscopis,
1871 896 1894 919 et
1911 902 2007 921 eorum
2027 898 2224 930 suflraqaneis,
2244 909 2293 927 us-

1280 941 1335 967 que
1349 933 1489 962 obtinere.

1354 1140 1471 1171 1¹52

1316 1201 1426 1235 Regem
1448 1203 1623 1234 Francorum
1640 1212 1722 1243 rogat
1737 1214 1765 1236 et
1780 1211 1910 1239 hortatur
1925 1219 2078 1248 quatenus,
2096 1224 2214 1251 pensata
2231 1220 2290 1247 Ae·-

1279 1249 1348 1283 gidii
1374 1250 1473 1278 Fontis
1491 1254 1658 1288 Somensis,
1682 1260 1832 1286 senescalli
1851 1260 2104 1296 viromandensis,
2126 1267 2154 1292 in
2180 1267 2289 1304 Philip-

1278 1306 1357 1332 pum,
1376 1301 1578 1329 cancellarium
1596 1303 1803 1342 Par-islensem,
1819 1309 1938 1344 injuria,
1957 1312 2033 1339 hunc
2048 1322 2202 1342 excessum
2218 1325 2288 1344 con-

1278 1345 1364 1380 digne
1387 1349 1521 1383 corrigat.
1545 1365 1581 1371 —
1602 1352 1686 1385 (Rufi.
1716 1355 1755 1384 16,
1780 1356 1799 1382 f.
1826 1357 1859 1384 99
1884 1364 1927 1390 v⁰;
1955 1368 2021 1388 ann.
2046 1361 2094 1394 vl,
2117 1372 2142 1390 c.
2165 1364 2232 1398 3463
2254 1381 2287 1386 —

1277 1393 1398 1423 MoREAU
1414 1397 1489 1431 1187,
1506 1399 1524 1424 f.
1538 1399 1584 1426 441
1599 1412 1605 1433 ;
1619 1416 1653 1422 -
1668 1402 1705 1430 cs.
1718 1403 1841 1431 Damna
1851 1410 1878 1432 et
1890 1406 2058 1442 Cnxrsmrx,
2073 1412 2287 1441 sliat-cularium

1278 1443 1471 1472 Universitatz‘s
1488 1448 1663 1480 Parii-tensis,
1681 1455 1701 1478 t.
1717 1451 1738 1483 Ι,
1757 1461 1783 1487 p.
1805 1454 1862 1485 ¹48,
1882 1462 1912 1481 11ο
1928 1456 1982 1489 96.)

1822 1149 1948 1185 Anagni,
1965 1151 1997 1179 ‘27
2018 1153 2122 1180 fevi-ier
2141 1155 2217 1183 1233.

1317 1570 1329 1585 «
1349 1581 1366 1587 ..
1386 1561 1503 1590 illustri
1514 1564 1578 1600 reyi
1591 1565 1794 1596 Francorum.
1807 1568 1995 1602 Thesauros
2009 1573 2286 1613 incomparabiles

1274 1609 1387 1642 divine
1403 1614 1632 1647 munificentie
1650 1617 1741 1656 larga
1760 1629 1878 1652 manus
1899 1623 1933 1653 in
1952 1634 2054 1660 regno
2070 1627 2192 1664 Gallie,
2213 1634 2286 1660 tan-

1275 1673 1375 1702 quam
1387 1665 1421 1695 in
1437 1676 1497 1697 suo
1511 1669 1710 1707 gazofilacio,
1724 1672 1907 1711 collocavit,
1921 1677 2042 1716 quibus
2055 1680 2144 1710 orbis
2155 1681 2286 1713 illectus

1275 1717 1316 1746 ad
1339 1718 1388 1747 tui
1409 1720 1505 1757 regni
1528 1722 1664 1752 confluit
1685 1726 1871 1763 regionem,
1896 1730 2032 1761 mittens
2055 1733 2095 1762 ad
2117 1735 2286 1766 archarios

1275 1778 1350 1807 gaze
1368 1770 1469 1810 hujus
1487 1778 1650 1812 emptores
1670 1776 1807 1809 idoneos
1824 1781 1881 1819 qui
1898 1781 1959 1813 lias
1975 1792 2052 1822 opes
2070 1788 2284 1826 conquirant,

1274 1831 1341 1852 non
1364 1823 1437 1854 sine
1459 1825 1574 1857 multis
1597 1827 1776 1867 impendiis
1799 1836 1830 1862 et
1852 1833 1975 1866 labore.
1997 1837 2067 1868 Nee
2086 1838 2207 1870 harum
2226 1841 2287 1872 ha-

1273 1875 1457 1907 bundantia
1480 1887 1540 1909 suo
1560 1880 1746 1913 minoratur
1759 1886 1937 1924 profluvio,
1957 1890 2014 1919 sed
2036 1891 2146 1922 decisa
2165 1903 2224 1931 per
2239 1895 2286 1924 ri—

1273 1928 1368 1958 vulos
1390 1929 1535 1960 ubertim
1557 1934 1694 1964 scaturit
1716 1930 1746 1966 et
1766 1938 1932 1976 copiosius
1949 1941 1984 1970 in
2004 1942 2094 1973 fonte
2111 1945 2284 1977 redundat.

1274 1981 1373 2011 Prius
1388 1983 1542 2021 equidem
1552 1985 1715 2024 juniores,
1729 1994 1765 2019 ut
1774 1990 1853 2020 fiant
1868 1992 2039 2025 docibiles.
2050 1996 2085 2025 in
2095 1999 2286 2030 conflatorio

1274 2031 1465 2063 liberalium
1483 2037 1607 2068 cudunt
1625 2040 1754 2071 malleis
1773 2042 1935 2074 indefessi
1952 2048 2102 2078 exercitii
2123 2055 2152 2079 et
2173 2060 2285 2090 prepa-

1273 2090 1347 2115 rant
1362 2096 1438 2117 vasa
1457 2098 1527 2125 sua,
1544 2091 1666 2129 quibus
1680 2103 1783 2133 aquas
1800 2097 1933 2127 aui-iant
1949 2100 2112 2138 sapientie
2128 2103 2285 2136 salutaris

1273 2137 1312 2168 de
1339 2139 1488 2171 fontibus
1515 2142 1708 2176 Salvatoris.
1735 2147 1885 2188 Cumque
1909 2152 1987 2181 facti
2015 2154 2139 2184 suerint
2163 2158 2286 2188 eruditi

1273 2191 1369 2222 corde
1389 2193 1425 2222 in
1446 2195 1625 2233 sapientia,
1644 2204 1795 2231 eructant
1812 2202 1846 2231 in
1867 2204 1998 2242 populis
2016 2207 2114 2237 verba
2136 2209 2216 2245 vite,
2235 2211 2286 2240 sa-

1272 2244 1368 2275 hulas
1380 2248 1553 2278 exsufflant
1568 2259 1728 2288 errorum,
1742 2255 1918 2294 profligant
1932 2259 2049 2290 uenias
2063 2266 2093 2291 et
2108 2262 2286 2293 stultorum

1273 2297 1492 2331 deliramenta
1504 2303 1688 2335 confutant.
1701 2306 1747 2336 Ex
1756 2307 1823 2338 hiis
1833 2309 2065 2348 religiosorum
2075 2319 2204 2345 caterve
2214 2326 2286 2354 pro-

1273 2350 1375 2382 deunt
1393 2355 1590 2391 venerande,
1609 2366 1673 2396 que
1689 2359 1898 2398 splendidam
1915 2364 2042 2395 faciunt
2058 2368 2177 2398 faciem
2191 2371 2286 2407 regni

1274 2404 1334 2440 tui,
1348 2411 1525 2438 vernantes
1536 2409 1696 2449 undique,
1710 2412 1799 2443 velut
1811 2419 1902 2446 ortus
1914 2416 2050 2449 floridus
2064 2420 2242 2459 voluptatis
2254 2428 2286 2453 et

1272 2457 1369 2494 quasi
1385 2458 1520 2489 Domini
1534 2463 1722 2500 paradisus,
1741 2475 1759 2495 a
1775 2467 1897 2505 quibus
1913 2469 2003 2500 clara
2019 2472 2147 2504 soboles
2164 2474 2286 2506 diffusa

1271 2518 1330 2547 per
1345 2511 1459 2542 orbem
1473 2515 1616 2552 sparsim
1631 2523 1727 2549 ornat
1740 2519 1872 2551 climata
1890 2523 2058 2554 universa.
2076 2526 2193 2557 Clerus
2207 2538 2284 2567 quo-

1272 2571 1347 2601 que,
1366 2563 1485 2595 harum
1501 2575 1599 2606 opum
1613 2571 1707 2609 copia
1717 2572 1926 2611 fecundatus,
1943 2576 1990 2606 sic
2003 2578 2080 2614 vita,
2097 2580 2237 2612 scientia
2253 2587 2285 2612 et

1273 2614 1423 2647 doctrina
1442 2622 1535 2649 tuum
1553 2622 1707 2654 nobilitat
1722 2626 1961 2665 principatum,
1981 2634 2015 2659 ut
2032 2632 2126 2669 quasi
2144 2635 2284 2670 gemmis

1272 2667 1351 2698 hinc
1372 2669 1449 2701 inde
1470 2673 1688 2707 rutilantibus
1710 2677 1797 2708 clare
1822 2680 1993 2718 splendeat
2015 2683 2143 2721 fulgore
2167 2686 2284 2716 talium

1272 2719 1471 2754 illustratus.
1492 2725 1567 2757 Hiis
1589 2729 1714 2759 accedit
1731 2732 1911 2762 strenuitas
1931 2734 2050 2765 militie
2067 2737 2226 2768 secularis
2243 2740 2284 2769 ad

1273 2771 1503 2807 defensionem
1519 2779 1747 2819 fidei.jtistitie
1761 2788 1859 2822 atque
1877 2786 1976 2823 pacis.
1993 2797 2056 2826 que
2073 2789 2283 2828 frequentius

1273 2825 1378 2856 nobili
1403 2829 1557 2860 comitiva
1584 2833 1800 2872 subsequitur
1827 2838 1934 2867 studia
1961 2839 2162 2872 litterarum.
2187 2848 2284 2881 prout

1273 2877 1412 2917 longeva
1441 2882 1533 2913 docet
1563 2886 1745 2925 antiquitas
1778 2890 1863 2927 apud
1894 2891 2073 2922 Barbaros.
2103 2896 2224 2925 Grecos
2252 2902 2281 2927 et

1273 2932 1399 2970 Ytalos,
1415 2939 1445 2965 et
1461 2945 1547 2967 nunc
1560 2940 1646 2977 apud
1659 2941 1833 2972 modernos
1851 2944 1920 2982 ipsa
1937 2946 2139 2984 experientia
2156 2954 2284 2986 protes-
