2498 3242
186 311 248 343 425

177 391 281 430 ‚poris
292 391 485 421 mandatum
502 391 719 430 apostolicum
734 392 853 430 exequi
867 392 1123 430 nmpieuntibus,
1140 402 1199 422 nos
1228 393 1229 396 ’

190 444 232 474 ad
247 444 437 483 petitionem
454 446 637 474 conventus
649 444 797 482 ejusdem
816 445 1000 474 venerabili
1017 445 1108 475 fratri
1128 454 1200 475 nos-

190 498 277 527 tro..
301 497 545 527 Marturanensi
571 497 727 535 episcopo
751 498 782 526 et
808 497 926 527 dilecto
953 498 1022 527 tilio
1047 521 1067 528 ..
1089 498 1199 527 abbati

190 549 304 580 Sancti
331 549 490 587 Stephani
513 549 552 578 de
572 549 676 579 nosco
706 550 827 579 nostris
854 549 1006 579 dedimus
1032 550 1150 579 litteris
1167 550 1200 580 in
1228 578 1229 583 ,

191 602 356 631 mandatis
372 603 418 635 ut,
435 601 652 640 personaliter
668 602 859 631 accedentes
876 602 917 631 ad
934 602 1053 635 locum,
1072 604 1200 641 recepta

190 654 229 684 de
249 655 393 692 parendo
413 654 577 684 mandatis
595 654 717 684 nostris
733 654 774 683 ab
792 654 906 685 eodem
930 657 1094 685 conventu
1109 655 1199 693 jura-

190 707 275 737 toria
296 707 459 740 cautione,
484 708 514 736 et
538 707 586 736 eis
609 706 769 736 beneficio
793 707 1014 736 absolutionis
1037 708 1198 746 impenso,

192 759 287 789 vobis
304 760 515 798 postmodum
535 761 566 789 et
583 759 760 789 conventui
779 761 960 789 memorato
981 760 1199 797 injungerent,
1228 783 1229 792 ,

190 813 225 841 ut
248 812 332 841 infra
345 812 427 841 duos
447 820 579 841 menses
598 813 669 850 post
686 812 929 841 absolutionem
947 813 1126 846 obtentam,
1141 821 1198 851 per
1228 832 1229 839 1

190 866 419 903 procuratores
434 864 569 894 idoneos
583 864 622 893 ad
645 864 703 894 lioc
715 864 858 902 speciale
871 865 1062 895 mandatum
1077 865 1198 895 111111011-
1228 894 1229 910 1

190 918 250 951 tes,
266 918 377 946 nostro
396 925 454 946 vos
468 916 628 946 curaretis
642 917 831 955 conspectui
848 919 1048 955 presentare,
1065 917 1199 947 manda-
1228 938 1229 944 ,

189 971 258 999 111111
273 971 420 999 nostrum
433 978 532 1008 super
543 970 715 1008 premissis
730 970 900 999 humiliter
913 970 1085 1008 recepturi.
1104 972 1199 1000 Com·
1228 991 1229 1007 1

189 1022 382 1060 parentibus
401 1022 638 1059 igiturdilectis
653 1023 732 1052 tiliis
745 1023 900 1061 magistro
914 1023 963 1057 13„
980 1023 1199 1056 Messaneust
1228 1036 1230 1075 1

190 1076 221 1104 et
241 1075 396 1113 Virgilio,
421 1075 609 1113 'rraynensi
631 1075 811 1109 canonicis,
836 1084 894 1114 pro
917 1077 1007 1113 parte
1027 1077 1147 1110 vestra,
1171 1077 1202 1105 et

192 1129 229 1158 P.
248 1136 285 1157 ac
303 1128 343 1158 G.
370 1136 428 1165 pro
448 1128 592 1166 predicto
615 1129 779 1157 conventu
798 1128 1068 1166 procuratoribus
1090 1137 1200 1158 coram
1228 1132 1229 1159 1

192 1180 299 1214 nobis,
319 1181 475 1210 dilectum
497 1181 603 1210 lilium
624 1182 773 1210 nostrum
794 1181 845 1215 E„
864 1182 1060 1211 Sanctorum
1082 1182 1200 1211 Cosme
1227 1191 1230 1205 i

190 1234 221 1263 et
245 1233 400 1263 Damiaui
423 1233 599 1262 diaconum
622 1233 836 1268 cardinalem,
860 1233 1086 1262 concessimus
1110 1234 1200 1263 audi-
1228 1253 1229 1262 1

190 1288 310 1321 101·0111;
325 1294 435 1316 coram
448 1294 512 1323 quo
524 1286 601 1315 dicti
613 1287 844 1324 procuratores
857 1286 957 1315 vestri
973 1285 1200 1324 provisionem
1228 1301 1229 1316 l

190 1338 381 1376 hujusmodi
394 1338 577 1373 observari,
589 1340 618 1368 et
628 1338 773 1376 prefatos
787 1338 927 1368 electum
941 1340 971 1368 et
984 1341 1197 1373 conventum,

189 1602 314 1637 nensis,
334 1602 429 1640 juxta
452 1601 644 1631 mandatum
664 1602 802 1640 predicti
818 1602 1063 1640 predecessoris
1082 1602 1198 1635 nostri,

189 1761 303 1791 divina
324 1760 630 1791 exconununicatos
650 1760 761 1790 officia
779 1760 975 1795 celebrasse,
995 1769 1036 1790 ex
1058 1761 1198 1791 adverso

188 1928 332 1953 servare,
345 1922 489 1958 0111111101ἱ
503 1919 563 1950 hoc
574 1920 788 1957 derogaretur
800 1919 986 1958 privilegiis
1000 1920 1196 1955 eorundem3

189 1973 276 2002 unde
294 1972 447 2011 petebant
465 1973 571 2011 ipsius
589 1972 745 2002 duritiam
764 1981 821 2010 per
836 1972 955 2003 Sedem
973 1973 1199 2010 Apostolicam
1226 1977 1227 2004 1

189 2025 376 2063 temperari.
394 2025 478 2055 Cum
499 2026 608 2055 autem
626 2033 688 2063 que
711 2025 874 2063 premissa
893 2026 969 2054 sunt
991 2027 1021 2055 et
1039 2025 1103 2055 alia
1120 2035 1197 2064 que—
1226 2050 1227 2068 1

189 2078 265 2107 (lam
282 2077 368 2108 idem
386 2078 565 2107 cardinalis
583 2077 678 2107 nobis
695 2079 725 2107 et
743 2077 901 2107 fratribus
916 2078 1038 2107 nostris
1055 2078 1197 2116 pruden-

189 2132 238 2161 ter
249 2131 431 2161 etfideliter
443 2131 620 2166 retulisset,
636 2139 696 2160 nos
711 2130 750 2160 de
766 2130 903 2160 fratrum
922 2132 1109 2160 nostrorum
1124 2140 1200 2160 con-

190 2184 266 2213 silio
291 2183 500 2214 decrevimus
521 2183 785 2222 prenominatam
810 2183 1036 2221 provisionem
1061 2184 1200 2214 firmiter

190 2236 372 2271 observari,
397 2237 428 2266 et
449 2237 591 2266 eundem
613 2236 754 2266 electum
776 2244 794 2265 a
817 2236 976 2273 regimine
1000 2235 1106 2274 ipsius
1130 2245 1198 2266 mo-

190 2289 324 2319 nasterii
343 2289 476 2328 penitus
498 2289 656 2323 amoveri,
673 2288 831 2328 predictis
847 2289 1129 2328 procuratoribus,
1154 2290 1199 2328 ip-

189 2341 260 2372 sius
282 2343 466 2372 conventus
486 2342 632 2376 nomine,
656 2341 718 2371 sub
738 2341 848 2371 debito
867 2341 995 2380 prestiti
1017 2342 1198 2379 juramenti

189 2395 335 2425 districte
352 2395 547 2425 mandantes
565 2396 599 2425 ut
615 2394 841 2433 provisionem
859 2394 967 2432 ipsam
984 2395 1137 2424 studeant
1153 2395 1199 2425 in-

190 2447 392 2478 violabiliter
417 2447 606 2478 observare.
630 2447 724 2477 Nulli
746 2455 823 2486 ergo
842 2448 916 2483 etc„
941 2448 1051 2477 nostre
1075 2447 1199 2477 111111111-

188 2500 289 2531 tionis
314 2500 507 2539 int‘ringere.
534 2500 570 2531 Si
597 2500 674 2539 quis
699 2501 809 2530 autem
838 2501 900 2530 etc.
930 2500 1006 2530 Dat.
1031 2500 1197 2534 Laterani,

189 2553 252 2583 VII
269 2553 428 2583 kalendas
441 2553 541 2592 junii,
568 2553 782 2592 pontificatus
801 2553 906 2583 nostri
924 2561 1010 2583 anno
1028 2553 1154 2592 quinto.
1182 2565 1196 2580 »

256 2711 329 2741 (3ssss
817 2709 900 2743 meti,
920 2711 954 2736 26
971 2710 1029 2736 mai
1045 2710 1124 2736 123¹.

226 2788 315 2815 Priori
333 2787 456 2814 fratrum
473 2788 707 2815 Praedicatorum
720 2789 817 2816 Sancti
831 2789 909 2816 Pauli
921 2791 1003 2816 extra
1018 2797 1115 2816 muros
1127 2790 1196 2816 Mes-

188 2837 332 2869 sanensis,
349 2839 375 2863 ct
393 2837 594 2863 archidiacono
609 2839 638 2864 et
653 2837 764 2864 cantori
777 2837 903 2872 Reginis,
922 2838 1041 2865 mandat
1056 2840 1197 2873 quatenus

189 2885 262 2920 quod
285 2894 370 2919 super
393 2885 446 2911 boc
469 2885 628 2912 distiuitum
652 2885 874 2918 suerat‚saciant
897 2886 1056 2919 observari,
1078 2888 1107 2913 et
1132 2887 1198 2914 licet
1224 2912 1225 2918 ,

189 2936 345 2960 conventus
365 2933 496 2968 ejusdem
515 2933 683 2961 monasterii
701 2933 798 2961 Sancti
821 2934 979 2962 Salvatoris
997 2935 1035 2961 sit
1058 2935 1118 2969 ipso
1133 2935 1198 2970 jure

189 2981 313 3017 eligendi
337 2983 476 3016 potestate
499 2981 638 3016 privatus,
661 2982 687 3009 ei
710 2984 808 3008 tamen
828 2982 862 3009 dc
884 2983 978 3018 gratia
999 2983 1124 3017 eligendi
1147 2991 1197 3010 seu

974 306 1222 348 ‹raNonn'cMn
1252 305 1415 343 ANNEE.

2205 325 2264 354 426

1261 393 1423 426 postulandi
1441 394 1509 420 (tent
1527 394 1705 427 fucultatem,
1717 405 1768 423 sua
1782 398 1930 432 electione,
1944 408 2009 426 cum
2023 402 2142 428 eci-lesia
2162 404 2264 430 Messa-

1260 441 1356 467 nensis
1373 443 1439 467 tuuc
1455 445 1578 473 vacaret,
1593 445 1791 472 contirmandu
1808 447 1848 473 vel
1865 447 2039 475 intirmandn
2057 456 2204 483 praesente
2223 461 2265 479 ia-

1261 489 1349 523 pitulo
1365 490 1548 518 Messanensi.
1565 507 1600 510 —
1614 493 1692 525 (111-0.
1716 496 1754 525 tii,
1772 495 1790 520 t'.
1815 496 1860 521 103
1878 502 1919 529 r⁰;
1937 505 2002 523 anu.
2024 498 2054 530 V,
2071 506 2094 524 c.
2113 501 2145 526 83
2163 501 2216 530 his:
2233 516 2266 521 -—

1260 537 1296 564 cf.
1317 539 1458 564 Por'rulxsr
1475 540 1567 571 9565.)

1302 643 1315 655 υ
1341 630 1378 660 In
1399 632 1540 661 eundem
1566 633 1697 663 modum
1725 635 1882 674 scriptum
1902 640 1949 667 est
1972 639 2109 677 ..priori
2132 641 2265 677 fratrum

1263 682 1494 713 l’redicalorlmz
1510 686 1617 714 Sancti
1636 686 1725 716 Pauli
1744 694 1829 716 rnzlrrr
1848 700 1946 718 murus
1967 692 2264 727 Jless11nvnsis‚..ar-

1261 735 1436 765 rlzidiacmw
1447 742 1500 767 et..
1511 740 1632 766 cantori
1642 740 1777 778 Ιίεῃίηὶε,
1791 750 1894 779 usque
1910 743 2147 775 inviolabiliter
2160 747 2267 777 obser-

1262 796 1338 819 vare
1356 806 1404 818 ——.
1425 789 1499 819 Dat.
1519 791 1680 829 utsupra.
1707 805 1719 818 u

1326 974 1398 1004 669
1894 977 1976 1011 lticti,
1996 979 2025 1004 19
2043 980 2100 1006 mai
2120 982 2193 1006 12:³¹.

1296 1057 1396 1083 Abbati
1410 1058 1505 1083 Sancti
1517 1058 1653 1084 Joliunnis
1671 1058 1697 1084 in
1708 1059 2003 1091 umisa-1‹les-anoni
2019 1064 2267 1097 prauposiiosues-

1259 1105 1448 1137 sionensitms,
1466 1106 1623 1132 committit
1640 1115 1756 1133 causam
1773 1108 1846 1134 inter
1862 1110 2027 1143 episcopum
2043 1111 2263 1140 Noviomcnsem

1258 1155 1283 1179 et
1309 1154 1465 1187 capitulum
1490 1154 1627 1180 ccclesiae
1649 1156 1743 1181 Sancti
1768 1156 1895 1186 Quintiui
1920 1158 2153 1186 Virmn-andensis
2180 1170 2265 1195 super

1259 1202 1428 1235 quibusdum
1445 1202 1909 1237 injuriis,excommunicationmn
1932 1207 2082 1233 sententiis
2102 1211 2128 1234 ct
2148 1209 2263 1242 quibus-

1258 1250 1325 1276 dum
1345 1250 1408 1276 aliis
1427 1251 1556 1277 articulis
1578 1254 1719 1283 exortam,
1743 1253 1966 1280 examinandam
1987 1258 2012 1280 et
2037 1257 2261 1284 terminandum.

1258 1313 1291 1318 —-
1309 1299 1386 1330 (nro.
1411 1301 1452 1330 15,
1469 1299 1487 1325 t'.
1513 1301 1558 1325 ¹03
1577 1307 1618 1331 rog
1637 1308 1704 1326 anu.
1728 1301 1759 1332 V,
1777 1309 1800 1327 c.
1825 1303 1873 1329 8'42
1891 1318 1923 1322 —-
1947 1303 2061 1329 Manum:
2083 1306 2156 1336 1187,
2178 1306 2194 1331 1“.
2215 1306 2261 1338 119;

1228 1357 1229 1387 1
1259 1361 1289 1366 -
1309 1347 1344 1373 ct'.
1365 1348 1510 1374 l'orrimsr
1526 1350 1616 1376 11589.)

188 1400 248 1430 pro
264 1399 301 1421 eo
318 1391 406 1428 1111011
422 1391 547 1430 perjuri
563 1391 885 1421 etexcounnunicati
900 1391 1015 1420 dlvina
1027 1392 1135 1421 officia
1148 1400 1199 1422 ce·
1227 1402 1229 1435 1

189 1444 370 1477 lebrarunt,
395 1443 553 1473 canonica
577 1452 661 1481 pena
683 1443 807 1481 puniri,
832 1452 869 1473 ac
893 1444 1035 1473 eundem
1059 1444 1199 1473 electum
1227 1452 1228 1494 1

188 1497 257 1535 qui,
273 1496 523 1526 confirmatione
539 1505 604 1525 uon
618 1496 740 1529 habita,
759 1505 817 1534 per
835 1505 893 1525 sex
909 1505 1014 1526 annos
1027 1496 1199 1526 amminis-
1227 1495 1228 1504 ¹

189 1551 274 1579 trare
289 1549 503 1588 presumpsit,
522 1549 555 1578 in
573 1557 672 1587 grave
690 1548 908 1587 prejudicium
923 1549 1060 1579 ecclesie
1077 1549 1200 1579 Messa-
1227 1553 1228 1593 1

1300 1460 1314 1475 (1
1341 1473 1359 1478 ..
1378 1448 1479 1478 abbaci
1496 1450 1604 1477 Sancti
1620 1449 1766 1479 johannis
1780 1451 1808 1479 iu
1834 1451 1941 1487 l'ineis,
1958 1476 1977 1482 ..
1995 1453 2106 1483 decano
2120 1461 2146 1483 e(
2161 1479 2180 1484 ..
2192 1466 2261 1494 prv-

1257 1501 1354 1540 71osilo
1376 1502 1647 1531 suessionensibus.
1671 1503 1758 1533 Olim
1779 1504 1863 1533 inter
1883 1506 2105 1536 venerabilem
2130 1508 2262 1539 fratrem

1258 1556 1408 1584 nostrum
1427 1578 1447 1584 ..
1468 1555 1659 1593 episcopum
1678 1555 1999 1591 Novi01nensem‚ex
2022 1562 2111 1597 parte
2136 1570 2211 1595 una,
2234 1564 2264 1592 et

1227 1626 1228 1636 1
1257 1607 1395 1638 dilectos
1414 1608 1501 1637 tilios
1517 1608 1697 1646 capitulum
1716 1609 1852 1638 ecclesie
1869 1611 1979 1640 Sancti
1997 1613 2147 1647 Quintini
2169 1615 2263 1645 Viro-

187 1654 335 1685 amoveri
352 1664 369 1683 a
382 1654 540 1692 jamdicto
562 1654 765 1684 monasterio
787 1655 962 1693 petierunt.
980 1655 1105 1684 Verum
1122 1664 1194 1693 pre·
1226 1675 1227 1679 ,

188 1707 266 1738 dicti
278 1709 509 1746 procuratores
523 1708 718 1742 conventus,
733 1709 889 1746 negantes
903 1716 937 1737 se
950 1716 986 1737 ac
998 1710 1198 1737 conventum

1258 1661 1463 1695 mandensis,
1475 1661 1712 1690 Noviomensis
1731 1662 1935 1692 diocesis-ex
1948 1663 2061 1698 altera,
2074 1674 2173 1703 super
2191 1668 2263 1705 qui-

1258 1713 1399 1743 busdam
1411 1713 1553 1751 injuriis,
1569 1715 1950 1745 exctunmunicationum
1965 1719 2138 1747 sententiis
2150 1721 2179 1748 et
2196 1721 2265 1758 qui-

1258 1765 1399 1795 busdam
1416 1766 1490 1795 aliis
1504 1766 1663 1799 articulis,
1679 1769 1749 1796 orta
1766 1768 1903 1797 materia
1917 1770 2112 1806 questionis,
2132 1780 2265 1801 causam

188 1814 343 1844 dixerunt
363 1814 451 1852 quod
474 1814 602 1852 prefata
625 1813 773 1852 provisio
792 1814 825 1843 in
850 1814 1017 1852 plerisque
1044 1815 1199 1852 capitulis
1226 1840 1227 1848 ,

190 1866 331 1897 nimium
347 1867 416 1896 erat
432 1866 526 1900 dura,
547 1875 605 1896 nec
622 1866 729 1905 ipsam
748 1868 899 1904 poterant
916 1867 1126 1905 aliquatenus
1143 1867 1198 1897 ob-
1226 1887 1227 1905 1

1258 1818 1364 1857 ipsam
1381 1819 1510 1849 dilectis
1526 1819 1605 1848 tiliis
1618 1842 1639 1849 ..
1652 1819 1763 1849 abbati
1781 1822 1892 1851 Sancti
1907 1822 2049 1851 Victoris
2066 1823 2266 1854 l'arisiensis

1257 1872 1288 1901 et
1303 1871 1439 1909 collegis
1457 1872 1528 1901 suis
1544 1872 1606 1902 sub
1623 1880 1660 1902 eo
1681 1874 1791 1902 tenore
1809 1873 1967 1903 duximus
1982 1876 2264 1911 committendam,

1258 1927 1304 1958 ut,
1321 1925 1348 1954 si
1364 1924 1404 1954 de
1419 1925 1563 1963 partium
1582 1925 1750 1955 voluntate
1767 1927 1967 1964 procederet,
1986 1936 2056 1957 eam
2075 1929 2139 1958 tine
2156 1929 2265 1960 debito

1257 1977 1486 2012 terminarent;
1506 1978 1655 2016 alioquin
1671 1979 1778 2017 ipsam
1795 1980 2001 2010 sufficienter
2015 1981 2210 2011 instructam
2226 1983 2266 2012 ad

1258 2031 1408 2059 nostrum
1426 2030 1628 2059 remittentes
1648 2038 1798 2065 examen,
1818 2032 2017 2070 pretigerent
2038 2034 2188 2071 partibus
2204 2035 2263 2064 ter-

1258 2082 1386 2111 minum
1404 2083 1641 2120 competentem
1656 2091 1722 2120 quo
1739 2092 1773 2112 se
1789 2084 1969 2122 apostolico
1987 2086 2177 2123 conspectui
2198 2096 2267 2125 pre-

1257 2135 1437 2168 sentarent,
1456 2135 1592 2172 justam,
1611 2136 1742 2165 auctore
1760 2136 1840 2166 Deo.
1858 2137 2055 2166 seutentiam
2080 2140 2263 2176 recepture;

1257 2195 1368 2217 coram
1393 2187 1515 2225 quibus
1535 2187 1685 2226 partibus
1706 2189 1905 2224 constitutis,
1920 2189 2050 2226 judices
2071 2190 2148 2228 ipsi,
2171 2191 2266 2221 sactis

1257 2239 1456 2278 quibusdam
1474 2240 1697 2278 positionibus
1718 2242 1749 2270 et
1768 2242 2042 2278 responsionibus
2059 2243 2099 2272 ad
2118 2244 2264 2280 easdem,

1257 2293 1379 2323 auditis
1396 2293 1495 2322 etiam
1518 2301 1580 2331 que
1596 2294 1707 2332 partes
1724 2293 1858 2324 voluere
1877 2303 2058 2333 proponere
2076 2304 2186 2325 eoram
2203 2297 2264 2332 eis,

1257 2354 1391 2375 causam
1409 2345 1547 2375 eandem
1566 2345 1677 2375 minus
1697 2346 1902 2376 sufficienter
1922 2347 2112 2377 instructam
2130 2348 2169 2378 ad
2192 2357 2266 2379 exa-

1258 2406 1333 2428 men
1363 2398 1582 2436 apostolicum
1613 2398 1822 2429 remiserunt.
1859 2399 2135 2430 Procurator-ibus
2168 2402 2267 2439 igitur

1257 2444 1399 2489 partium
1416 2452 1548 2489 propter
1567 2450 1626 2480 hoc
1647 2451 1679 2480 in
1698 2452 1810 2481 nostra
1828 2453 1997 2490 presentia
2013 2454 2201 2483 constitutis
2217 2453 2264 2484 di-

1257 2503 1378 2533 lectum
1390 2503 1496 2533 filium
1515 2505 1663 2533 nostrum
1679 2506 1726 2538 5.,
1744 2504 1829 2534 1111111
1847 2506 1964 2535 Sancte
1979 2505 2080 2536 Marie
2094 2506 2126 2535 iu
2143 2507 2263 2537 Trans-

1257 2557 1388 2586 tiberim
1412 2557 1634 2595 presbiterum
1658 2557 1873 2591 cardinalem,
1894 2558 2046 2588 dedimus
2063 2559 2263 2594 auditorem;

1257 2618 1367 2639 coram
1386 2618 1451 2648 quo
1473 2618 1548 2639 cum
1572 2609 1689 2639 suisset
1711 2610 1906 2648 aliquandiu
1931 2611 2105 2649 litigatum,
2126 2613 2157 2640 et
2179 2612 2265 2641 idem

1255 2662 1436 2693 cardinalis
1452 2662 1549 2692 nobis
1565 2670 1603 2692 ea
1621 2671 1683 2700 que
1702 2662 1792 2692 suere
1810 2663 1978 2701 proposita
1996 2672 2106 2693 coram
2125 2671 2162 2693 eo
2185 2672 2263 2702 pru-

1255 2715 1370 2745 denter
1397 2717 1427 2746 et
1458 2715 1596 2745 feliciter
1627 2715 1806 2749 retulisset,
1838 2716 1993 2753 quamvis
2022 2716 2203 2754 positiones
2234 2717 2265 2746 et

1256 2768 1491 2806 responsiones
1513 2767 1589 2797 bine
1613 2767 1688 2796 inde
1714 2775 1814 2805 super
1836 2767 1988 2805 pluribus
2010 2767 2158 2797 articulis
2179 2767 2262 2798 facte

1256 2820 1381 2852 fuerint
1401 2829 1512 2850 coram
1533 2820 1705 2859 judicibus
1730 2820 1932 2854 memoratis,
1957 2820 2035 2858 quia
2059 2822 2169 2850 tamen
2194 2819 2264 2850 litis

1255 2873 1528 2904 contestationem
1552 2881 1617 2902 non
1639 2872 1830 2902 invenimus
1852 2880 1924 2902 esse
1947 2872 2079 2906 factam,
2102 2880 2177 2902 cum
2198 2881 2263 2903 non

1256 2934 1315 2966 per
1330 2926 1513 2965 positiones
1532 2926 1564 2955 et
1582 2925 1815 2964 responsiones
1831 2925 1871 2954 ad
1891 2933 1958 2959 eas,
1981 2925 2039 2956 sed
2056 2933 2114 2964 per
2134 2925 2262 2964 petitio-

1258 2987 1334 3010 nem
1351 2979 1472 3018 injure
1490 2979 1692 3018 propositam
1708 2978 1739 3008 et
1757 2977 2006 3016 responsionem
2022 2978 2168 3008 secutam
2186 2985 2275 3008 con--
