2498 3242
188 247 244 277 565

189 311 347 343 ecclesias
359 315 391 341 et
402 310 538 346 clerum,
552 318 651 349 quem
665 310 726 340 sub
741 311 922 350 Egyptiaca
935 311 1094 341 servitute
1109 309 1206 349 qnasi

1061 236 1243 274 SIXIEME
1264 236 1425 273 ANNEE.

189 365 231 396 ad
250 364 438 404 coquendos
461 363 597 397 lateres,
621 363 726 402 paleis
747 364 847 394 etiam
870 364 1057 401 denegatis.
1080 363 1206 393 servire
1246 391 1247 398 ,

189 417 366 456 cogebant,
385 416 420 446 in
437 425 495 446 sua
518 415 671 446 libertate
692 417 922 455 permitterent
936 417 1076 446 Domino
1097 417 1206 445 famu-
1246 449 1247 459 γ

187 470 268 506 lari,
284 474 315 500 et
333 470 410 509 jura
433 468 497 499 sibi
522 469 697 499 redderent
714 474 870 500 consueta
891 480 897 499 z
916 470 993 508 quia
1010 473 1206 499 mansuetu-

190 522 267 553 dine
289 521 513 552 abutebantur
539 521 663 559 ipsius,
687 522 824 553 mittens
847 531 965 552 manns
991 522 1030 552 ad
1055 522 1151 551 sortia
1174 525 1205 551 et

189 583 327 605 suorum
348 575 461 604 favore
483 574 656 607 suffultus,
681 575 830 614 exemplo
854 575 981 614 Moysi,
1001 574 1127 604 tamdiu
1149 582 1204 603 eos

188 732 292 763 ubera
309 732 360 763 vel
381 733 505 763 invitos
527 734 694 763 revocavit
716 734 866 769 eosdem;
892 734 937 763 ita
957 733 1044 772 quod
1067 742 1104 762 ex
1128 737 1204 762 tunc

190 789 258 815 tarn
275 785 383 815 clerus
398 794 497 824 quam
514 785 652 815 eeclesia
670 786 740 824 ipsa
759 786 855 825 plena
871 786 1036 816 libertatis
1050 785 1205 815 immuni-

189 842 256 868 tate
270 838 489 875 congaudent,
506 843 534 868 et
553 839 618 868 sibi
635 848 652 868 a
675 839 804 869 civibus
828 839 1004 869 antedictis
1024 839 1099 878 jura
1116 839 1204 877 ejus-

189 891 264 921 dem
293 891 431 921 ecclesie
468 891 596 921 illibata
634 892 828 927 redduntur,
868 892 1043 930 tirampnis
1079 891 1205 921 eisdem

189 944 431 974 nichilominus
457 954 515 983 per
540 945 647 983 ipsius
669 954 763 984 opem
787 949 819 975 et
841 954 975 983 operam
995 944 1106 975 taliter
1132 953 1205 973 cas-

188 997 320 1035 tigatis,
350 997 436 1036 quod
472 997 578 1036 ipsam
615 997 790 1027 ecclesiam
824 998 940 1027 amodo
970 997 1082 1027 minus
1108 996 1205 1026 solito

188 1050 378 1090 inquietare
414 1051 612 1081 creduntur.
649 1060 749 1089 quam
783 1050 929 1081 lacerare
964 1054 1206 1080 consueverant

189 1103 230 1133 ab
253 1103 408 1142 antiquo;
439 1107 572 1142 propter
594 1103 682 1143 quod
704 1103 819 1134 eadem
842 1103 998 1133 ecclesia.
1024 1113 1102 1141 qne.
1128 1103 1205 1133 licet

187 1156 359 1195 proprium
387 1156 557 1193 negotium
583 1156 740 1194 gesserit,
766 1164 939 1186 commune
965 1160 1075 1185 tamen
1102 1155 1205 1185 liber-

190 1209 268 1240 tatis
301 1209 509 1239 commodum
541 1210 738 1247 reportavit.
769 1210 860 1247 gravi
888 1209 1075 1239 debitorum
1105 1218 1205 1239 onere

188 1266 396 1301 pregravata,
412 1261 600 1299 Apostolice
617 1261 712 1292 Sedis
729 1261 905 1291 consilium
923 1266 953 1292 ct
971 1261 1132 1291 auxilinm
1146 1261 1205 1291 im-

187 1314 318 1354 plorare
334 1313 554 1352 compellitur.
569 1318 685 1352 petens
707 1313 772 1344 sibi
789 1314 1020 1344 subventionis
1037 1314 1205 1343 dexteram

188 1371 281 1398 tanto
297 1366 470 1397 liberalius
486 1367 629 1405 porrigi,
652 1371 776 1405 quanto
798 1371 913 1396 notum
933 1371 980 1397 est
998 1367 1121 1397 certius
1139 1371 1205 1397 tam

187 1420 348 1460 proximis
371 1429 471 1459 quam
496 1420 632 1450 remotis
660 1420 768 1458 ipsam
795 1428 832 1450 ex
857 1428 955 1450 causa
981 1420 1149 1450 communi
1174 1423 1206 1449 et

188 1473 378 1504 necessaria
394 1473 587 1513 hujusmodi
603 1473 714 1503 debita
731 1473 954 1508 contraxisse,
973 1482 1033 1503 nec
1049 1473 1090 1503 ad
1109 1482 1205 1503 vora-

188 1527 301 1565 ginem
322 1535 502 1557 usurarum
523 1526 594 1566 ejus
611 1526 763 1556 sufficere
778 1526 967 1556 facultates.
984 1527 1110 1557 Verum
1127 1526 1206 1565 quia

187 1588 289 1611 onera
305 1579 427 1618 partita
443 1579 478 1609 in
491 1579 604 1618 plures
620 1574 755 1610 facilius
772 1584 1031 1618 comportantur,
1046 1579 1206 1609 fraterni-

186 1636 290 1664 tatem
305 1637 450 1663 vestram
466 1641 640 1662 monemus
656 1636 687 1662 et
698 1632 870 1662 hortamur
882 1636 1018 1668 attente,
1035 1641 1094 1671 per
1109 1641 1206 1670 apos-

189 1685 289 1716 tolica
305 1685 400 1715 vobis
412 1685 535 1723 scripta
550 1685 747 1715 mandantes
762 1689 939 1724 quatenus,
956 1694 1030 1715 cum
1044 1686 1147 1715 frater
1163 1685 1206 1715 sit

189 1747 207 1769 a
233 1738 336 1769 fratre
360 1738 546 1778 juvandus,
574 1742 604 1768 et
632 1738 818 1777 apostolus,
847 1743 884 1769 ut
908 1738 1130 1777 adimpleatur
1153 1738 1206 1769 lex

188 1791 333 1827 Christi,
357 1790 499 1822 alterum
520 1791 658 1822 alterius
674 1800 775 1822 onera
789 1796 920 1830 portare
936 1792 1102 1822 describat
1118 1793 1145 1827 ¹,
1170 1792 1205 1822 in

189 1844 319 1876 decima
336 1848 524 1875 vestrorum
542 1849 765 1883 proventuum
777 1847 793 1866 ²
811 1854 917 1884 usque
934 1845 974 1875 ad
995 1854 1136 1881 annum,
1154 1844 1207 1875 vel

187 1906 247 1937 per
263 1897 410 1936 aliquam
426 1897 627 1928 taxationem
643 1897 889 1936 equivalentem
905 1897 1042 1933 decime,
1060 1897 1101 1928 ob
1116 1906 1206 1928 reve-

187 1950 332 1981 rentiam
347 1949 496 1980 divinam
512 1954 543 1980 et
559 1954 718 1986 nostram,
737 1950 926 1981 subsidium
943 1950 1051 1980 eidem
1067 1949 1206 1981 ecclesie

187 2003 390 2042 impendatis
412 2002 542 2033 ilariter
563 2007 594 2033 et
617 2007 803 2041 gratanter,
828 2003 868 2033 ad
890 2003 924 2032 id
946 2003 1056 2042 ipsum
1078 2007 1205 2033 vestros

189 2055 340 2086 subditos
356 2055 534 2085 efficaciter
549 2055 759 2092 inducentes,
774 2055 821 2085 ita
836 2055 924 2094 quod
938 2065 998 2094 per
1013 2059 1157 2086 vestram
1174 2060 1206 2086 et

187 2109 337 2147 ipsorum
360 2108 615 2138 subventionem
637 2108 753 2139 eadem
773 2117 791 2138 a
807 2108 909 2138 tantis
925 2108 1031 2147 possit
1046 2109 1205 2139 oneribus

187 2160 341 2196 relevari,
357 2165 388 2191 et
405 2169 475 2192 nos.
494 2165 584 2191 tante
599 2161 841 2200 compassionis
857 2161 1013 2192 affectum
1029 2161 1064 2191 in
1086 2161 1206 2192 effectu

187 2214 298 2253 operis
309 2214 505 2252 sentientes,
520 2214 729 2245 devotionem
742 2218 888 2245 vestram
904 2214 1023 2245 merito
1037 2223 1205 2245 commen-

187 2267 266 2297 dare
281 2267 466 2306 possimus,
485 2275 544 2297 nec
567 2267 655 2297 circa
669 2267 731 2297 hoc
751 2275 908 2306 cogamur
925 2267 1016 2298 aliud
1036 2267 1202 2298 ordinare.

185 2320 263 2352 Dat.
279 2319 442 2358 Anagnie‚
461 2320 559 2350 nonis
576 2320 778 2356 novembris,
799 2329 886 2351 anno
903 2325 1007 2351 sexto.
1028 2334 1040 2346 n

259 2524 347 2553 949

225 2585 370 2621 Episcopo
381 2585 569 2620 Tol-nacensi,
582 2586 740 2621 apostolico
755 2586 849 2621 legato
864 2586 893 2614 in
911 2586 1073 2620 Provincia=
1089 2587 1204 2614 mandat

186 2638 346 2670 quatenus,
362 2648 399 2654 —-
414 2633 538 2661 maxime
553 2642 618 2661 cum
635 2635 758 2662 ecclesia
774 2634 927 2663 Valentina
943 2637 1076 2671 praelatis
1096 2640 1124 2662 et
1144 2637 1204 2663 cle-

187 2683 256 2710 ricis
281 2682 450 2710 Provinciae
474 2683 502 2709 in
529 2691 598 2710 casu
623 2683 706 2718 quasi
735 2684 880 2711 consimili
904 2692 974 2712 suae
1001 2684 1203 2712 subventionis

701 2524 829 2560 Anagni,
845 2525 860 2552 5
878 2526 1034 2552 novembre
1052 2525 1130 2553 1232.

221 2823 241 2847 1.
257 2825 332 2847 Pour
348 2823 525 2854 prescribat?

216 2868 240 2892 2.
259 2867 298 2892 Le
322 2869 446 2898 Reyistre
470 2870 548 2899 porte
567 2877 573 2891 =
594 2872 780 2899 proventuum
803 2871 891 2894 annis
916 2872 1042 2901 sinqutis
1066 2878 1200 2902 usque...;

184 2913 226 2937 les
245 2916 315 2937 mots
331 2913 417 2936 annis
433 2913 556 2942 singulis
571 2914 636 2937 sont
652 2914 835 2944 exponetues.

2244 250 2298 275 filiii

1288 309 1426 336 auxilium
1452 310 1634 343 contulisset,
1658 324 1690 330 —-
1719 311 1858 344 praelatos
1883 316 1910 337 et
1938 312 2059 338 clericos
2087 314 2298 348 cujuscumque

1287 357 1437 391 dignitatis
1452 361 1500 383 ant
1516 357 1625 384 ordinis
1642 359 1776 391 legationi
1792 359 1846 385 sibi
1863 361 2036 386 commissae
2052 361 2200 395 subjectos
2211 383 2217 393 ,
2237 371 2296 388 mo-

1289 410 1353 431 neat
1373 410 1400 431 et
1422 406 1538 432 inducat
1557 410 1586 432 ut
1604 405 1630 431 in
1653 406 1762 432 decima
1780 415 1898 434 suorum
1915 412 2104 442 proventuum
2119 410 2205 435 unius
2220 418 2297 440 anni,

1288 454 1331 480 vel
1349 462 1398 488 per
1415 454 1538 488 aliquam
1556 455 1729 480 taxationem
1745 456 1971 489 aequivalentem
1985 457 2123 488 decimae,
2137 459 2297 492 praedictae

1288 502 1428 528 ecclesiae
1438 501 1618 532 Valentinae‚
1631 502 1736 529 debitis
1745 508 1890 538 gravatae,
1903 505 2065 531 subsidium
2076 506 2251 540 impendant.
2264 522 2298 528 -—

1287 550 1371 584 (Izan.
1402 551 1443 583 16,
1469 551 1487 576 Γ.
1514 552 1543 578 51
1578 558 1619 582 r⁰;
1647 560 1712 577 ann.
1739 551 1787 581 Vl.
1813 561 1836 578 c.
1860 554 1907 579 ¹58
1935 554 1989 580 liis:
2015 569 2047 574 —-
2073 554 2192 582 Monuit>
2222 557 2296 589 1187,

1246 603 1247 611 l
1360 600 1373 614 n
1403 606 1421 619 ,ο

190 627 333 658 diversis
349 626 456 666 plagis
477 631 507 657 et
530 627 633 657 variis
650 628 885 658 afflictionibus
903 632 1039 666 paterno
1055 627 1205 656 modera-
1245 633 1247 636 ⁴
1288 599 1306 625 τ’
1325 599 1373 625 3⁴*
1393 608 1402 623 ι
1425 603 1441 631 ’)

189 680 280 710 mine
303 679 472 717 fatigavit,
491 680 578 719 quod
598 680 638 710 ad
656 681 773 711 matris
793 690 852 711 sue
873 680 1011 711 ecclesie
1028 680 1205 710 Valentino
1245 682 1247 688 ⁴

1330 740 1341 752 «
1362 727 1528 765 Scriptum
1545 732 1594 757 est
1615 736 1714 766 snper
1737 729 1796 757 boc
1814 729 1847 757 in
1865 730 2005 759 eundem
2028 731 2157 759 modum
2185 755 2203 759 ..
2222 734 2299 769 apis-

1287 789 1357 818 copn
1383 781 1580 816 Turnat-ensi,
1605 783 1769 818 apostolice
1785 783 1868 811 Sardis
1889 784 1999 819 lryrzlo.
2021 793 2123 821 nstpn·
2143 794 2148 811 2
2170 785 2299 813 facilins·

1288 837 1546 871 comportantur.
1562 833 1715 869 maxime,
1734 844 1819 866 cum,
1839 835 1922 864 sir-ut
1938 835 2070 867 dicitnr,
2090 838 2234 874 sepefata
2252 848 2300 867 ec-

1288 885 1388 916 clesia
1406 885 1584 916 Valentina
1597 904 1646 914 —.
1665 887 1738 916 Dat.
1757 888 1919 923 Anauni&
1938 893 1970 917 ul
1990 898 2099 926 snpra.
2123 904 2131 912 11

1359 1084 1450 1112 95⁰
1799 1086 1926 1119 Anagni,
1943 1086 1958 1113 8
1975 1088 2129 1115 novembre
2150 1088 2225 1115 12:5²3.

1324 1145 1469 1180 Episcopo
1482 1145 1681 1173 Lemovicensi
1699 1146 1813 1173 mandat
1827 1152 1971 1182 quatenns
1983 1149 2134 1183 religiosos
2147 1150 2299 1177 nonnullos

1287 1194 1381 1229 ipsius
1398 1195 1542 1221 dioecesis
1563 1203 1613 1230 per
1635 1196 1798 1222 saeculares
1820 1196 1969 1223 illecebras
1988 1202 2143 1231 evagantes
2162 1203 2190 1224 et
2210 1199 2295 1225 vitam

1287 1244 1469 1270 inhonestam
1493 1244 1649 1279 ducentes,
1673 1245 1707 1271 ad
1734 1246 1950 1272 excusationem
1979 1255 2060 1273 suam
2087 1248 2299 1281 praetendendo

1287 1292 1364 1326 quod
1386 1293 1556 1318 auctoritate
1574 1293 1732 1328 apostolica
1751 1302 1766 1319 a
1790 1294 1852 1320 suis
1876 1296 2060 1321 monasteriis
2082 1296 2123 1321 rel
2145 1296 2208 1322 aliis
2229 1297 2300 1323 locis

1287 1340 1432 1374 religiosis
1454 1341 1541 1366 amoti
1561 1346 1670 1375 essent,
1691 1343 1843 1376 compellat
1866 1348 1895 1368 ut
1916 1344 1942 1369 in
1965 1345 2148 1370 monasteriis
2169 1346 2212 1370 vel
2229 1345 2300 1372 locis

1287 1389 1352 1415 aliis
1372 1398 1387 1414 a
1407 1389 1514 1423 quibus
1529 1390 1617 1416 amoti
1632 1390 1759 1421 fuerant,
1777 1391 1801 1416 si
1818 1399 1868 1417 eos
1885 1392 1999 1426 praelati
2016 1394 2256 1420 monasteriorum
2273 1398 2301 1421 et

1287 1438 1417 1464 locorum
1429 1438 1558 1472 ipsorum
1571 1439 1699 1474 recipere
1711 1439 1864 1471 voluerint,
1877 1445 2101 1467 commorentur.
2116 1457 2148 1461 —
2162 1442 2243 1469 ‹lu-0.
2259 1443 2299 1472 16,

1287 1486 1307 1513 f.
1325 1486 1355 1512 51
1375 1493 1421 1517 νος
1439 1494 1506 1512 ann.
1524 1485 1576 1518 VI,
1593 1487 1754 1521 e.159;—
1770 1487 1890 1515 MonsAc
1911 1489 1986 1520 1187,
2003 1490 2022 1516 s.
2041 1490 2113 1519 352.)

1330 1626 1343 1639 «
1364 1637 1383 1642 ..
1399 1615 1534 1652 episcopo
1548 1615 1761 1644 Lemovicensi.
1782 1615 1831 1644 Ad
1848 1620 1994 1645 nostram
2012 1617 2142 1646 noveris
2158 1635 2207 1646 —.
2227 1619 2299 1648 Dat.

1288 1667 1452 1705 Anagnie,
1468 1668 1514 1698 VI
1529 1667 1605 1697 idus
1621 1668 1822 1701 novembris,
1841 1677 1928 1699 anno
1945 1674 2046 1700 sexto.
2068 1683 2078 1696 ιι

1359 1862 1443 1890 951

1324 1923 1468 1959 Episcopo
1488 1924 1640 1951 Aniciensi
1663 1925 1809 1960 significat
1832 1933 1864 1952 se
1888 1926 1960 1952 velle
1984 1927 2202 1961 procurationes
2227 1937 2299 1962 quae

1288 1973 1398 1999 ratione
1422 1971 1595 1999 visitationis
1618 1973 1674 2008 ipsi
1690 1973 1828 2008 episcopo
1843 1973 2031 2004 debebantur,
2052 1984 2117 2002 cum
2135 1977 2299 2011 praescrip—

1288 2021 1366 2047 tione
1386 2022 1525 2056 temporis
1545 2022 1589 2048 vet
1608 2022 1751 2049 contraria
1767 2022 1978 2050 consuetudine
1997 2032 2052 2050 non
2069 2025 2245 2056 tollerentur,
2263 2026 2297 2051 ab

1288 2070 1422 2097 ecclesiis
1445 2071 1499 2106 ipsi
1522 2072 1660 2106 episcopo
1677 2073 1744 2106 Jure
1766 2071 1938 2098 dioecesano
1961 2073 2104 2107 subJectis
2125 2074 2218 2100 eidem
2242 2083 2297 2100 non

1288 2119 1444 2153 negarL—
1461 2118 1543 2149 (Rm.
1561 2119 1602 2151 16,
1620 2120 1640 2147 s.
1657 2119 1686 2146 51
1705 2126 1751 2150 νος
1768 2128 1834 2146 ann.
1854 2119 1904 2151 VI,
1922 2128 1948 2147 c.
1968 2121 2040 2154 160.)

1801 1862 1929 1897 Anagni,
1945 1863 1960 1890 9
1977 1864 2132 1891 novembre
2150 1865 2228 1893 1232.

1329 2261 1342 2275 «
1363 2272 1381 2277 ..
1400 2250 1534 2286 episcopo
1552 2250 1721 2278 Aniciensi.
1748 2249 2002 2279 Procurationes
2023 2258 2086 2288 que
2105 2250 2232 2280 ratione
2248 2268 2297 2279 —.

1286 2301 1360 2331 Dat.
1384 2301 1555 2339 Anagnie,
1578 2302 1607 2331 V
1628 2301 1704 2335 idus
1728 2301 1934 2337 novembris,
1958 2302 2170 2340 pontificatus
2195 2304 2298 2333 nostri

1244 2375 1246 2396 Ξ
1287 2363 1374 2385 anno
1391 2358 1493 2385 Sexto.
1514 2366 1527 2380 ))

1243 2417 1246 2424 v

1243 2428 1246 2438 l

1243 2469 1246 2566 5

1242 2581 1246 2746 l

1239 2911 1245 2953 l

1357 2555 1445 2584 952

1322 2616 1467 2644 Brixiensi
1483 2620 1512 2643 et
1528 2616 1677 2643 Parmensi
1692 2616 1839 2651 episcopis
1856 2615 1970 2642 mandat
1985 2619 2138 2650 quatenus„
2155 2624 2219 2643 cum
2238 2625 2299 2643 mo-

1286 2667 1445 2693 nasterium
1468 2666 1567 2693 Sancti
1589 2665 1707 2693 Genesii
1727 2665 1762 2692 de
1784 2664 1920 2696 Bersillo.
1944 2669 2060 2700 propter
2081 2665 2295 2692 inundationem

1284 2715 1416 2742 fluminis
1435 2714 1590 2742 defluentis
1609 2714 1643 2741 ad
1663 2714 1749 2745 illud,
1770 2717 1850 2740 esset
1868 2713 1985 2739 omnino
2005 2713 2189 2744 subversum,
2211 2722 2298 2740 acce-

1285 2765 1387 2792 dentes
1403 2764 1593 2799 personaliter
1607 2764 1641 2790 ad
1658 2764 1754 2790 locum
1775 2763 1881 2797 ipsum,
1899 2766 1927 2788 et
1942 2761 2121 2796 inquirentes
2137 2762 2296 2795 veritatem,

1285 2814 1311 2841 si
1331 2813 1374 2840 eis
1393 2813 1556 2840 eonstiterit
1575 2812 1652 2847 quod
1673 2812 1762 2838 abbas
1784 2815 1812 2837 et
1830 2812 1992 2837 conventus
2010 2809 2176 2835 monasterii
2193 2809 2296 2836 ibidem

1285 2862 1438 2897 nequirent
1462 2862 1524 2889 sine
1552 2861 1678 2897 periculo
1707 2867 1873 2892 remanere,
1899 2863 1927 2885 et
1956 2858 2039 2884 locus
2064 2857 2195 2892 religioni
2219 2863 2297 2885 esset

1285 2915 1472 2947 competens.
1487 2910 1522 2937 ad
1539 2918 1624 2945 quem
1641 2908 1843 2936 desiderabant
1859 2907 1897 2934 illi
1912 2915 1944 2934 se
1961 2906 2130 2937 transferre,
2148 2906 2215 2933 illuc
2230 2914 2299 2934 auc-

1779 2555 1906 2589 Anagni,
1926 2554 1956 2581 12
1974 2555 2128 2581 novembre
2150 2555 2226 2582 1232.
