2498 3242
247 272 302 299 ‹3-37
973 270 1210 300 REGISTRES
1233 270 1287 300 DE
1309 264 1531 302 GREGOIRE
1555 274 1612 303 IX.
2283 275 2340 305 628

323 337 341 363 Ι
350 337 438 365 080

286 398 374 423 Priori
397 402 424 423 et
446 397 581 423 fratribus
598 396 756 431 Hospitalis
774 397 1023 432 Hierosolymitani
1041 397 1137 424 Sancti
1155 397 1253 424 Basilii

809 336 933 370 Anagni,
952 336 966 362 S
984 336 1085 362 tevi-iei-
1105 335 1180 362 1233.

247 447 281 471 «le
298 446 375 472 L'rbe
391 446 543 471 ecclesiam
567 446 664 472 Sancti
688 446 824 480 Spiritus,
842 454 929 480 prope
946 452 1071 472 castrum
1090 446 1185 472 Alabri
1204 455 1253 480 po-

248 495 340 526 sitam,
364 494 397 519 ad
423 493 579 520 Ecclesiam
607 493 763 520 Romanam
790 494 950 520 immediate
975 498 1163 529 spectantem,
1187 502 1251 520 cum

247 542 429 576 pertinentiis
440 542 501 567 suis
513 542 654 568 concedit.
669 557 700 561 —
713 542 796 573 (Rae.
812 542 853 571 -tss,
868 543 886 568 s.
897 542 929 567 85
943 549 985 573 v⁰;
999 551 1062 568 aun.
1078 541 1128 575 Vl,
1141 552 1166 568 c.
1179 542 1252 576 ⁸383.)

288 659 299 668 υ
325 666 342 671 ..
363 644 463 680 priori
486 649 511 672 c!
533 644 684 679 fratribus
705 644 867 681 Hospitalis
890 645 1130 672 Jerosolimitani
1148 644 1254 673 Sancti

249 697 354 724 Basilii
373 696 405 723 «tc
425 697 507 724 l'rtw.
524 696 667 732 Dignum
685 701 731 725 est
747 701 778 725 ut
792 713 838 724 —.
857 696 929 725 Dat.
946 695 1107 732 Anagnic.
1123 697 1166 726 VI
1178 696 1252 725 idus

248 748 418 777 selu-uarii.
437 757 523 777 auno
542 753 642 777 sexto.
666 761 678 773 ›»

319 932 429 960 ¹08?
786 931 910 965 Anagni,
932 932 966 957 1οῐ
981 931 1085 958 ἰύιϊίω·
1104 931 1179 958 1233.

282 994 462 1027 Almalricnl.
488 994 584 1019 comiti
610 993 716 1020 Montis
740 993 841 1023 Fortis.
868 993 1080 1020 constabulario
1105 992 1251 1027 anciae,
1294 1005 1295 1013 κ

245 1043 372 1076 cupienti
388 1042 608 1075 quampluribus
623 1042 751 1076 capellis,
765 1046 819 1067 tam
833 1042 866 1066 ab
881 1042 942 1075 ipso
954 1050 1037 1075 qnam
1055 1050 1069 1066 a
1088 1042 1252 1075 progenito-
1293 1065 1295 1072 ,

246 1091 324 1117 ribus
342 1091 402 1115 suis
418 1090 443 1115 in
463 1094 535 1115 terra
549 1098 600 1116 sua
613 1090 749 1123 fundatis,
764 1090 939 1116 sufficientes
952 1090 1079 1115 redditus
1091 1090 1250 1123 assignare,

245 1139 280 1164 de
295 1139 400 1173 quibus
417 1138 553 1172 capellani
573 1146 622 1171 pro
639 1143 766 1171 tempore
783 1138 945 1164 servientes
967 1139 992 1164 iu
1015 1138 1086 1172 ipsis
1102 1139 1251 1165 commode

244 1187 354 1213 valeant
371 1187 545 1214 sustentari.
569 1186 696 1220 indulget
715 1190 743 1212 ut
763 1186 926 1220 capellanos
942 1186 1060 1212 idoneos
1081 1186 1114 1213 ad
1136 1187 1250 1213 easdem

244 1235 367 1269 capellas
384 1234 563 1261 dioecesanis
579 1243 677 1260 earum
695 1235 756 1269 ipse
767 1239 795 1260 et
807 1234 899 1268 ipsius
915 1234 1053 1260 haeredes
1070 1238 1251 1269 praesentare

245 1283 365 1309 valeant.
383 1296 417 1302 —
433 1282 515 1315 (nm.
539 1283 581 1315 lss,
600 1283 618 1308 s.
636 1283 669 1308 8ss
685 1289 726 1315 r⁰;
744 1291 810 1309 ann.
830 1282 878 1312 VI,
897 1291 922 1309 c.
941 1282 1014 1315 ς284.)

287 1396 297 1408 ‹r
319 1384 418 1412 ,t'atili
446 1385 510 1412 riro
529 1386 579 1418 A„
608 1385 712 1412 comiti
734 1384 867 1421 [Montis]
891 1385 1001 1419 Fortis,
1027 1385 1252 1414 cmislaluzlario

246 1437 381 1465 Franci».
403 1436 533 1471 Quanto
552 1436 694 1473 gratiora
712 1440 789 1465 sunt
803 1453 851 1464 —.
869 1437 942 1465 Dat.
959 1437 1120 1474 Anagnie.
1136 1436 1251 1467 kalen-

244 1489 294 1518 ·lis
314 1489 485 1519 februarii.
507 1497 592 1519 anno
615 1493 717 1518 sexto.
740 1501 752 1514 »

318 1673 432 1701 ¹088
807 1672 932 1706 Anagni,
949 1673 963 1699 7
981 1673 1084 1699 fevi-iou·
1102 1673 1178 1700 1‘233.

281 1733 492 1759 Arclxidiacono
511 1732 698 1767 Lexovionsi,
718 1734 826 1760 cantori
848 1733 944 1760 Sancti
964 1734 1120 1761 Audomari
1143 1738 1170 1761 et
1192 1744 1251 1761 ma-

244 1783 335 1817 gistro
355 1781 391 1808 R.
406 1805 410 1811 ,
429 1782 567 1808 canonico
583 1781 806 1813 Cenomanensi,
825 1782 938 1809 mandat
954 1786 1095 1817 quatenus
1111 1783 1250 1810 decanum

244 1835 271 1856 et
291 1830 446 1864 capitulum
471 1830 610 1855 ecclesiae
634 1830 731 1856 Sancti
756 1830 880 1856 Marcelli
905 1830 1088 1865 parisiensis,
1111 1832 1165 1858 nisi
1186 1832 1248 1863 W„

245 1887 398 1914 pauperem
413 1879 559 1909 clericum,
575 1879 647 1905 infra
664 1887 791 1905 mensem
810 1880 970 1913 receperint
986 1880 1012 1906 in
1024 1880 1204 1911 canonicum,
1223 1885 1251 1907 et

245 1927 435 1953 Parisiensem
458 1927 643 1960 episcopum,
662 1927 716 1953 nisi
733 1927 824 1953 eidem
840 1926 892 1954 W.
910 1928 1099 1962 praebendam
1118 1933 1186 1955 tunc
1202 1937 1252 1955 va-

244 1980 356 2001 cantem
374 1983 424 2000 seu
442 1975 572 2009 proximo
588 1980 750 2001 vacaturam
767 1976 933 2006 contulerit,
952 1976 984 2001 ad
1003 1975 1104 2002 Sedent
1124 1977 1250 2011 Aposto-

243 2023 323 2049 licam
341 2023 437 2049 citent.
453 2037 485 2041 —
501 2022 585 2054 (Res.
602 2023 642 2056 15,
656 2023 672 2049 f.
690 2023 722 2050 86
740 2029 780 2050 r0·
799 2032 864 2050 ann.
885 2022 934 2056 VI,
953 2032 978 2050 c.
997 2023 1063 2054 ‘285;
1081 2040 1114 2043 —
1130 2024 1249 2052 Monimo
1291 2029 1293 2049 ε

775 2045 780 2057 5

246 2071 322 2102 1187,
341 2072 358 2098 f.
377 2070 449 2103 428.)

286 2185 289 2194 v
321 2195 339 2200 ..
364 2172 581 2201 archidiacono
607 2173 798 2207 Lexoriensi,
824 2195 845 2200 ..

245 2226 339 2259 maz-[7
362 2225 541 2253 §larinensis
560 2224 697 2259 diocesis,
717 2230 742 2253 et
760 2226 907 2262 Μαρίων-ο
925 2226 968 2260 IL,
990 2226 1137 2254 canonico
1157 2226 1250 2256 Ceno-

246 2278 393 2304 rnamvzxi.
414 2278 551 2305 Por-isius
569 2278 783 2305 eorszmoranti.
804 2277 909 2315 Super
928 2277 1107 2313 angustiis.
1127 2277 1250 2307 labori-

244 2329 304 2358 bus
322 2333 349 2357 et
368 2328 521 2365 expensis
538 2328 659 2366 quibus
676 2328 815 2358 dilectus
833 2328 921 2358 lilius
938 2330 1004 2358 W..
1018 2339 1142 2368 pauper
1157 2330 1249 2359 cleri-

244 2390 312 2409 cus.
332 2390 387 2418 pro
399 2380 575 2417 optinenda
589 2381 754 2418 prebenda
766 2381 799 2409 iu
813 2381 951 2411 ecclesia
964 2382 1075 2411 Sancti
1088 2382 1247 2418 Marcelli,

244 2434 446 2463 Parisiensis
469 2433 624 2463 diocesis.
650 2434 684 2462 in
708 2443 771 2472 qua
795 2434 925 2463 collatio
948 2434 1188 2472 prebendarum
1210 2435 1251 2465 ad
1291 2453 1293 2460 ι

242 2484 467 2514 venerabilem
489 2486 624 2515 fratrem
655 2490 804 2515 nostrum
827 2509 846 2514 ..
872 2486 1095 2516 Parisiensem
1123 2488 1250 2525 episco-

243 2546 319 2575 pum
340 2537 506 2575 pertinere
522 2537 654 2573 dicitur,
679 2543 730 2568 cst
750 2538 898 2573 attritus,
916 2543 1052 2577 paterna
1069 2540 1098 2569 ei
1120 2549 1250 2578 compa-

243 2589 344 2618 timur
365 2589 499 2627 pietate.
523 2589 616 2619 Sicut
641 2590 745 2625 enim,
772 2599 838 2620 non
863 2591 988 2630 absque
1014 2591 1118 2621 multa
1142 2593 1250 2623 cordis

243 2642 476 2677 amaritudine,
494 2642 528 2671 in
545 2647 657 2672 nostra
670 2643 841 2681 proposuit
855 2644 1024 2682 presentia
1037 2645 1247 2681 constitutus,

243 2698 287 2724 tot
304 2694 344 2724 ad
360 2694 507 2724 diversos
523 2695 652 2734 judices
675 2695 805 2726 diverse
821 2705 919 2735 super
934 2696 995 2727 hoc
1012 2706 1030 2726 a
1046 2698 1129 2728 Sede
1144 2699 1250 2737 Apos-

244 2746 339 2776 tolica
358 2746 435 2776 hinc
452 2747 529 2777 inde
547 2747 657 2778 littere
677 2753 753 2778 sunt
767 2753 915 2787 emente,
934 2753 964 2779 et
979 2759 1164 2788 processus,
1184 2760 1249 2781 non

243 2799 348 2829 solum
371 2799 510 2835 diversi,
530 2800 587 2830 sed
609 2800 754 2836 adversi,
779 2801 885 2831 habiti
909 2810 967 2840 per
992 2802 1138 2839 easdem⁷
1163 2804 1249 2842 quod

244 2852 411 2889 negotium
429 2852 548 2890 ipsum.
561 2857 693 2891 propter
704 2854 912 2892 exceptiones
926 2855 1035 2885 varias
1049 2864 1085 2885 ac
1101 2855 1248 2886 diversas

243 2908 272 2933 et
289 2904 443 2933 cavillosa
467 2904 606 2942 diffugia
627 2905 730 2943 partis
747 2905 899 2941 alterius,
917 2906 1067 2937 redditur
1083 2908 1152 2946 jam
1168 2909 1248 2939 adeo

873 2174 992 2201 cantori
1019 2173 1126 2202 ‚Sancti
1148 2174 1250 2203 Audo-
1292 2197 1293 2211 2

1334 335 1537 373 intricatum,
1550 343 1583 368 ut
1595 347 1661 368 non
1673 343 1739 368 tam
1749 339 1922 369 confusum
1935 347 2033 377 quam
2045 337 2248 368 destructum
2256 347 2351 377 peneu

1335 389 1467 427 penitus
1492 389 1662 420 videatur:
1686 395 1817 429 propter
1841 391 1927 431 quod
1949 399 2044 419 versa
2068 389 2132 419 sibi
2157 390 2287 420 videtur
2304 390 2338 420 in

1335 450 1453 479 penam
1468 442 1613 479 provisio
1635 446 1665 472 et
1690 443 1795 480 gratia
1817 443 1851 472 in
1872 451 2049 477 merorem,
2068 451 2141 472 cum
2163 451 2201 472 ex
2223 442 2284 472 hoc
2300 443 2340 473 ad

1336 497 1460 523 tantam
1476 493 1643 524 devenerit
1661 499 1902 533 paupertatem„
1920 495 2006 534 quod
2019 495 2086 533 jam
2102 498 2248 533 oporteat
2265 503 2340 525 eum

1336 545 1572 575 miserabiliter
1590 547 1789 577 mendicare.
1815 547 1899 577 Cum
1920 547 2037 585 igitur,
2062 547 2147 577 sicut
2170 547 2304 583 asserit,
2322 555 2341 577 a

1335 598 1565 636 prosecutione
1587 599 1693 637 ipsius
1720 599 1844 637 negotii
1870 599 1909 629 ob
1934 599 2036 629 nimie
2061 599 2264 638 paupertatis
2287 599 2340 628 in-

1335 650 1505 680 commoda
1520 650 1680 681 desistere
1697 650 1921 689 compellatur,
1935 655 1965 680 et
1982 660 2040 680 nos
2056 651 2155 680 finem
2172 651 2340 689 imponere

1335 703 1406 732 suis
1423 703 1591 733 laboribus
1607 703 1830 738 intendamus,
1849 703 2024 741 presertim
2039 712 2114 733 cum
2130 712 2189 733 nos
2204 703 2341 742 preben-

1335 756 1410 785 dam
1440 756 1474 785 in
1505 756 1619 786 eadem
1649 756 1795 797 ecclesia·
1821 756 1968 794 proximo
2004 760 2193 786 vacaturam
2230 760 2342 786 nostre

1335 808 1604 837 mandaverimus
1616 808 1786 838 donationi
1799 808 1936 843 servari⁷
1952 816 2091 846 persone
2106 808 2222 837 idonee
2236 808 2342 838 conse-

1335 860 1486 895 rendam,
1506 861 1721 891 decernentes
1738 861 1871 890 irritum
1887 865 1918 890 et
1941 861 2056 896 inane,
2077 861 2105 891 si
2121 861 2201 899 quid
2216 861 2254 891 de
2271 861 2343 899 ipsa

1335 917 1447 942 contra
1459 913 1651 942 mandatum
1664 918 1814 943 nostrum
1825 912 2030 951 contingeret
2042 913 2240 951 attemptari,
2253 921 2342 943 man-

1335 965 1451 995 damus
1467 970 1647 1004 quatenus,
1665 965 1786 996 litteris
1803 975 1901 1004 super
1922 965 1984 995 hoc
2006 965 2190 1004 impetratis
2207 974 2225 995 a
2246 965 2342 996 nobis

1335 1026 1545 1056 nequaquam
1575 1018 1800 1054 obstantibus,
1833 1018 1897 1048 nisi
1928 1018 2071 1047 decanus
2102 1021 2133 1047 et
2161 1017 2342 1056 capitulum

1335 1070 1483 1109 ejtisdem
1493 1071 1630 1100 ecclesie
1639 1071 1751 1101 Sancti
1761 1070 1909 1101 Marcelli
1919 1071 2026 1109 ipsum
2037 1070 2088 1100 vel
2097 1073 2342 1108 procuratorem

1335 1131 1432 1152 suum
1449 1123 1537 1153 infra
1556 1132 1702 1153 mensem
1718 1127 1791 1162 post
1807 1123 2050 1161 susceptionem
2066 1123 2271 1161 presentium
2287 1131 2341 1153 re-

1292 1187 1295 1196 ’
1334 1176 1481 1214 ceperint
1497 1176 1531 1205 in
1548 1177 1744 1206 canonicum
1758 1180 1789 1206 et
1805 1177 1839 1205 in
1856 1177 2003 1211 fratrem,
2019 1180 2050 1205 et
2065 1176 2153 1205 idem
2169 1169 2341 1214 episcopus

1333 1229 1545 1267 prebendam,
1564 1229 1592 1259 si
1610 1239 1672 1268 qua
1692 1233 1785 1259 vacat
1801 1229 1935 1264 ibidem,
1954 1229 2102 1267 alioquin
2121 1237 2220 1267 quam
2234 1227 2340 1266 primo

1333 1290 1368 1311 se
1393 1281 1533 1311 facultas
1556 1282 1727 1317 obtulerit,
1751 1281 1935 1311 liberaliter
1951 1281 2127 1311 contulerit
2149 1280 2268 1310 clerico
2284 1289 2340 1310 su·
2375 1303 2379 1307 .

1332 1334 1495 1372 pradicto,
1516 1334 1735 1373 peremptorie
1758 1334 1847 1372 ipsos
1871 1343 1908 1363 ex
1932 1338 2023 1372 parte
2042 1337 2154 1363 nostra
2179 1333 2287 1363 citetis
2303 1335 2340 1363 ut

1332 1387 1420 1416 infra
1437 1387 1517 1417 duos
1534 1396 1665 1417 menses
1682 1391 1753 1425 post
1770 1387 1961 1416 citationem
1975 1390 2129 1422 vestram,
2147 1394 2222 1415 eum
2237 1385 2340 1415 omni-

1332 1437 1394 1467 bus
1410 1438 1628 1468 munimentis
1645 1443 1675 1467 et
1694 1438 1880 1468 rationibus
1897 1438 1981 1473 suis,
2002 1446 2060 1476 per
2077 1446 2112 1467 se
2128 1437 2179 1467 vel
2194 1446 2252 1476 per
2269 1445 2340 1475 pro-

1333 1494 1517 1520 curatorem
1542 1491 1715 1525 idoneum⁷
1744 1491 1834 1519 omni
1865 1491 2037 1520 occasione
2065 1499 2100 1519 ac
2128 1489 2339 1519 excusatione

1333 1543 1553 1578 cessantibus,
1572 1547 1781 1582 compareant
1795 1552 1905 1573 coram
1921 1543 2027 1577 nobis,
2046 1543 2164 1573 facturi
2181 1546 2211 1572 et
2227 1551 2340 1581 recep-

1333 1595 1399 1624 turi
1415 1595 1502 1634 quod
1517 1595 1689 1626 dictaverit
1706 1596 1783 1625 ordo
1796 1595 1893 1634 juris.
1909 1595 2003 1632 Quod
2018 1595 2046 1625 si
2065 1604 2130 1625 non
2147 1603 2260 1625 omnes
2277 1597 2338 1624 etc.

1334 1648 1406 1677 Dat.
1422 1648 1584 1685 Anagnic,
1602 1649 1665 1678 VII
1683 1648 1757 1677 idus
1774 1647 1946 1682 februarii,
1965 1656 2050 1677 anno
2067 1651 2168 1677 sexto.
2191 1659 2203 1673 »

1407 1826 1425 1852 Ι
1434 1825 1522 1854 089

1369 1887 1597 1921 Archiepiscopo
1616 1886 1782 1920 Maguntino
1798 1885 1942 1919 significat
1958 1893 1989 1911 se
2006 1885 2243 1919 compositionem
2266 1885 2340 1910 inter

1332 1935 1465 1961 cumdem
1486 1935 1736 1968 archiepiscopum
1759 1937 1787 1960 et
1808 1932 1982 1965 Conradum,
2005 1933 2194 1967 lantgravium
2214 1932 2338 1959 Thurin-

1332 1983 1395 2017 giae
1406 1983 1562 2017 juniorem,
1580 1990 1667 2017 super
1682 1985 1776 2008 castro
1793 1981 1827 2008 de
1839 1981 1958 2008 Hilebec
1968 1983 2012 2014 (=
2024 1981 2250 2015 Heiligenberg),
2263 1980 2338 2006 villis

1331 2034 1360 2058 et
1375 2031 1438 2057 aliis
1455 2031 1551 2061 rebus,
1570 2030 1711 2057 mediante
1727 2030 1865 2064 magistro
1884 2029 2013 2056 Conrado
2030 2028 2064 2055 de
2080 2029 2216 2064 Marburg
2231 2029 2338 2056 amica-

1893 1823 2019 1858 Anagni‚
2039 1824 2052 1849 4
2068 1823 2171 1850 fevrier
2188 1822 2266 1850 1233.

1292 2071 1293 2076 ¹
1331 2079 1427 2106 biliter
1452 2079 1559 2109 initam,
1586 2079 1766 2106 confirmare.
1793 2093 1825 2097 -
1849 2078 1930 2112 (Ruso.
1960 2078 2000 2109 16,
2026 2078 2045 2104 f.
2072 2078 2104 2104 86
2129 2083 2168 2110 r⁰;
2194 2085 2260 2104 ann.
2284 2075 2336 2111 VI,

1330 2136 1355 2154 c.
1372 2128 1441 2159 286;
1458 2142 1492 2148 —
1509 2127 1678 2155 Ronsanssno
1695 2127 1767 2160 509.)

1372 2241 1385 2255 «
1408 2251 1427 2257 ..
1447 2229 1671 2266 archiepiscopo
1692 2229 1882 2265 Massumt'no.
1908 2228 1953 2257 Ea
1972 2237 2034 2266 que
2047 2227 2172 2266 judicio
2192 2244 2240 2255 -.
2260 2227 2334 2256 Dat.

1329 2281 1492 2319 Anagnie‚
1511 2282 1543 2311 II
1562 2289 1666 2311 nonas
1684 2281 1856 2316 februarii,
1877 2290 1963 2310 anno
1980 2285 2080 2311 sexto.
2102 2292 2114 2306 υ

1405 2453 1425 2479 1
1432 2451 1523 2480 090

1366 2513 1471 2539 Abbati
1494 2517 1522 2539 et
1541 2514 1694 2540 conventui
1717 2513 1752 2539 de
1774 2513 1872 2547 Burgo
1891 2516 1989 2539 notum
2011 2512 2077 2539 facit
2099 2520 2130 2538 se
2151 2512 2279 2539 inhibere
2301 2519 2336 2538 ne

1330 2560 1395 2595 quis
1414 2569 1464 2595 pro
1484 2561 1736 2588 benedictionibus
1755 2561 1889 2588 abbatum
1908 2561 1956 2595 qui
1977 2569 2027 2596 pro
2044 2564 2171 2595 tempore
2187 2561 2293 2587 fuerint
2306 2561 2335 2587 in

1329 2617 1429 2636 eorum
1446 2610 1630 2640 monasterio,
1648 2610 1691 2635 vel
1707 2609 1886 2636 installandis
1902 2609 2020 2640 eisdem,
2038 2608 2143 2643 aliquid
2160 2609 2276 2643 exigere
2291 2609 2335 2635 vel

1330 2660 1501 2691 extorquere
1516 2657 1550 2683 ab
1566 2657 1609 2683 eis
1626 2662 1798 2692 praesumat.
1820 2672 1853 2678 —
1873 2657 1957 2691 (nm.
1977 2657 2024 2690 16,
2042 2657 2061 2684 f.
2078 2657 2112 2684 86
2128 2664 2173 2690 v⁰;
2191 2665 2257 2684 ann.
2275 2655 2334 2691 VI,

1329 2713 1355 2732 o.
1371 2705 1450 2739 287.)

1867 2451 1992 2486 Anagni,
2009 2451 2168 2485 Q9janvie1·
2185 2450 2262 2478 1233.

1371 2817 1384 2832 «
1406 2828 1425 2834 ..
1443 2807 1544 2836 abbati
1565 2811 1590 2835 et
1613 2808 1776 2836 conventui
1791 2807 1824 2836 de
1844 2808 1957 2845 Buryo,
1982 2807 2100 2836 ordinis
2121 2807 2221 2836 sancti
2241 2806 2335 2836 Bene-

1330 2859 1420 2894 dicti,
1439 2860 1661 2889 Lincolniensis
1680 2860 1814 2890 diocesis.
1839 2859 1998 2890 Precibus
2013 2859 2133 2890 vestris
2151 2859 2335 2897 benignum

1329 2926 1378 2940 —.
1390 2911 1464 2941 Dat.
1479 2911 1642 2950 Anagnie,
1655 2913 1724 2942 IIII
1739 2912 1898 2943 kalendas
1912 2912 2085 2947 februarii,
2099 2920 2185 2942 anno
2201 2914 2302 2942 sexto.
2317 2922 2331 2938 n
