2498 3242
190 314 249 345 965
1049 300 1263 339 SEPTIEME
1285 300 1446 336 ANNEE.
2243 304 2302 334 900

191 379 270 410 dum
287 379 323 409 in
340 378 424 418 ipsis
440 378 589 409 cenobiis
605 378 657 409 vel
672 379 707 408 in
725 378 801 408 aliis
818 377 858 408 ad
879 386 942 416 qne
964 375 1088 406 fuerint
1105 373 1207 404 desti-

192 433 281 469 nati,
305 440 479 471 quousque
501 431 681 462 eorundem
704 430 945 461 monasterium
967 429 1007 459 ab
1030 436 1129 458 onere
1156 436 1208 457 re-

193 485 322 525 spirare
353 484 461 515 valeat
491 484 695 519 debitorum,
725 488 756 514 et
786 484 921 513 abbates
954 492 990 512 ae
1026 484 1208 511 conventus

194 539 344 578 ipsorum
357 537 397 568 ad
413 537 625 568 retinendum
643 537 786 571 eosdem,
805 546 879 567 cnm
897 545 961 566 non
981 534 1092 573 plures
1109 542 1208 572 quam

195 591 259 621 duo
276 590 317 621 ad
330 590 464 630 aliquod
478 590 719 620 monasterium
733 590 800 619 sint
818 588 1019 618 transmissi.
1036 596 1071 617 ac
1089 586 1209 616 carita-

195 643 262 674 tive
294 643 499 678 tractandos,
531 642 714 672 monitione
744 642 918 680 premissa.
948 650 1005 679 per
1034 647 1209 670 censuram

196 695 481 732 ecclesiasticam,
513 695 746 734 appellationis
773 694 911 731 ditt'ugio
943 702 1007 723 non
1038 693 1207 726 obstante,

198 749 388 788 compellas.
420 750 494 779 Dat.
526 748 698 784 Laterani,
731 748 810 778 XVI
839 746 999 777 kalendas
1030 744 1207 779 februarii,

197 810 286 832 anno
302 802 454 840 septimo.
475 814 487 827 n

270 979 386 1007 {⁵254

231 1039 376 1075 Episcopo
400 1039 578 1066 viterbiensi
594 1039 744 1066 confirmat
767 1040 988 1066 concessionem
1011 1048 1026 1065 a
1044 1038 1212 1065 Viterbien-

195 1088 279 1115 sibus
295 1089 465 1115 consulibus
481 1093 510 1114 et.
526 1088 630 1123 populo
646 1088 681 1114 de
699 1090 767 1123 jure
782 1088 858 1122 quod
881 1088 1024 1114 habebant
1039 1087 1066 1113 in
1088 1087 1212 1114 ecclesia

195 1137 320 1164 Sanctae
336 1137 442 1164 Mariae
457 1137 492 1163 de
515 1136 674 1164 Palenzano
691 1145 744 1163 nec
762 1145 816 1163 non
834 1140 861 1164 et
878 1137 913 1163 de
929 1140 1023 1163 castro
1040 1136 1210 1171 Bagnariae,

195 1185 392 1213 Viterbiensis
408 1186 564 1218 dioecesis,
585 1186 763 1221 Rlayneriol,
782 1187 920 1221 episcopo
933 1185 1120 1215 viterbiensi,
1131 1186 1212 1220 ejus-

195 1243 253 1270 que
269 1235 411 1261 ecclesiae
432 1235 589 1262 factam.—
603 1234 687 1269 (Rau.
704 1235 745 1266 17,
757 1235 775 1261 f.
798 1234 847 1261 140
863 1241 907 1265 r⁰;
925 1242 991 1261 ann.
1010 1233 1080 1265 Vll,
1098 1242 1124 1262 c,
1142 1234 1210 1267 505;

194 1296 232 1304 -—
249 1283 367 1311 Monam
385 1283 467 1315 1188,
486 1283 504 1309 s.
522 1282 590 1310 302:
608 1298 640 1302 -—
659 1282 806 1309 Poi'rnasr
822 1282 913 1314 9380.)

752 977 867 1009 Latran,
884 978 1044 1011 27janvie1·
1064 976 1139 1003 1234.

240 1397 253 1411 «
279 1407 298 1413 ..
320 1385 455 1422 episcopo
481 1384 668 1413 viterbiensi.
693 1383 776 1415 Cum
795 1392 814 1413 a
835 1383 931 1413 nobis
954 1401 1003 1412 —.
1025 1384 1097 1413 Dat.
1117 1384 1213 1414 Late-

197 1437 284 1473 rani,
304 1438 351 1467 VI
367 1436 527 1467 kalendas
547 1436 720 1472 februarii,
739 1445 826 1466 anno
844 1436 994 1475 septimo.
1018 1449 1029 1462 »

273 1617 292 1643 Ι
304 1616 390 1644 '255

233 1678 334 1706 Eidem
350 1678 483 1705 concedit
499 1679 662 1705 facultatem
682 1678 824 1705 retinendi
842 1678 996 1705 ecclesiam
1014 1678 1138 1705 Sanctae
1154 1678 1214 1705 Ma-

195 1726 256 1754 riae
271 1727 306 1753 de
324 1726 498 1759 palenzano,
517 1727 659 1754 ecclesiae
677 1726 855 1753 viterbiensi
871 1727 1049 1762 subjectam,
1067 1735 1134 1754 cum
1150 1735 1215 1754 om-

196 1775 283 1802 nibus
304 1775 422 1810 Juribus
446 1780 474 1802 et
499 1775 682 1810 pertinentiis
708 1776 781 1802 suis.
802 1789 839 1796 —
860 1775 943 1810 (Rau.
971 1776 1019 1808 17,
1045 1775 1064 1802 f.
1093 1775 1143 1802 140
1168 1782 1212 1806 r⁰;

194 1832 263 1852 ann.
283 1823 347 1857 Vll,
363 1833 390 1851 c.
407 1824 475 1856 5063
491 1838 528 1844 -
544 1823 692 1851 Porrnisi·
707 1824 798 1855 9384.)

756 1615 871 1647 Latran,
889 1615 921 1643 30
934 1615 1045 1650 janvier
1066 1615 1140 1642 1234.

239 1938 252 1953 «
270 1927 387 1956 Eidem.
406 1927 445 1956 Et
462 1930 519 1956 tna
537 1925 674 1964 supplex
690 1944 739 1955 —.
757 1927 831 1956 Dat.
851 1926 1019 1961 Laterani,
1036 1927 1086 1956 III
1102 1926 1214 1956 kalen-

197 1979 257 2010 das
273 1979 448 2014 februarii,
470 1987 557 2009 anno
573 1979 727 2017 septimo.
748 1991 760 2005 n

271 2158 386 2187 1³25ss
782 2158 895 2191 Latran,
910 2158 924 2186 3
942 2159 1048 2185 sevrier
1064 2159 1141 2186 1234.

234 2219 262 2246 J.
280 2219 430 2246 Cresconii
449 2218 666 2250 archidiacono,
683 2219 793 2246 cantori
810 2223 838 2246 et
858 2219 912 2252 M.,
935 2219 1012 2246 dicto
1027 2219 1140 2252 Judici,
1164 2229 1215 2247 ca-

198 2268 304 2295 nonico
313 2266 565 2303 Compostollanis,
575 2267 844 2301 mandatquatenus
856 2267 1065 2294 correctionem
1076 2277 1091 2294 a
1104 2268 1138 2295 D.
1152 2268 1217 2295 Fer-

198 2316 285 2343 nandi
301 2321 331 2344 et
355 2315 385 2343 F.
404 2315 545 2347 Gomezii,
571 2316 731 2348 monachis,
759 2317 838 2342 vices
859 2316 1050 2343 Samonensis
1072 2320 1101 2343 et
1121 2316 1215 2344 Cellae

197 2364 298 2392 Novae
313 2365 449 2392 abbatum
461 2386 467 2397 ,
484 2364 665 2391 visitatorum
682 2365 924 2392 monasteriorum
943 2365 1133 2399 Legiotiensis
1148 2374 1216 2400 pro-

199 2415 324 2446 vinciae,
337 2413 516 2448 gerentibus,
529 2413 557 2440 in
569 2413 745 2440 monasterio
757 2412 880 2440 Sanctae
893 2412 1050 2440 Columbae
1062 2413 1097 2440 de
1107 2413 1214 2447 Naves,

202 2463 362 2490 Auriensis
385 2462 538 2494 dioecesis,
562 2462 724 2489 institutam
746 2462 852 2489 saciant
871 2462 1037 2494 observari;
1055 2464 1079 2489 si
1100 2463 1170 2498 quid
1187 2464 1214 2490 in

200 2513 306 2548 prioris
322 2512 461 2547 praedicti
483 2511 664 2543 monasterii,
681 2515 750 2538 tunc
771 2511 914 2544 absentis,
933 2511 1142 2546 praejudicium
1167 2522 1217 2547 per

198 2561 294 2589 dictos
310 2560 485 2592 visitatores,
503 2560 546 2586 vel
563 2567 614 2595 per
630 2560 807 2586 Auriensem
824 2560 1009 2595 episcopum,
1026 2560 1082 2587 loci
1098 2561 1217 2588 dioece-

199 2617 303 2638 sanum
314 2631 320 2642 ,
337 2612 437 2636 contra
452 2609 596 2644 justitiam
612 2608 658 2635 vel
673 2608 872 2636 observantias
889 2609 1038 2644 regulares
1053 2609 1217 2636 invenerint

199 2666 267 2686 esse
283 2662 515 2694 praesumptum,
535 2658 564 2684 in
581 2661 689 2684 statum
704 2656 833 2684 debitum
850 2662 997 2685 revocent.
1014 2673 1047 2679 —
1065 2657 1150 2692 (Rau.
1170 2659 1216 2691 17,

196 2707 217 2734 s.
237 2707 288 2734 ¹40
304 2713 347 2739 r⁰;
364 2715 431 2734 ann.
451 2705 516 2739 vn,
533 2714 560 2735 c.
576 2706 648 2741 507.)

238 2820 253 2836 α
278 2810 305 2839 J.
330 2809 484 2839 Crescoaic'
501 2808 738 2843 archidiacono,
761 2813 787 2837 et
812 2831 829 2836 ..
858 2809 981 2838 cantori
1004 2813 1030 2838 et
1056 2809 1112 2843 M„
1137 2809 1217 2838 dicto

198 2863 314 2896 ludici,
334 2863 482 2892 canonico
499 2862 757 2900 Composteltanis.
775 2861 985 2892 Constitutus
1000 2861 1033 2891 in
1047 2862 1218 2900 presentia

202 2919 317 2946 nostra
341 2914 482 2945 dilectus
505 2914 595 2944 filins
620 2937 640 2945 ..
666 2914 757 2953 prior
783 2914 978 2945 monasterii
1007 2915 1126 2945 Sancte
1153 2914 1217 2945 Co-

200 2967 314 2998 lumbe
336 2967 375 2998 dc
398 2968 525 2998 Nax-es.
547 2967 675 2997 ordinis
697 2967 803 2997 sancti
827 2967 1012 3003 Benedicti,
1038 2976 1099 2997 sua
1121 2967 1217 2998 nobis

1289 372 1450 411 petitione
1467 371 1664 402 monstravit
1683 370 1786 410 quod.
1806 379 1879 400 rum
1896 369 1974 399 olim
1998 393 2014 398 ..
2037 370 2252 399 Samonensis
2272 374 2303 400 et

1293 447 1312 453 ..
1337 424 1426 454 Celle
1448 425 1539 454 Nove
1561 424 1714 458 abbates,
1738 423 1926 452 visitatores
1944 422 2221 452 monasteriorum
2242 423 2303 452 Le-

1291 476 1462 514 gionensis
1482 476 1674 514 provincie¹
1693 485 1710 505 a
1728 474 1910 504 venerabili
1929 476 2028 504 t'ratre
2045 479 2156 504 nostro
2173 498 2193 503 ..
2212 475 2303 505 Sabi-

1291 529 1387 559 nensi
1405 529 1573 567 episcopo,
1596 533 1672 558 tnnc
1687 528 1794 565 legato
1810 527 1904 556 Sedis
1919 527 2124 565 Apostolice.
2144 527 2302 565 deputati.

1291 582 1328 611 D.
1349 581 1514 611 Fernaudi
1532 585 1560 611 ct
1583 582 1616 611 F.
1635 580 1779 611 Gomezii
1799 580 1977 609 monachos
1995 580 2034 609 ad
2054 582 2217 617 pru-satum
2236 590 2305 610 ino-

1292 635 1475 664 nasterium
1493 634 1728 668 destinassent,
1747 638 1781 661 ut
1796 633 1842 661 ibi
1860 633 1928 661 vit-⁴·
1947 643 2005 661 sna
2022 633 2224 663 visitationis
2239 635 2305 663 otti-

1291 687 1379 717 cium
1392 691 1594 722 ⁴,=xe1·cci·ent,
1609 686 1688 716 dicti
1702 685 1866 720 monachi,
1883 695 1946 714 non
1960 691 2072 715 vocato
2085 686 2171 715 dicto
2184 686 2303 724 priore.

1292 740 1349 779 qui
1370 749 1434 769 non
1456 749 1493 770 ex
1512 739 1656 771 malitia,
1675 739 1731 769 sed
1751 748 1808 776 pro
1826 738 1931 776 ipsius
1951 739 2145 767 inonastvrii
2164 739 2305 775 negotiis

1292 793 1413 823 absens
1433 796 1518 827 erat,
1537 796 1567 821 et
1585 792 1718 821 comode
1737 795 1863 830 poterat
1886 791 2033 825 evocari,
2052 791 2305 829 inquisitionem

1293 846 1455 876 facientes
1470 845 1604 880 ibidem,
1623 844 1763 883 quedam
1782 844 1919 873 sinistra
1939 844 1977 873 ‹le
1995 844 2066 881 ipso
2083 844 2208 873 eisdem
2226 844 2307 873 visi-

1294 898 1456 928 tatoribus
1475 897 1679 932 1·etulerunt;
1696 897 1764 935 qui,
1780 900 1929 934 pretextu
1945 896 2177 934 inquisitionis
2195 896 2306 935 liujus-

1295 951 1557 986 riidtli,sece1·11nt
1573 950 1682 989 ipsum
1698 950 1738 979 ab
1752 949 2054 979 annninistratione
2072 949 2236 987 prioratus
2252 959 2308 987 per

1295 1003 1519 1034 venerabilem
1534 1003 1669 1033 fratrem
1688 1006 1838 1032 nostrum
1854 1025 1872 1030 ..
1889 1001 2087 1031 Auriensem
2103 1002 2305 1040 episcopum.

1294 1057 1356 1088 loci
1381 1058 1610 1092 diocesanum,
1632 1056 1846 1094 pretermisso
1864 1055 1951 1095 juris
1970 1056 2102 1087 ordine,
2125 1056 2304 1090 re1110veri;

1294 1116 1426 1150 propter
1442 1111 1528 1149 quod
1547 1110 1635 1140 idem
1651 1109 1740 1148 prior
1757 1109 1796 1138 ad
1814 1113 1959 1138 nostram
1978 1108 2181 1138 audientiam
2200 1108 2306 1146 appel-

1294 1164 1390 1199 lavit3
1405 1163 1460 1194 sed
1473 1163 1581 1193 dictus
1593 1163 1778 1201 episcopus,
1793 1162 1863 1200 ejus
1876 1161 2096 1200 appellatione
2106 1166 2304 1200 contempta.

1294 1217 1403 1255 ipsum
1428 1216 1628 1255 quibusdam
1649 1215 1849 1254 equitaturis
1873 1219 1903 1243 et
1927 1215 2025 1244 rebus
2049 1214 2124 1243 aliis
2147 1214 2305 1252 spolians.

1295 1270 1330 1299 in
1347 1270 1474 1308 ipsum,
1493 1269 1520 1299 si
1538 1268 1665 1307 aliquid
1683 1268 1721 1297 de
1738 1268 1834 1297 bonis
1853 1267 1931 1296 dicti
1948 1267 2142 1296 111‹mast‹·1·ii
2160 1268 2308 1305 percipe-

1295 1312 1361 1357 ret,
1385 1321 1738 1352 excominunicationis
1757 1321 1958 1349 sententiam
1978 1320 2216 1358 promulgavit:
2238 1320 2307 1359 qui.

1295 1375 1434 1405 veritate
1460 1375 1572 1409 tacita,
1595 1374 1756 1413 quasdam
1777 1382 1875 1411 super
1892 1373 2064 1411 premissis
2085 1373 2211 1402 litteras
2231 1382 2309 1401 con—

1295 1428 1495 1458 firmationis
1517 1428 1550 1456 in
1572 1427 1739 1457 communi
1760 1427 1865 1455 forma
1890 1426 1998 1455 medio
2021 1430 2165 1463 tempore
2188 1425 2310 1455 dicitur

1296 1481 1504 1519 impetrasse.
1526 1480 1676 1518 Cumque
1698 1488 1768 1511 nos,
1793 1479 1939 1509 volentes
1961 1479 2058 1507 dictis
2081 1478 2309 1507 visitatoribus

1295 1535 1331 1564 in
1354 1534 1415 1564 hac
1439 1537 1532 1572 parte
1553 1533 1693 1567 deferre,
1717 1532 1969 1561 mandassemus
1992 1531 2115 1561 eisdem
2139 1536 2184 1562 nt.
2207 1531 2310 1560 corri—

1297 1591 1412 1626 gentes
1436 1586 1616 1625 prudenter
1637 1585 1665 1615 si
1687 1585 1767 1623 quid
1787 1594 1844 1623 per
1865 1585 1953 1622 ipsos
1977 1584 2025 1612 vel
2048 1594 2105 1622 per
2127 1584 2310 1621 predictum

1297 1640 1489 1678 episcopum
1502 1639 1702 1668 Auriensem
1715 1642 1828 1666 10111111
1838 1637 2003 1676 justitiam
2017 1636 2067 1665 vel
2081 1635 2310 1665 observantias

1296 1692 1466 1731 regulares
1491 1691 1603 1721 existit
1623 1690 1658 1720 in
1680 1690 1751 1729 ejus
1772 1689 1992 1728 prnjudicium
2015 1694 2255 1727 attemptatum,
2277 1689 2309 1717 in

1297 1745 1474 1775 commisso
1497 1743 1562 1774 sibi
1585 1743 1717 1781 negotio
1739 1743 1831 1781 juxta
1856 1742 1994 1771 formam
2021 1742 2069 1771 eis
2093 1742 2247 1770 traditam
2272 1742 2312 1771 ab

1297 1798 1411 1829 eodeni
1433 1797 1585 1836 episcopo
1609 1796 1788 1826 Sabinensi
1812 1795 2043 1834 procederent,
2068 1795 2228 1824 balantes
2256 1805 2311 1833 pre

1296 1851 1402 1881 oculis
1419 1850 1526 1880 solum
1543 1851 1660 1884 Deum,
1678 1849 1743 1887 ipsi
1758 1849 1950 1878 mandatnm
1966 1854 2115 1878 nostrum
2131 1848 2311 1886 adimpler«¹

1297 1904 1452 1943 requisiti
1483 1903 1609 1942 pluries
1643 1907 1838 1932 rennerunt.
1870 1903 1978 1938 Quare
2013 1901 2108 1931 nobis·
2139 1901 2311 1930 humiliter

1298 1957 1496 1996 supplicavit
1515 1960 1567 1990 ut,
1587 1965 1627 1985 ne
1648 1964 1705 1994 pro
1722 1955 1852 1985 defectu
1867 1955 1998 1993 justitie
2015 1964 2074 1984 suo
2088 1955 2162 1993 jure
2180 1954 2312 1983 fraude-

1297 2015 1366 2045 tur,
1396 2010 1461 2040 sihi
1485 2009 1658 2048 providere
1684 2008 1946 2038 misericorditer
1971 2008 2196 2043 dignarennlr.
2226 2007 2311 2043 Quia

1297 2073 1374 2095 vero
1390 2064 1476 2093 dicto
1493 2063 1596 2101 priori
1612 2062 1646 2091 in
1660 2071 1720 2092 suo
1733 2062 1808 2101 jure
1825 2062 1938 2091 deesse
1957 2070 2020 2089 non
2039 2069 2232 2098 possumus.
2252 2060 2308 2098 qni

1298 2125 1413 2147 sumus
1428 2115 1583 2145 omnibus
1600 2115 1634 2144 in
1647 2115 1779 2154 justitia
1795 2114 1972 2143 delatores.
1989 2114 2184 2143 mandamus
2199 2118 2310 2151 quate-

1299 2180 1372 2205 nns,
1396 2170 1424 2199 si
1445 2174 1493 2199 est
1515 2169 1572 2204 ita,
1595 2168 1834 2198 correctionem
1856 2167 2018 2197 dictorum
2044 2167 2252 2195 visitatorum
2277 2167 2309 2195 in

1298 2224 1411 2253 eodem
1429 2222 1630 2252 monasterio
1646 2220 1845 2259 regulariter
1858 2221 1978 2249 factam
1998 2220 2157 2249 facientes
2172 2220 2312 2249 tirmiter

1297 2276 1480 2311 observari,
1501 2275 1529 2304 si
1553 2274 1633 2313 quid
1654 2274 1689 2303 in
1710 2274 1788 2303 dicti
1810 2273 1931 2312 prioris
1955 2273 2174 2311 prejudicium
2198 2277 2309 2301 contra

1294 2329 1461 2369 justitiam
1479 2328 1530 2358 vel
1546 2327 1776 2358 observantias
1793 2326 1962 2363 regulares
1980 2335 2037 2364 per
2050 2335 2105 2355 eos
2121 2325 2171 2355 vel
2187 2325 2311 2363 predic-

1298 2387 1367 2412 tum
1382 2382 1574 2420 episcopum
1587 2380 1786 2410 inveneritis
1800 2388 1872 2410 esse
1887 2383 2127 2418 presmnptum,
2142 2378 2175 2407 in
2189 2382 2309 2407 statum

1298 2435 1458 2473 debitum,
1474 2434 1626 2464 submoto
1640 2432 1873 2471 appellationis
1891 2431 2078 2465 obstaculo,
2097 2430 2244 2468 legitime
2260 2439 2312 2459 re-

1299 2488 1439 2523 vocetis;
1459 2487 1621 2517 facientes
1639 2490 1700 2516 etc.
1718 2486 1832 2515 Testes
1851 2489 1961 2515 antem
1981 2489 2042 2513 etc.
2061 2483 2171 2514 Nullis
2190 2483 2309 2512 litteris

1300 2541 1431 2572 veritati
1457 2544 1488 2571 et
1510 2539 1641 2579 justitie
1668 2538 1953 2577 prejudicantilms
1980 2542 2040 2567 etc.
2069 2536 2161 2573 Quod
2189 2536 2217 2565 si
2246 2544 2308 2564 non

1299 2603 1414 2624 omnes
1434 2597 1493 2623 ete.
1518 2593 1589 2623 Dat.
1616 2591 1789 2625 Laterani,
1815 2591 1865 2620 ΙΙΙ
1889 2599 1993 2619 nonas
2017 2589 2195 2619 februarii.
2225 2597 2311 2617 anno

1300 2648 1452 2686 septimo.
1476 2659 1488 2673 »

1853 2801 1967 2829 Lati-an,
1991 2802 2025 2826 le‘
2042 2800 2145 2827 sevrier
2165 2800 2240 2827 ¹234.

1373 2805 1486 2834 ¹252

1335 2867 1479 2903 Episcopo
1502 2866 1687 2896 Bononiensi,
1708 2868 1805 2899 parato
1827 2872 1877 2899 pro
1899 2863 2043 2890 universis
2060 2867 2088 2889 et
2109 2862 2234 2896 singulis
2250 2862 2314 2888 suis

1333 2976 1353 3000 1.
1369 2978 1418 3000 Ms.
1435 2985 1441 2999 ;
1458 2974 1632 2999 Provincien.
