2498 3242
236 276 296 303 *2⁸7

243 374 254 381 ··
279 357 462 389 sentiendo,
481 354 708 394 promittentes
733 361 792 382 nos
807 351 980 390 judicium.
1007 347 1239 378 diffinitionem

243 428 254 433 ··
279 419 336 440 seu
366 409 605 439 ordinationem
633 405 737 444 ipsius
767 405 799 434 in
817 405 1008 442 perpetuum
1037 408 1180 433 servare,
1210 400 1241 428 et

243 481 245 483 -
281 462 370 492 nullo
399 463 543 498 tempore
567 457 811 489 contravenire:
841 454 1058 485 renuntiando
1085 452 1240 482 omnibus

242 531 254 538 ··
275 513 457 553 jndicibus,
478 510 783 543 commissionibus,
796 508 1006 548 processibus
1028 507 1057 535 et
1080 505 1239 541 actisque

241 585 251 590 m
278 567 373 597 nobis
397 564 624 603 competebant
650 563 701 593 vel
721 563 903 601 competere
922 560 1054 598 possent
1083 558 1115 586 in
1142 564 1239 586 causa

239 635 251 643 ··
278 620 352 649 ista.
371 619 407 649 In
431 619 526 655 cujus
544 617 589 646 rei
612 616 850 647 testimoninm,
869 613 908 643 ad
928 612 1083 649 majorem
1103 608 1238 648 premis-

239 688 251 695 ··
279 681 390 702 sorum
409 671 557 700 omnium
574 669 773 699 tirmitatem,
795 667 963 706 presentes
980 665 1103 694 litteras
1120 661 1238 691 exinde

239 739 251 748 υ
275 725 440 755 consectas
456 723 564 761 sigillo
583 723 694 751 nostro
712 720 869 750 duximus
884 716 1095 748 roborandas.
1120 716 1238 744 Actum

241 795 243 800 ν
277 777 406 810 Meldis,
424 785 510 806 anno
526 774 658 805 Domini
679 771 880 804 Mttcxxv,
896 778 1008 800 mense
1023 767 1176 798 octobris.
1203 778 1216 792 υ

272 945 370 980 [Carta
389 944 506 977 capituli
524 942 672 968 ›leidensis
693 941 893 975 praecedentes
911 939 1021 966 litteras
1035 937 1157 972 episcopi
1171 936 1237 963 Mel-

234 993 330 1019 ‹l·.·usis
347 989 555 1025 approbantis]

832 1066 942 1097 Meaux,
953 1065 1067 1092 octobre
1088 1065 1137 1089 ¹22

273 1158 286 1170 ἰ
312 1151 317 1170 ⁴
331 1144 476 1174 >mnibus
486 1144 654 1181 presentes
665 1142 789 1171 litteras
801 1141 999 1179 inspecturis
1013 1140 1189 1170 ..decanus
1206 1139 1237 1169 et

235 1212 247 1222 ··
274 1220 294 1226 ..
323 1196 470 1227 lii-tonsis
496 1197 526 1225 et
551 1218 571 1224 ..
598 1194 779 1224 Melitensis
805 1193 1039 1227 archidiaconi,
1066 1193 1235 1230 totumque

235 1265 247 1275 υ
273 1250 452 1280 Melitensis
463 1248 600 1278 ecclesie
611 1247 803 1285 capitulum,
814 1246 953 1276 salutem
966 1245 1162 1275 inDomino.
1171 1245 1235 1275 No-

234 1316 247 1327 »
273 1303 354 1332 verit
375 1301 576 1332 universitas
599 1302 707 1330 vestra
726 1308 785 1329 nos
811 1299 937 1329 litteras
962 1298 1163 1328 venerabilis
1179 1306 1235 1337 pa-

234 1371 246 1379 ·=
272 1356 331 1385 tris
356 1355 407 1388 P..
423 1353 569 1393 episcopi
594 1353 708 1386 nostri,
731 1352 842 1390 sigillo
866 1352 1013 1390 signatas
1036 1351 1235 1390 inspexisse.

235 1425 246 1431 υ
272 1408 412 1438 formam
427 1406 617 1445 hujusmodi
631 1406 837 1435 continentes
856 1415 861 1434 z

272 1474 285 1484 υ
310 1461 362 1494 P.,
375 1460 436 1490 Dei
449 1460 552 1497 gratia
566 1458 746 1489 Melitensis
755 1458 930 1496 episcopus
943 1459 1019 1491 etc„
1034 1458 1068 1487 ut
1081 1457 1235 1496 superius

236 1528 246 1536 »
272 1513 468 1542 continetur.
485 1527 497 1536 ··
1024 1508 1026 1510 ’

272 1580 283 1589 ¹<
311 1566 379 1595 Nos
390 1565 500 1601 igitur,
509 1564 764 1603 prescriptarum
775 1563 957 1593 litterarum
969 1564 1081 1592 tenore
1093 1562 1234 1599 diligen-

235 1635 245 1641 ν·
271 1620 318 1648 ter
337 1617 629 1656 inspect0,t‘actum
644 1616 722 1646 ‹licti
738 1616 884 1654 episcopi
903 1616 1004 1645 nostri
1023 1615 1056 1645 in
1067 1615 1125 1645 hac
1143 1616 1234 1654 parte

234 1687 245 1693 -ι
272 1670 528 1708 approbavimus
554 1671 584 1699 et
607 1671 711 1699 ratum
733 1668 923 1702 habuimus,
956 1669 1106 1698 nostrum
1136 1677 1235 1706 super

236 1739 246 1746 ν·
271 1723 443 1761 premis->is
473 1723 627 1752 omnibus
652 1722 878 1760 impertientes
903 1729 1087 1751 assensum.
1116 1721 1154 1750 In
1175 1721 1233 1750 hu-

234 1792 245 1797 n
267 1775 412 1813 jusmodi
433 1776 543 1813 itaque
561 1775 606 1804 rei
628 1774 867 1813 evidentia'111}‚
897 1774 1006 1812 sigilla
1029 1775 1138 1803 nostra
1162 1782 1233 1812 prc-

234 1845 245 1849 ..
271 1828 419 1857 sentibus
431 1827 589 1857 duximus
601 1827 718 1856 litteris
731 1826 957 1865 appendenda.
970 1827 1086 1856 Actum
1104 1826 1234 1860 Meldis,

234 1895 246 1903 ··
271 1889 356 1909 anuo
372 1880 505 1909 Domini
523 1880 722 1914 Mtzcxxv,
742 1888 854 1909 mense
871 1879 1023 1909 octobris.
1046 1892 1059 1905 η

278 2007 360 2032 Carta
380 2006 551 2037 abbatissae,
569 2008 734 2036 conventus,
752 2005 820 2032 cleri
836 2008 863 2032 ct
880 2005 975 2040 populi
992 2005 1167 2032 Jotrensium
1191 2014 1234 2032 or-

228 2055 367 2081 dinationi
388 2055 508 2081 ltomaui
527 2054 682 2080 cardinalis
698 2062 727 2080 se
743 2054 1019 2089 committentium.]

827 2176 934 2207 Meaux,
951 2177 1066 2203 octobre
1085 2178 1160 2203 1225.

270 2265 282 2274 ι’
309 2251 473 2281 Omnibus
485 2252 653 2289 presentes
670 2250 795 2280 litteras
809 2251 1008 2290 inspecturis
1027 2275 1047 2281 ..
1065 2252 1233 2282 abbatissa

240 2318 244 2327 1
268 2306 297 2334 ct
314 2303 625 2336 coiiventus,clerus
641 2304 670 2332 et
688 2303 1023 2341 populus-lotrenses,
1043 2304 1184 2335 salutem
1199 2306 1232 2335 in

234 2372 244 2380 »ν
272 2357 423 2387 Domino.
444 2356 581 2385 Noverit
595 2356 795 2385 universitas
812 2358 920 2386 vestra
933 2357 1030 2395 quod,
1050 2366 1124 2387 cum
1142 2359 1231 2394 (eto,

234 2427 244 2431 vs
271 2411 303 2438 ut
322 2409 354 2438 in
373 2409 589 2437 instrumento
609 2408 645 2437 1¹.
666 2409 835 2446 episcopis.
860 2409 898 2438 In
914 2410 1009 2448 cujus
1027 2410 1073 2439 rei
1090 2411 1231 2440 testimo-

242 2480 244 2483 >
272 2462 374 2493 nium,
394 2461 432 2489 ad
452 2461 609 2498 majorem
625 2461 862 2497 premissorum
878 2462 1026 2492 omnium
1044 2463 1233 2494 firmitatem

234 2531 245 2537 Ἰ»
269 2516 436 2552 present-fs
458 2513 583 2542 litteras
601 2513 718 2542 exinde
739 2514 904 2543 consectas
926 2523 985 2544 nos
1011 2515 1180 2545 abbatissa
1204 2517 1235 2546 et

233 2582 244 2588 ιι
268 2567 450 2595 conventus
472 2565 591 2603 sigillis
609 2566 730 2595 nostris
747 2566 904 2596 duximus
924 2567 1137 2598 roborandas.
1164 2569 1233 2598 Nos

233 2635 244 2642 ‚.
270 2627 346 2647 vero
362 2618 470 2647 (sb-rus
486 2620 517 2647 et
531 2618 686 2656 populus,
705 2618 783 2656 quia
801 2618 947 2655 sigillum
973 2621 1142 2657 proprium
1167 2629 1233 2651 non

242 2689 243 2692 =
270 2671 440 2703 habemus,
453 2670 575 2699 eisdem
588 2670 708 2708 sIgillis
721 2670 886 2701 abbatisse
896 2672 927 2701 et
941 2674 1122 2702 conventus
1135 2673 1233 2703 fidem

233 2740 243 2745 υ
269 2723 424 2752 volumus
441 2723 665 2753 omnimodam
683 2723 843 2753 adhiberi.
863 2725 981 2754 Actum
998 2725 1130 2759 Meldis,
1148 2734 1233 2756 anno

241 2792 245 2799 »
271 2775 406 2805 bomini
425 2775 624 2809 Mucxxv,
643 2784 755 2805 mense
772 2776 926 2806 octobris.
946 2789 960 2803 »

272 2872 285 2881 ιι
310 2859 378 2888 Nos
395 2861 514 2893 autem,
534 2859 718 2889 rationibus
734 2859 905 2898 utriusque
931 2860 1034 2898 partis
1059 2860 1233 2899 diligenter

234 2928 237 2934 .
271 2911 403 2943 auditis,
438 2912 595 2950 inspectis
624 2912 788 2942 Jotrensis
814 2912 1005 2942 monasterii
1034 2913 1231 2952 privilegiis,

938 262 1184 294 itt-:ulsrlzlis
1209 261 1268 291 DE
1293 253 1524 291 GREGOlnE
1549 262 1607 291 lx.

2248 263 2308 292 288

1305 356 1320 370 υ
1344 344 1454 374 habito
1473 345 1571 374 etiam
1589 354 1689 384 super
1710 346 1770 376 hoc
1796 354 1871 376 cum
1897 346 1978 376 viris
1995 345 2212 384 prudentibus
2228 345 2306 376 dili—

1302 408 1317 423 »
1341 397 1428 435 genti
1438 398 1587 431 tractatu,
1595 398 2049 436 p1·onuntianms‚diftinimus
2060 399 2091 427 et
2099 398 2304 433 ordinamus,

1301 460 1316 474 »
1340 449 1427 487 quod
1453 449 1619 479 abbatissa
1646 450 1675 479 et
1704 451 1886 480 conventus
1915 450 2107 480 monasterii
2140 449 2303 480 Jotrensis

1300 511 1315 526 n
1339 500 1470 535 crisma,
1488 500 1597 530 oleum
1619 502 1781 536 sanctum,
1795 502 2058 532 consecrationes
2074 502 2226 532 altarium
2243 509 2302 533 seu

1301 564 1314 579 »
1338 552 1562 588 basilicarum,
1573 553 2021 584 benedictionesmonialium
2034 556 2063 585 et
2075 555 2300 585 ordinationes

1299 616 1314 632 »
1338 605 1545 639 clericorum,
1571 605 1627 644 qui
1655 605 1695 635 ad
1723 606 1856 636 ordines
1881 606 2002 637 fuerint
2029 607 2258 645 promovendi,
2281 615 2300 637 a

1299 669 1313 683 »
1338 657 1423 687 dicto
1439 657 1601 687 Meldonsi
1619 657 1776 696 episcopo
1793 659 1824 688 et
1838 659 2087 689 successoribus
2107 660 2178 689 suis
2195 659 2300 690 susci-

1300 721 1314 735 »
1339 709 1441 747 piant,
1460 711 1490 739 et
1506 718 1571 740 non
1589 710 1629 739 ab
1651 710 1736 745 aliis,
1760 710 1926 748 siquidem
1945 711 2126 741 catholicus
2143 712 2252 747 fuerit,
2269 712 2301 743 et

1301 773 1315 789 »
1338 762 1477 799 gratiam
1492 763 1524 792 et
1540 762 1807 792 communionem
1821 762 2009 800 Apostolice
2025 763 2121 794 Sedis
2137 763 2300 800 habuerit,

1300 826 1314 841 υ
1339 816 1369 844 et
1392 823 1430 845 ea
1459 815 1561 853 gratis
1590 816 1621 845 et
1646 815 1717 845 sinc
1742 814 1935 845 difficultate
1961 815 2103 846 voluerit
2133 815 2299 847 exhibere.

1301 878 1314 894 υ
1338 867 1497 906 Alioquin
1511 867 1608 898 liceat
1616 867 1664 897 eis
1674 875 1915 905 quemcumque
1927 867 2093 898 voluerint
2105 867 2301 899 catholicum

1298 931 1312 946 n
1336 920 1426 949 adire
1442 920 1635 954 antistitem,
1653 920 1710 959 qui
1727 920 1775 950 eis
1792 920 1931 950 libenter
1947 919 2100 950 exhibeat
2124 920 2299 959 postulata.

1298 984 1312 999 »
1336 972 1475 1008 Quando
1490 981 1568 1003 vero
1580 973 1772 1011 episcopum
1785 973 1988 1003 Melitensem
2004 972 2045 1002 ab
2060 972 2185 1002 eisdem
2202 972 2299 1003 abba-

1297 1036 1312 1051 »
1333 1025 1415 1054 tissa
1437 1027 1468 1055 et
1485 1026 1649 1055 conventu
1666 1026 1800 1064 propter
1827 1025 1888 1055 hec
1912 1025 2104 1063 exequenda
2126 1024 2302 1063 contigerit

1296 1089 1311 1104 »
1335 1076 2300 1116 evocari,dictusepiscopusexhibeaturhoneste‚cumnul·

1296 1141 1311 1157 »
1335 1129 1388 1160 lus
1404 1131 1564 1164 teneatur,
1584 1130 1765 1160 secundum
1792 1130 2000 1169 Apostolum,
2031 1130 2102 1160 suis
2124 1129 2300 1168 stipendiis

1296 1194 1310 1209 »
1333 1182 1487 1213 militare.
1513 1182 1666 1213 Ceterum
1682 1182 1850 1212 abbatissa
1876 1191 1894 1212 a
1913 1190 2122 1221 quocumque
2145 1181 2300 1213 maluerit

1296 1246 1311 1261 »
1335 1235 1501 1273 episcopo,
1511 1235 1663 1273 [absque]
1672 1235 1878 1274 professione
1890 1236 1921 1265 et
1931 1235 2152 1274 promissione
2164 1234 2299 1273 qu‘usli-

1296 1299 1311 1314 »
1334 1287 1388 1318 bet
1400 1287 1595 1323 obedientie,
1611 1287 1714 1318 libere
1729 1289 1952 1318 consecretur.
1964 1288 2002 1318 In
2016 1288 2171 1318 omnibus
2189 1289 2298 1318 autem

1296 1352 1311 1367 »
1335 1340 1411 1370 aliis
1439 1340 1563 1370 dictum
1594 1340 1833 1371 monasterium
1855 1341 2020 1375 Jotrense,
2049 1348 2124 1370 cum
2140 1340 2298 1371 universo

1296 1404 1311 1420 »
1335 1393 1422 1423 clero
1454 1394 1485 1423 et
1499 1393 1622 1432 populo
1650 1393 1728 1423 ville
1758 1395 1788 1423 et
1806 1393 1977 1432 parrochie
2009 1393 2212 1423 Jotrensium
2233 1393 2297 1423 sibi

1295 1458 1311 1472 »
1335 1445 1502 1482 subiectis,
1520 1446 1786 1484 pronuntiamus,
1799 1446 1985 1476 diffinimus
1999 1446 2030 1475 et
2048 1446 2240 1476 ordinamus
2256 1445 2297 1476 ab

1295 1510 1310 1525 »
1334 1498 1424 1528 omni
1444 1498 1518 1536 jure
1544 1499 1574 1528 et
1592 1498 1825 1535 jurisdictione
1848 1499 2029 1537 episcopali
2050 1499 2081 1528 et
2105 1498 2296 1528 omnimoda

1296 1563 1311 1577 »
1334 1551 1536 1589 subjectione
1568 1550 1748 1581 Meldensis
1775 1551 1912 1581 ecclesie
1938 1551 2072 1581 omnino
2098 1550 2241 1581 liberum
2265 1550 2297 1580 et

1296 1616 1310 1630 »
1334 1605 1534 1642 exemptum,
1562 1604 1604 1633 ita
1622 1604 1709 1641 quod
1733 1604 1765 1634 in
1781 1604 1905 1633 eisdem
1924 1604 2136 1638 monasterio,
2157 1603 2243 1633 clero
2266 1601 2298 1632 et

1295 1669 1310 1683 »
1334 1656 1454 1695 populo
1470 1656 1637 1695 predictis,
1656 1665 1714 1686 seu
1729 1656 1881 1695 personis
1898 1656 2064 1694 aliquIbus
2089 1654 2293 1690 monasterii,

1297 1721 1310 1735 η
1334 1709 1413 1738 ville
1429 1711 1459 1739 et
1475 1709 1645 1747 parrochie
1659 1709 1871 1743 Jotrensium,
1888 1709 1994 1739 dictus
2010 1709 2184 1747 episcopus
2198 1708 2298 1738 eccle·

1296 1774 1310 1788 »
1334 1762 1381 1791 sie
1398 1761 1589 1796 Meldensis‚
1606 1770 1663 1791 seu
1673 1770 1879 1800 quecumque
1893 1761 1958 1791 alia
1970 1761 2150 1791 Meldensis
2161 1761 2297 1792 ecclesie

1296 1827 1310 1840 »
1335 1822 1487 1852 persona,
1500 1822 1559 1844 nec
1580 1814 1843 1853 procurationem
1859 1813 1966 1843 eidem
1982 1813 2136 1852 episcopo
2150 1814 2299 1852 aliquan-

1297 1880 1310 1893 »
1334 1867 1375 1897 do
1385 1867 1494 1897 aSede
1507 1866 1697 1905 Apostolica
1708 1866 1940 1905 adjudicatam,
1949 1875 2006 1896 nec
2018 1866 2109 1897 aliud
2120 1866 2299 1905 quodcum-

1296 1933 1310 1946 »
1334 1928 1409 1958 que,
1428 1921 1536 1958 preter
1546 1919 1719 1958 premissa.
1744 1919 1809 1949 sibi
1828 1919 1935 1949 valeat
1952 1919 2161 1957 aliquatenus
2184 1919 2299 1950 vendi-

1296 1985 1310 1998 »
1334 1980 1418 2002 care.
1437 1971 1547 2002 Salvis
1562 1971 1692 2002 duobus
1708 1971 1829 2001 modiis
1846 1979 1930 2009 quos
1950 1971 2048 2002 habet
2071 1972 2247 2010 episcopus
2265 1971 2300 2002 in

1296 2038 1310 2051 »
1333 2025 1469 2063 grangia
1486 2025 1525 2054 de
1543 2024 1650 2058 Troci‚
1671 2033 1734 2062 que
1752 2026 1801 2054 est
1825 2024 1962 2054 ecclesie
1985 2024 2157 2059 Jotrensis,
2177 2025 2209 2054 et
2225 2032 2299 2054 cera

1295 2090 1309 2103 »
1333 2077 1529 2106 thesaurarii
1539 2076 1731 2106 Melitensis.
1745 2077 1830 2107 Sane
1845 2076 2038 2106 ordinamus
2050 2076 2137 2115 quod
2148 2076 2234 2106 dicta
2243 2075 2298 2106 ab·

1295 2142 1309 2156 »
1332 2129 1456 2159 batissa
1473 2131 1504 2159 et
1520 2130 1701 2159 conventus
1723 2129 1835 2159 decem
1852 2130 1882 2159 et
1900 2130 1971 2159 octo
1988 2129 2116 2159 modios
2132 2128 2221 2158 bladi
2243 2129 2296 2159 de-

1294 2194 1308 2209 »
1332 2181 1462 2211 cimalis
1492 2182 1531 2211 ad
1549 2190 1739 2211 mensuram
1757 2182 1972 2215 Meldensem,
1989 2182 2072 2212 duas
2088 2183 2198 2220 partes
2214 2181 2297 2212 iber-

1294 2247 1308 2261 »
1332 2235 1433 2273 nagii,
1448 2235 1579 2264 tertiam
1595 2235 1721 2273 partem
1738 2243 1852 2270 avene,
1871 2235 2041 2264 annuatim
2057 2235 2211 2273 episcopo
2227 2242 2294 2265 me-

1294 2300 1309 2315 »
1333 2289 1458 2317 morato
1484 2289 1514 2317 ot
1536 2288 1608 2325 ejus
1625 2287 1873 2317 successoribus
1894 2288 1929 2318 in
1947 2289 2141 2326 perpetuum
2167 2287 2293 2326 persol-

1294 2353 1309 2367 »
1334 2341 1412 2370 vant
1420 2340 1507 2378 apud
1518 2340 1687 2374 Malleum,
1703 2340 1789 2369 infra
1801 2340 2070 2370 Purificationem
2079 2340 2172 2370 beate
2181 2340 2296 2375 Marie,

1295 2404 1309 2419 υ
1333 2393 1364 2422 et
1382 2393 1409 2421 si
1426 2392 1552 2421 decima
1569 2392 1717 2431 ejusdem
1737 2392 1815 2422 ville
1834 2392 1874 2422 ad
1896 2392 1973 2422 dicti
1990 2392 2079 2422 bladi
2103 2392 2297 2430 persolutio-

1295 2457 1310 2472 »
1334 2453 1409 2474 nem
1426 2453 1490 2474 non
1504 2444 1681 2477 sufficeret,
1696 2444 1865 2474 residuum
1880 2444 1967 2474 infra
1979 2445 2101 2474 (lictum
2119 2445 2298 2475 terminum

1295 2510 1310 2523 »
1333 2497 1421 2535 apud
1436 2497 1533 2526 Troci
1549 2496 1744 2531 solveretur,
1763 2496 1797 2526 in
1813 2497 1939 2527 decima
1956 2505 2055 2534 quam
2069 2496 2116 2526 ibi
2132 2497 2230 2527 habet
2247 2505 2298 2527 ec·

1295 2561 1310 2576 »
1332 2549 1434 2579 clesia
1449 2549 1629 2579 Jotrensis:
1661 2549 1706 2578 ita
1723 2549 1811 2587 quod
1837 2549 1864 2578 si
1889 2549 2024 2578 bladum
2049 2549 2240 2587 hujusmodi
2265 2551 2299 2580 in

1295 2614 1310 2628 υ
1334 2602 1501 2640 aliquibus
1530 2602 1667 2632 decimis
1696 2602 1875 2632 Meldensis
1902 2602 2045 2632 diocesis
2074 2603 2241 2634 abbatissa
2268 2605 2300 2634 et

1295 2667 1310 2681 »
1334 2655 1516 2684 conventus
1544 2655 1712 2684 Jotrenses
1740 2654 1828 2692 justo
1851 2655 1948 2684 modo
1977 2655 2120 2693 poterint
2145 2656 2295 2695 adipisci,

1296 2718 1310 2733 »
1333 2707 1509 2744 episcopus
1525 2707 1703 2736 contractui
1729 2716 1825 2736 suum
1843 2708 2004 2745 impertiri
2022 2709 2170 2738 teneatur
2185 2717 2297 2739 assen-

1296 2771 1310 2785 »
1334 2768 1422 2792 sum,
1441 2759 1471 2788 et
1489 2759 1596 2797 ipsum
1613 2759 1747 2788 bladum
1764 2759 1873 2789 taliter
1893 2761 2092 2798 acquisitum
2119 2761 2296 2800 accipiens,

1296 2823 1311 2838 »
1334 2811 1391 2840 illo
1409 2811 1479 2840 solo
1496 2811 1611 2841 :lebeat
1630 2820 1701 2841 esse
1717 2813 1910 2847 contentus;
1929 2813 1972 2842 ita
1988 2813 2075 2852 quod
2093 2814 2297 2844 tantumdem

1297 2875 1310 2889 »
1335 2863 1399 2892 sibi
1416 2863 1521 2893 valeat
1538 2865 1697 2902 quantum
1710 2864 1830 2894 valebit
1852 2865 1883 2894 in
1900 2865 1980 2895 locis
1994 2865 2147 2904 superius
2163 2866 2297 2896 annota—

1298 2928 1311 2942 »
1336 2915 1388 2945 tis.
1404 2916 1439 2945 In
1457 2916 1595 2946 decimis
1614 2925 1692 2946 sane
1714 2926 1777 2955 que
1798 2919 1875 2947 sunt
1891 2918 1929 2947 de
1949 2918 2043 2948 feodo
2065 2919 2211 2958 episcopi
2229 2926 2294 2949 non
