2498 3242
201 284 261 325 285

201 373 216 388 ιι
238 362 279 391 ad
304 362 523 400 coguitionem
548 364 580 393 et
604 363 806 394 decisionem
832 365 995 403 pertinent
1013 367 1205 401 earundem,

189 425 216 442 ,ιι
240 414 457 445 videlicet:in
477 415 642 445 veniendo
667 416 707 446 ad
730 417 913 451 citationes,
932 419 1119 456 recipiendo
1141 419 1207 448 die-

190 478 215 494 ,ιι
239 475 312 496 rum
333 467 587 513 assignationes.
611 470 642 498 et
665 469 697 498 in
714 469 790 499 aliis
807 479 870 508 que
885 471 924 500 ad
941 471 1161 509 cognitionem
1177 473 1208 501 et

190 532 214 561 ,ιι
237 519 439 550 decisionem
453 521 631 558 pertinent:
647 523 677 551 et
695 524 729 551 ut
748 523 928 552 sententias
943 525 1207 554 exconnnunica-

198 584 214 598 »
238 572 339 602 tionis
356 574 385 602 et
404 573 567 603 interdicti
583 574 623 603 ab
653 574 723 613 ipso
742 575 824 605 latas
852 576 884 605 in
910 576 1000 615 ipsos
1017 577 1205 611 observent,

186 636 213 660 ,ιι
237 625 269 655 et
292 626 325 654 ut
350 625 503 656 obediant
527 627 556 656 ei
581 627 613 657 in
632 628 786 658 omnibus
804 628 880 658 aliis
894 629 934 658 ad
948 629 1005 667 jus
1020 630 1206 668 episcopale

189 690 214 705 -ιι
235 678 491 716 pertinentibus.

200 747 203 749 -
238 742 252 758 (ι
276 731 440 769 Quicquid
468 733 577 761 autem
608 732 692 762 idem
720 733 895 772 episcopus
922 734 963 764 ab
991 734 1158 765 abbatissa
1174 738 1205 765 ct

198 796 211 810 ιι
236 785 413 819 conventu,
439 784 525 813 clero
555 786 586 814 et
616 785 738 823 populo
763 786 973 816 Jotrensibus
1001 787 1094 825 petit,
1126 788 1205 826 petit

197 849 211 862 ιι
235 835 414 874 salvojure
428 837 581 870 addendi,
599 837 783 873 minuendi,
807 839 965 868 mutandi,
988 852 1000 865 ιι

186 927 188 930 ’
235 948 247 960 ιι
265 935 339 965 lstis
354 937 463 965 autem
476 936 694 974 petitionibus
702 938 895 975 procurator
907 937 1073 968 abbatisse
1085 940 1116 969 et
1129 948 1202 969 con-

186 1000 208 1014 ,ιι
233 990 361 1019 ventus.
376 988 456 1018 cleri
478 990 508 1018 et
535 989 649 1027 populi
670 989 873 1019 „lon-ensium
895 990 928 1019 in
959 991 1043 1020 bunc
1066 993 1200 1022 modum

193 1052 208 1069 »
232 1041 402 1080 respondit
421 1051 426 1070 :

205 1115 207 1117 ·
233 1106 247 1119 «ι
272 1094 395 1124 Dicunt
423 1093 590 1124 abbatissa
620 1095 651 1123 et
674 1097 857 1124 conventus
882 1097 1118 1126 monasterium
1147 1098 1200 1127 ,Io-

193 1157 208 1173 »
232 1147 339 1176 trensc
357 1147 547 1184 exemptum
563 1155 648 1182 esse,
665 1147 842 1177 etsubesse
861 1148 1048 1178 immediate
1065 1149 1200 1180 domino

193 1210 207 1225 ιι
232 1207 314 1237 pape
328 1199 538 1232 inmunibus,
553 1200 583 1228 et
600 1199 833 1237 proprietatem
849 1200 1200 1238 totiusjurisdictionis

185 1265 208 1285 ¹»
233 1252 453 1281 ecclesiastice
472 1251 507 1281 in
524 1252 724 1282 monasterio
748 1253 893 1283 Jotrensi
918 1254 1009 1283 nullo
1035 1255 1198 1285 mediante

192 1316 206 1330 »
230 1304 271 1334 ad
288 1305 460 1335 dominum
480 1313 600 1343 papam
617 1305 792 1343 pertinere,
810 1307 841 1334 et
858 1314 954 1335 nsum
970 1315 1042 1335 esse
1067 1315 1198 1337 monas-

184 1368 206 1383 v»
229 1357 348 1386 terium
369 1357 566 1394 longissimo
587 1358 735 1394 tempore
756 1357 816 1387 hac
835 1357 996 1392 libertate,
1021 1359 1107 1388 sieut
1125 1368 1197 1398 pro-

188 1422 202 1436 ιι
226 1408 393 1443 habimus,
410 1409 437 1439 si
455 1418 590 1440 necesse
607 1409 717 1444 suerit,
732 1418 790 1448 per
803 1410 990 1448 privilegia,
1008 1412 1150 1441 ettestes
1166 1414 1196 1442 et

184 1474 202 1498 ιι
227 1461 467 1497 inst1·ume11ta;

184 1538 186 1541 .
227 1526 241 1541 «
265 1516 297 1545 et
312 1515 385 1545 ideo
400 1515 514 1545 dicunt
531 1514 700 1545 abbatissa
715 1516 746 1545 et
762 1516 946 1545 conventus
961 1516 1048 1554 quod
1067 1525 1132 1546 non
1150 1519 1196 1547 te-

185 1580 200 1595 »
225 1566 345 1598 nentur
370 1568 503 1598 obedire
522 1568 676 1606 episcopo
700 1568 864 1598 Meldensi
890 1568 924 1598 in
947 1569 1196 1599 visitationibus

186 1633 200 1647 ιι
224 1620 398 1656 faciendis,
416 1630 473 1651 nec
490 1621 523 1651 in
540 1621 606 1651 alia
621 1630 655 1651 re
670 1629 731 1659 pro
754 1621 943 1652 visitatione
968 1622 1130 1656 facienda,
1161 1623 1195 1653 in

186 1686 200 1708 ιι
220 1673 414 1704 excessibus
440 1674 659 1713 corrigendis,
684 1674 718 1704 in
749 1683 926 1704 causarum
951 1675 1116 1710 civilium,
1142 1676 1195 1705 vel

185 1739 200 1753 ιι
225 1727 460 1766 spiritualium,
483 1727 536 1757 vel
552 1727 777 1757 criminalium
800 1727 1058 1765 cognitionibus,
1085 1729 1194 1758 necin

186 1792 200 1807 ιι
225 1780 451 1810 decisionibus
468 1780 664 1815 earundem,
683 1788 742 1810 nec
764 1781 917 1810 tenentur
932 1781 1044 1810 venire
1060 1781 1101 1810 ad
1116 1781 1193 1811 cita-

187 1846 200 1859 ιι
223 1833 332 1862 tiones
345 1833 460 1871 ipsius,
479 1842 538 1863 nec
555 1833 700 1871 recipere
713 1833 843 1863 dierum
860 1833 1116 1871 assignationes,
1135 1842 1193 1863 nec

186 1899 200 1913 ιι
224 1886 296 1923 ejus
313 1886 468 1916 mandata
477 1885 530 1916 vel
545 1887 667 1916 statuta
680 1885 869 1919 observare,
887 1894 946 1915 nec
964 1886 995 1915 ei
1010 1887 1192 1924 processio-

187 1952 200 1965 »
225 1947 301 1969 nem
318 1939 436 1972 facere,
455 1939 587 1976 quando
603 1938 711 1977 primo
735 1939 858 1968 accedit
875 1940 950 1976 post
975 1940 1193 1970 consecratio-

186 2004 200 2018 »
227 2000 300 2021 nem
327 2000 420 2021 suam
442 1991 481 2021 ad
501 1991 674 2021 ecclesiam
698 1991 896 2025 Jotrensem,
916 2000 974 2021 nee
997 1992 1079 2021 alias
1105 1992 1135 2021 ei
1158 1993 1192 2022 in

186 2057 200 2071 ιι
223 2044 392 2083 aliquibus
406 2044 446 2073 aael
462 2043 648 2082 episcopale
662 2044 717 2082 jus
736 2043 977 2081 pertinentibus
993 2044 1126 2074 obedire
1144 2055 1149 2077 ;

225 2110 239 2123 α
264 2098 342 2127 item
359 2106 423 2127 non
438 2098 567 2128 tenetur
595 2097 625 2126 ei
642 2096 810 2126 abbatissa
829 2105 929 2134 super
948 2097 1120 2135 premissis
1140 2098 1193 2128 vel

185 2163 199 2176 ιι
223 2150 334 2188 aliquo
350 2150 589 2189 premissorum
607 2149 658 2178 vel
675 2149 829 2187 aliquare
845 2149 879 2179 in
895 2149 1019 2179 mundo
1035 2150 1192 2180 obedien-

184 2215 198 2229 ιι
224 2203 304 2232 tiam
323 2202 570 2241 repromittere:

223 2267 237 2281 τι
261 2255 347 2294 quod
362 2254 558 2284 autemdicit
570 2254 745 2292 episcopus
758 2262 793 2283 se
810 2254 919 2293 ipsum
931 2254 963 2284 in
982 2255 1190 2293 possessione

182 2319 197 2335 »
220 2316 292 2338 esse
309 2310 471 2346 quantum
485 2307 524 2337 ad
538 2306 736 2346 penitentias
750 2315 808 2345 pro
823 2307 1005 2345 maj0ribus
1022 2307 1191 2346 imponen-

183 2373 197 2388 »
221 2361 292 2396 das,
324 2362 443 2399 nonant
470 2360 638 2391 abbatissa
662 2362 693 2390 et
708 2360 891 2390 conventus
920 2360 1030 2399 ipsum
1060 2368 1132 2390 esse
1157 2361 1191 2391 in

182 2426 197 2440 »
219 2413 512 2453 possessione(nn;

221 2479 236 2494 «
260 2467 401 2498 aliolum
420 2475 499 2497 vero
515 2466 742 2501 articulorum,
763 2467 795 2496 in
814 2475 955 2505 queium
977 2467 1189 2505 possessione

181 2533 196 2547 ιι
219 2520 297 2550 dreit
311 2529 347 2550 se
363 2528 435 2550 esse
454 2520 541 2550 idem
564 2520 751 2558 episcopus,
784 2519 898 2550 dicunt
923 2519 1032 2559 ipsum
1059 2520 1187 2550 nullum

180 2586 194 2600 ιι
215 2573 270 2612 jus
285 2573 405 2604 habere
422 2573 454 2603 in
469 2573 689 2612 proprietate3

219 2638 233 2652 υ
257 2626 371 2656 dicunt
387 2626 486 2656 etiam
509 2625 678 2656 abbatissa
701 2626 733 2656 et
753 2626 937 2656 conventus
961 2625 1186 2657 omnimodam

178 2692 192 2706 ιι
215 2679 380 2718 justitiam
415 2678 672 2709 ecclesiasticam
701 2680 732 2709 et
765 2678 931 2709 forensem
965 2678 998 2708 in
1035 2678 1122 2709 clero
1157 2680 1189 2710 et

178 2744 192 2758 ιι
217 2732 338 2770 populo
361 2731 572 2761 Jotrensibus
591 2731 754 2770 pertinere
778 2731 818 2761 ad
841 2731 1056 2761 abbatissam.

217 2796 231 2810 κ
256 2784 344 2814 Dicit
366 2784 475 2814 clerus
495 2784 661 2815 Jotrensis
683 2784 771 2824 quod
800 2792 865 2815 non
891 2785 1022 2815 tenetur
1050 2783 1184 2815 obedire
1213 2780 1214 2825 ζ

176 2850 190 2864 ιι
214 2837 369 2876 episcopo
399 2836 561 2867 Meldensi
582 2837 615 2867 in
638 2836 889 2867 vIsitationibus
911 2836 1074 2867 faciendis
1091 2838 1122 2866 et
1152 2837 1183 2867 in

176 2903 190 2917 ιι
215 2889 623 2928 corrigendisexcessibus
643 2890 674 2919 et
687 2889 719 2919 in
733 2889 981 2927 cognitionibus
1004 2897 1181 2920 causarum
1213 2925 1214 2930 ¹

176 2956 190 2969 ιι
212 2943 280 2973 tam
295 2942 458 2976 civilium,
469 2949 569 2981 quam
583 2941 930 2981 spiritualium‚quam
942 2941 1180 2978 criminalium,

1017 281 1282 323 QUA'l‘fflEME
1306 283 1471 319 ΑΝΝΕΕ.

2218 304 2274 330 :2⁸6

1273 381 1288 395 ιι
1313 377 1452 406 quarum
1466 371 1609 408 cognitio
1620 373 1659 401 ad
1671 373 1862 413 epismmiiiii
1872 377 2273 419 dioeesannnn.tamqwnn

1272 432 1287 446 ιι
1311 420 1508 459 adjudicem
1539 423 1798 456 ecclesiasticum
1827 428 1946 459 dicitur
1968 432 2142 469 pertint—re,
2168 435 2275 465 necin

1271 485 1285 499 ιι
1309 473 1535 504 decisionibus
1551 477 1741 515 ear,un‹le1n
1765 488 1821 509 n«
1839 482 1950 512 xenin
1967 484 2007 512 nl
2029 484 2201 515 citatinncs
2228 487 2272 525 ip-

1272 537 1284 549 ιι
1309 526 1392 562 sius,
1407 535 1448 556 11«
1451 536 1467 556 c
1479 528 2036 573 assianationesai«rnmaccip11-,0
2055 532 2162 567 necin
2165 540 2274 569 nul-ita

1270 579 1375 617 »ejus
1391 579 1510 609 obs-etv
1514 590 1580 616 ar,e
1598 590 1656 611 ne(¹
1679 583 1707 612 ei
1727 584 1758 613 in
1779 585 1890 623 aliquo
1909 587 2053 618 οΙιιιίἰιο.

1309 643 1322 655 ‹
1350 631 1437 661 Dicit
1453 633 1595 670 populus
1618 634 1781 665 Jotieusis
1798 638 1975 668 omnim-od
1980 649 2021 669 ιιιι
2040 641 2201 678 justitiam
2221 652 2273 674 ec-

1269 697 1283 710 ιι
1307 684 1524 715 clesiasticam
1557 688 1587 716 et
1615 687 1779 719 sorensem
1805 689 1837 719 in
1867 693 1987 729 populo
2003 693 2146 724 Jotreusi
2176 697 2273 734 perti-

1268 750 1283 764 ιι
1309 746 1384 767 nere
1400 738 1441 767 ad
1458 738 1661 770 abbatissam
1675 741 1874 777 Jotrensem,
1891 746 1921 773 et
1939 745 2009 773 ideo
2025 748 2197 784 1-‹2s1›0n‹10t
2216 758 2272 787 pro

1268 803 1282 816 »
1306 798 1353 824 se,
1367 791 1537 829 etquodin
1550 792 1640 822 nullo
1651 794 1780 825 tenetur
1793 796 1926 826 obedire
1936 798 2090 837 episcopo
2100 800 2271 831 Melitensi.

1307 855 1319 868 «
1345 843 1413 873 llec
1430 844 1540 874 onmia
1557 846 1756 883 respondent
1772 848 1940 879 abbatissa
1956 851 1986 880 et
2002 855 2196 887 conventus,
2213 854 2274 883 cle-

1270 910 1282 921 ιι
1308 904 1364 925 rus
1385 897 1415 925 et
1434 896 1576 934 populus
1597 897 1782 933 .Iotrenses,
1807 900 1910 929 salvis
1936 902 2122 939 privilegiis
2147 905 2271 935 domini

1265 962 1279 974 ιι
1299 957 1393 987 pape,
1411 951 1441 978 et
1457 949 1550 979 salvo
1562 949 1635 986 Jure
1650 951 1796 981 Ecclesie
1814 952 2016 987 ltomancsst
2029 956 2121 985 salvo
2133 957 2207 995 jure
2221 953 2271 988 ad-

1264 1014 1278 1027 ιι
1302 1001 1412 1037 dendi,
1432 1002 1618 1037 minuendi,
1634 1004 1819 1043 corrigendi
1835 1007 1865 1035 et
1882 1007 2041 1037 mutandi.
2063 1023 2076 1033 ιι

1303 1105 1317 1118 «
1343 1093 1491 1132 Cumque
1508 1104 1608 1134 super
1624 1096 1689 1125 hiis
1710 1096 1827 1127 fuisset
1846 1107 1954 1128 coram
1967 1100 2136 1137 jinlicibus
2153 1112 2169 1131 a
2187 1103 2270 1134 Sede

1263 1160 1276 1172 ιι
1301 1146 1492 1185 Apostoliea
1511 1148 1670 1186 delegatis
1689 1150 1814 1180 diutius
1838 1151 2012 1190 litigatum,
2032 1154 2161 1184 tandem
2181 1158 2269 1186 ntra-

1264 1212 1276 1225 ιι
1300 1207 1363 1237 que
1379 1208 1454 1238 pars
1472 1201 1538 1230 tam
1564 1202 1746 1240 superbiis
1769 1203 1808 1233 de
1831 1204 1953 1241 quibus
1971 1207 2078 1235 actum
2105 1209 2269 1244 extiterat,

1263 1264 1276 1277 ιι
1300 1261 1399 1290 quam
1416 1253 1515 1282 etiam
1542 1262 1643 1292 super
1660 1255 1816 1284 omnibus
1837 1256 1914 1286 aliis
1931 1266 1992 1295 que
2020 1267 2151 1296 quoquo
2174 1260 2270 1290 inodo

1262 1318 1276 1331 ιι
1299 1306 1447 1342 poterant
1468 1306 1593 1335 ratione
1612 1307 1823 1345 proprietatis
1850 1310 1880 1338 et
1907 1311 2131 1347 possessionis
2156 1312 2195 1341 ad
2212 1312 2269 1351 'jus

1262 1369 1275 1383 ιι
1299 1357 1497 1396 episcopale,
1512 1358 1581 1397 lege
1593 1359 1768 1390 diocesana
1781 1361 1833 1390 vel
1847 1362 1920 1399 jure
1937 1365 2116 1401 communi,
2131 1373 2189 1394 seu
2203 1365 2268 1395 alio

1260 1422 1274 1436 ιι
1298 1418 1507 1448 quocumque
1522 1411 1608 1449 jure,
1625 1414 1784 1450 spectare,
1807 1415 2046 1445 commiserunt
2071 1425 2105 1446 se
2129 1417 2268 1455 jndicio,

1260 1474 1274 1488 ιι
1297 1459 1491 1492 diffinitioni
1510 1471 1568 1493 seu
1585 1464 1785 1495 ordinationi
1802 1467 1937 1501 nostris,
1957 1468 2018 1497 sub
2040 1469 2105 1498 hiis
2122 1470 2237 1500 formis¹
2253 1479 2259 1498 :

1294 1599 1391 1635 [Carta
1407 1600 1448 1632 P„
1465 1601 1589 1636 episcopi
1606 1602 1951 1635 Meldensis,ordinationi
1967 1605 2089 1633 Romani
2106 1608 2263 1636 cardinalis

1255 1656 1285 1674 se
1302 1649 1538 1683 committentis]

1857 1720 1964 1753 Meam,
1982 1723 2096 1748 octobre
2118 1725 2190 1749 1225.

1296 1789 1311 1803 (ι
1335 1778 1500 1808 Omnibus
1524 1780 1695 1817 presentes
1730 1781 1856 1811 litteras
1881 1782 2084 1822 inspecturis
2113 1785 2165 1815 P..
2202 1787 2263 1816 Dei

1256 1844 1270 1859 ιι
1293 1831 1398 1870 gratia
1414 1831 1595 1862 Meldensis
1605 1833 1792 1872 episcopuS,
1811 1835 1952 1866 salutem
1973 1836 2005 1867 in
2022 1838 2180 1868 Domino.
2201 1839 2264 1869 No-

1256 1897 1269 1911 »
1294 1884 1379 1914 verit
1393 1885 1593 1915 universitas
1606 1887 1715 1917 vestra
1727 1888 1827 1925 quod,
1842 1897 1917 1918 cum
1932 1889 2018 1920 inter
2031 1900 2102 1925 nos,
2119 1900 2158 1921 ex
2172 1894 2264 1931 parte

1256 1952 1269 1965 ιι
1294 1946 1371 1973 uua,
1388 1939 1419 1968 et
1431 1938 1632 1968 abbatissam
1649 1941 1679 1969 et
1691 1942 1902 1976 conventum,
1916 1943 2041 1972 clerum
2057 1946 2087 1973 et
2102 1945 2262 1983 populum

1254 2004 1268 2018 ιι
1291 1992 1522 2023 «Ῐοΐιι-ειιεθ5,θΧ
1531 1993 1622 2030 parte
1632 1992 2068 2033 altera,supersubjectione
2081 1997 2263 2035 ipsiusmo-

1254 2058 1268 2070 »
1293 2044 1427 2073 nasterii
1440 2045 1470 2073 et
1480 2044 1698 2082 eorumfflem]
1710 2045 1786 2075 cleri
1800 2047 1966 2085 etpopuli,
1979 2049 2042 2078 tam
2055 2050 2263 2089 petitorioju·

1256 2111 1268 2123 ιι
1292 2097 1377 2127 dicio
1395 2105 1494 2135 quam
1510 2098 1717 2135 possessorio
1736 2100 1864 2137 questio
1882 2102 2073 2135 verteretur,
2092 2103 2178 2140 quod
2196 2112 2261 2133 ino-

1254 2163 1267 2175 ιι
1292 2149 1474 2179 nasterium
1493 2158 1566 2179 eum
1585 2150 1710 2180 eisdem
1729 2151 1816 2181 clero
1832 2154 1863 2182 et
1879 2153 2001 2191 populo
2020 2154 2114 2184 nobis
2132 2155 2260 2185 diceba-

1253 2215 1267 2228 ιι
1291 2210 1366 2231 mus
1382 2201 1479 2240 pleno
1491 2202 1565 2240 jure
1577 2202 1774 2240 subjectum,
1793 2213 1927 2235 necnon
1944 2207 1975 2235 et
1991 2207 2081 2236 omni
2095 2208 2168 2245 jure
2187 2208 2261 2238 sub-

1254 2268 1266 2281 ·›
1287 2255 1441 2293 Jectionis
1451 2255 1490 2285 ad
1509 2264 1568 2285 nos
1583 2257 1613 2285 et
1627 2264 1838 2287 successores
1854 2260 1994 2293 nostros,
2017 2261 2183 2298 tamquam
2199 2261 2260 2292 loci

1253 2320 1266 2333 ιι
1290 2307 1496 2341 diocesanos,
1510 2308 1580 2345 lege
1599 2308 1775 2339 diocesana
1793 2312 1952 2348 spectare,
1968 2313 1999 2341 et
2016 2321 2112 2350 posse
2138 2313 2170 2343 iu
2187 2313 2260 2352 ipso

1252 2372 1266 2386 ιι
1288 2360 1501 2396 monasterio,
1519 2361 1606 2391 clero
1618 2363 1649 2391 et
1663 2363 1787 2400 populo
1802 2363 2014 2394 Jotrcnsibns
2031 2365 2258 2404 libereprocu-

1252 2427 1265 2438 ·›
1288 2413 1433 2443 rationes
1449 2414 1605 2452 recipere,
1622 2415 1858 2451 visitationem,
1885 2418 2122 2448 correctionem
2143 2420 2174 2449 et
2189 2427 2259 2449 om-

1250 2479 1264 2493 ιι
1288 2466 1427 2505 niajtua
1442 2467 1643 2506 episcopalia
1659 2476 1830 2503 exercere;
1850 2470 1937 2508 quod
1956 2471 2069 2501 eedem
2092 2471 2259 2502 abbatissa

1249 2531 1263 2546 ιι
1287 2521 1318 2550 et
1336 2520 1519 2549 conventus
1534 2522 1704 2559 negantes,
1731 2521 1840 2560 ipsum
1863 2523 2117 2560 monasterium,
2132 2525 2257 2555 clerum

1248 2584 1262 2598 ιι
1287 2573 1318 2602 et
1333 2572 1493 2611 populum
1509 2572 1679 2603 Jotrenses
1697 2575 1941 2605 asserebantad
1953 2576 2010 2613 jus
2030 2578 2061 2607 et
2079 2577 2258 2616 proprieta-

1248 2636 1262 2652 »
1285 2626 1352 2655 tem
1369 2625 1516 2655 Ecclesie
1536 2626 1686 2656 Romane
1704 2627 1798 2657 nullo
1814 2628 1924 2658 medio
1944 2629 2108 2667 pertinere
2124 2640 2129 2658 ;
2157 2637 2258 2668 super

1247 2690 1261 2704 ιι
1285 2677 1459 2717 premissis
1472 2679 1503 2708 et
1518 2678 1675 2709 omnibus
1690 2679 1766 2709 aliis
1783 2688 1846 2718 que
1862 2682 1998 2718 possent
2011 2681 2117 2720 adjus
2131 2682 2255 2720 episco-

1247 2743 1261 2757 »
1283 2731 1357 2770 pale
1375 2732 1535 2770 spectare,
1553 2731 1592 2761 de
1612 2740 1777 2762 consensu
1795 2733 1923 2769 decani,
1947 2733 2255 2765 archidiaconorum

1245 2795 1260 2811 ιι
1283 2784 1315 2814 et
1329 2783 1466 2823 capituli
1491 2783 1607 2819 nostri,
1631 2785 1863 2815 commisimus
1887 2794 1947 2816 nos
1967 2786 2106 2825 judicio,
2128 2786 2254 2817 diffini-

1213 2830 1215 2860 ἶ
1245 2848 1260 2864 ιι
1283 2835 1367 2867 tioni
1395 2845 1454 2867 seu
1493 2837 1695 2867 ordinationi
1725 2837 1927 2868 venerabilis
1957 2839 2060 2878 patris
2094 2838 2252 2876 Romani.

1244 2900 1259 2917 ιι
1283 2889 1396 2920 Sancti
1422 2889 1542 2928 Angeli
1568 2889 1698 2920 diaconi
1728 2889 1919 2925 cardinalis,
1943 2890 2132 2930 Apostolice
2155 2891 2253 2923 Sedis

1210 2946 1213 2965 ὲ
1243 2954 1258 2970 ιι
1281 2941 1392 2981 legati,
1405 2941 1440 2972 in
1456 2942 1566 2982 ipsum
1582 2943 1750 2981 tamquam
1768 2941 1802 2973 in
1813 2942 1957 2981 legatum
1972 2945 2004 2974 et
2014 2943 2160 2983 Judicem
2177 2951 2252 2975 con-
