2498 3242
189 240 245 271 649
1061 233 1242 272 SIXIEME
1264 234 1424 272 ANNEE.
2238 248 2295 278 650

262 306 377 338 1142
738 307 864 341 Anagni,
881 306 915 334 25
931 307 1034 334 fevi-ier
1053 307 1128 334 ¹233.

224 368 456 404 Archiepiscopo
472 368 648 402 Gneznensi,
661 370 798 404 episcopo
814 369 998 396 Cracoviensi
1014 374 1042 396 et
1056 369 1151 396 abbati
1167 369 1202 396 de

187 417 325 444 Andreov
341 417 457 444 mandat
473 421 617 452 quatenus
634 418 780 453 principes
797 418 941 449 Poloniae,
959 419 1007 453 qui
1025 418 1202 454 pauperibus

187 465 348 493 custodiam
365 469 511 494 castorum
527 470 555 493 et
571 467 714 494 falconum
731 468 957 498 committebant,
977 471 1003 494 et
1018 469 1042 494 si
1061 476 1134 502 quae
1151 468 1203 494 ho-

188 521 253 541 rum
273 514 439 541 animalium
461 514 621 549 effugerent
642 516 685 542 vel
701 516 937 551 deperderentur,
960 518 1039 551 ipsos
1060 524 1202 551 pauperes

187 563 216 590 in
239 570 330 597 poena
352 563 535 598 septuaginta
555 572 715 591 marcarum
737 564 982 596 condemnabant.
1000 564 1033 590 ad
1056 564 1202 591 desisten-

188 610 256 638 dum
285 611 319 637 ab
351 611 404 638 hac
430 612 581 639 vexatione
606 613 788 647 compellunt.
814 628 847 633 —
870 613 953 646 (Rae.
982 613 1030 644 16,
1056 613 1074 640 s.
1098 613 1130 640 97
1158 620 1200 644 r⁰;

187 668 254 687 nnn.
273 659 322 692 VI,
341 669 366 688 e.
384 660 452 692 337;
468 675 502 682 —
519 660 667 689 Formas-r
683 662 769 696 0107;
786 677 820 682 —
837 662 1007 689 Ronemnenu
1025 661 1098 695 513.)

230 774 244 789 «
263 785 284 791 ..
300 764 527 801 archiepiscopo
543 764 723 800 Cnemzcnxt,
743 787 762 792 ..
778 765 912 802 episcopo
926 763 1120 793 Gracoviensi
1135 768 1161 792 et
1177 785 1199 791 ..

188 815 289 845 abbati
311 816 344 844 tit·
368 817 521 852 Andr-eoo,
548 817 757 847 cfr-acovienszsss
781 817 916 846 diocesis.
941 816 1071 846 Novum
1096 824 1201 854 genus

189 867 340 898 molestie
362 887 411 898 —.
438 870 511 899 Dat.
538 869 707 907 Anagnie,
730 870 759 900 V
782 869 942 899 kalendas
966 868 1088 903 martii,
1114 877 1201 898 anno

187 924 289 951 sexto.
311 934 322 946 >>

261 1109 281 1136 1
292 1107 376 1136 143

223 1169 456 1204 Archiepiscopo
465 1168 638 1201 Gneznensi,
653 1170 816 1204 praeposito
828 1168 1064 1196 wratislaviensi
1075 1173 1103 1195 et
1114 1169 1200 1204 priori

187 1218 355 1253 provinciali
368 1218 488 1244 fratrum
503 1217 733 1244 Praedicatorum
749 1218 777 1244 in
794 1217 912 1245 Polonia
928 1218 1042 1244 mandat
1057 1221 1201 1253 quatenus

188 1266 279 1293 duces
291 1266 426 1293 Poloniae
440 1266 474 1292 ad
489 1267 569 1301 pacis
584 1270 612 1292 et
626 1266 799 1293 concordiae
814 1267 934 1301 gratiam
951 1266 1006 1301 piis
1022 1267 1140 1293 monitis
1156 1274 1200 1292 re-

187 1314 304 1346 ducant,
321 1323 431 1349 eosque
447 1315 556 1341 sedulis
571 1315 821 1342 exhortationibus
832 1315 981 1348 inducant,
993 1323 1028 1341 ne
1042 1315 1069 1341 in
1087 1316 1202 1349 guerris

187 1363 250 1391 suis
265 1363 396 1390 subsidia
412 1363 636 1390 Sarracenorum
647 1384 654 1397 ,
677 1363 880 1390 Ruthenorum
895 1367 924 1390 et
939 1364 1058 1390 aliarum
1079 1364 1200 1398 perfida-

186 1420 250 1440 rum
274 1413 421 1440 nationum
444 1420 602 1447 exposcere
625 1416 821 1448 praesumant.
843 1427 877 1433 —
897 1412 982 1446 (Rea.
1000 1412 1042 1443 16,
1063 1412 1082 1438 f.
1105 1413 1137 1440 97
1153 1418 1198 1446 v0;

185 1470 252 1489 ann.
272 1460 322 1493 Vl.
339 1469 365 1488 c.
383 1461 451 1493 338;
467 1475 504 1482 -
519 1461 667 1488 Porinas-r
682 1461 775 1494 9108.)

741 1107 865 1141 Anagni,
882 1107 915 1134 ‘27
931 1107 1033 1133 fevi-ier
1050 1107 1128 1134 1233.

225 1576 238 1592 α
261 1587 280 1593 ..
300 1565 527 1602 archiepiscopo
548 1564 732 1599 Cneznensi,
754 1586 774 1592 ..
794 1564 946 1601 preposito
963 1563 1199 1592 Gratislaviensi

181 1621 208 1648 et
229 1640 248 1646 ..
263 1617 368 1655 priori
384 1617 577 1654 provinciali
594 1618 733 1653 fratrum
751 1616 981 1645 Predicatorum
1003 1617 1036 1645 ιή
1057 1617 1196 1646 Potomia.

183 1669 256 1700 Sibi
278 1678 395 1708 graves
415 1673 447 1700 et
468 1686 518 1698 —-.
540 1670 614 1699 Dat.
636 1669 801 1707 Anagnie‚
822 1669 873 1699 III
891 1668 1051 1699 kalendas
1072 1668 1195 1704 martii,

182 1731 270 1753 anno
286 1726 389 1753 ΞΘΧῘΟ.
410 1735 423 1749 ))

257 1903 277 1930 1
289 1902 376 1930 144
730 1901 859 1936 Anagni‚
875 1901 910 1929 28
926 1901 1031 1928 sevrier
1048 1900 1125 1929 1233.

220 1963 327 1990 Abbati
344 1962 441 1990 Sancti
454 1962 598 1990 Johannis
615 1963 804 1994 Senonensis,
817 1963 1020 1990 archidiacono
1036 1963 1199 1990 Senonensi

185 2015 214 2040 et
228 2012 338 2039 decano
354 2012 388 2038 de
403 2011 489 2039 Braio
508 2012 623 2039 mandat
637 2016 782 2047 quatenus
798 2016 933 2039 moneant
948 2013 1083 2039 comitem
1099 2012 1201 2039 Niver-

187 2069 306 2089 nensem
330 2065 357 2087 et
379 2061 519 2096 quosdam
544 2061 617 2088 alios
640 2062 668 2088 in
692 2061 854 2088 Senonensi
878 2061 1024 2096 provincia
1043 2065 1072 2088 et
1092 2060 1201 2089 Bituri-

187 2111 269 2138 censi
283 2110 410 2137 dioecesi
427 2110 617 2144 constitutos,
634 2110 699 2145 qui,
717 2113 816 2138 contra
835 2110 966 2137 abbatem
983 2113 1011 2137 et
1026 2114 1201 2137 conventum

187 2159 223 2186 de
234 2158 369 2192 Caritate,
384 2157 587 2185 Cluniacensis
603 2158 724 2190 ordinis,
739 2159 935 2193 insurgentes,
947 2158 1022 2185 bona
1032 2158 1162 2193 ipsorum
1174 2162 1202 2186 et

186 2208 366 2244 prioratuum
376 2215 410 2234 ac
420 2207 571 2234 domorum
584 2215 638 2234 nec
653 2216 708 2234 non
725 2211 754 2234 et
767 2207 916 2234 hominum
928 2207 1095 2234 eorumdem
1109 2208 1202 2242 rapie-

186 2256 255 2284 bant
269 2260 298 2283 et
314 2256 501 2287 invadebant,
518 2256 553 2282 ab
570 2264 602 2282 ea
619 2257 823 2291 persecutione
839 2264 872 2282 ac
889 2256 1089 2282 molestatione
1105 2256 1202 2283 desis-

185 2308 264 2337 tant,
281 2308 310 2332 et
326 2306 360 2331 tle
375 2305 488 2332 damnis
504 2308 532 2332 et
552 2305 668 2340 injuriis
686 2305 821 2339 irrogatis
837 2305 946 2331 eisdem
963 2304 1151 2332 satisfaciant.
1168 2319 1202 2326 —

185 2353 266 2389 (Reo.
284 2354 326 2385 16,
344 2354 363 2381 f.
381 2354 412 2380 97
430 2360 476 2386 v0;
494 2362 561 2380 ann.
579 2353 630 2388 VI,
648 2361 674 2381 c.
691 2353 766 2386 339.)

228 2468 241 2483 α
261 2479 281 2485 ..
302 2456 403 2486 abbati
423 2457 530 2486 Sancti
546 2457 698 2486 Johannis
716 2462 741 2486 et
763 2479 784 2485 ..
809 2456 1028 2486 archidiacono
1045 2456 1201 2486 Senonen-

185 2509 304 2547 si[bus],
323 2514 349 2538 et
371 2532 391 2538 ..
417 2510 528 2539 decano
551 2510 584 2539 de
604 2511 705 2545 Braio,
729 2509 911 2539 Senonensis
926 2509 1061 2539 diocesis.
1080 2508 1201 2539 Dilecti

186 2562 248 2592 filii
271 2585 290 2591 ..
309 2563 399 2601 prior
411 2580 460 2592 —.
480 2563 554 2593 Dat.
572 2562 736 2601 Anagnie.
754 2563 787 2592 II
800 2561 960 2593 kalendas
976 2561 1100 2597 martii,
1114 2570 1201 2592 anno

187 2620 290 2647 sexto.
311 2628 323 2642 »

265 2796 285 2824 1
297 2796 382 2825 145
739 2795 864 2830 Anagni,
880 2794 915 2822 28
931 2795 1034 2822 fevi-ier
1051 2794 1129 2822 ¹233.

227 2857 416 2892 Ludovicum‚
441 2865 538 2892 regem
563 2856 752 2891 Francorum,
773 2860 869 2884 monet
892 2859 1036 2891 quatenus
1059 2864 1114 2883 non
1135 2864 1202 2891 per-

190 2906 285 2934 mittat
306 2906 497 2941 Stephanum,
519 2905 642 2941 priorem
660 2904 878 2937 Caritatensem,
900 2904 934 2931 ad
955 2903 1201 2931 exterminandam

1286 307 1427 334 haeresim
1451 316 1523 342 quae
1545 309 1637 335 villam
1661 308 1868 335 Cat-itatenscm
1891 309 2026 336 infecisse
2047 310 2203 342 dicebatur,
2226 314 2294 339 totis

1285 357 1395 383 viribus
1419 356 1623 389 elaborantem,
1649 358 1676 384 in
1704 358 1757 384 lioc
1783 358 1828 392 pio
1855 359 2002 392 proposito
2025 359 2059 384 ab
2084 359 2292 386 haereticorum

1285 407 1445 433 fautoribus
1463 407 1616 434 molestari.
1629 421 1665 427 —
1679 408 1763 440 (Rau.
1784 408 1822 441 16,
1841 409 1858 434 1,
1876 408 1909 435 98
1927 415 1968 438 νος
1986 416 2052 436 ann.
2072 408 2119 439 VI,
2137 418 2162 437 c.
2182 410 2247 440 3402
2261 426 2294 430 —

1285 455 1403 483 Monam
1424 456 1497 486 1187.
1516 457 1533 482 f.
1552 456 1623 485 448.)

1325 582 1337 595 «
1359 571 1406 604 l„y
1429 570 1545 598 illuslri
1567 571 1629 607 regi
1648 571 1850 599 Francorum.
1873 570 1969 600 Cirra
1988 573 2100 601 1111111=li
2123 582 2293 611 vesperum

1284 639 1331 650 —.
1360 622 1513 651 Ilereti‹·e
1542 632 1684 661 namque
1713 623 1815 661 pestis
1843 623 2034 653 detestanda
2062 624 2151 653 lnlws
2180 625 2292 655 villam

1283 674 1525 705 Caritatensem
1552 685 1570 704 a
1591 674 1699 712 longis
1724 675 1926 713 teniporilsus
1951 677 2132 706 rvtrmtctis.
2159 678 2293 713 exig-'en-

1284 728 1372 758 tibus
1390 729 1544 766 peccatis,
1564 729 1669 758 fertur
1686 729 1923 759 miserabiliter
1940 729 2108 764 intua-mc,
2125 741 2186 768 qun·
2206 731 2294 760 velut

1283 785 1369 811 terra
1384 781 1513 810 deserta
1531 785 1561 811 et
1576 781 1666 810 invia
1680 781 1760 811 luxit
1779 787 1810 811 et
1824 781 1949 817 languit
1966 799 2014 811 ἡ.
2032 784 2114 812 (jum
2131 783 2234 819 igitur
2247 783 2292 812 ‹li-

1282 834 1386 864 lectus
1398 833 1487 863 filius
1500 833 1700 872 Stephanus.
1716 834 1805 872 prior
1816 834 2047 866 Caritatensis.
2060 836 2293 866 Cluuium—usis

1281 886 1421 921 ordinis,
1442 886 1499 924 qui
1517 896 1642 919 revera,
1664 886 1749 916 Sicut
1766 887 1970 925 accepimns,
1992 892 2152 925 quantum
2169 892 2290 925 potest,

1282 940 1315 969 in
1337 939 1479 970 Domino
1498 944 1561 969 stat
1580 948 1638 978 pro
1660 939 1738 975 fide,
1756 958 1794 962 —
1810 940 1849 969 ad
1871 941 2139 970 exterminandas
2158 941 2292 971 hereses

1282 997 1313 1023 et
1328 992 1493 1023 hereticos
1509 992 1731 1031 profligandos
1749 992 1939 1023 medullatis
1956 993 2084 1022 viribus
2101 993 2244 1023 elaboret
2262 998 2294 1024 et

1282 1046 1322 1075 ad
1337 1045 1398 1075 hoc
1416 1045 1560 1075 totaliter
1576 1054 1610 1075 se
1627 1046 1735 1083 ipsum
1753 1051 1908 1084 exponat:
1930 1051 2062 1085 propter
2078 1047 2165 1085 quod
2180 1056 2196 1075 a
2214 1056 2293 1077 non-

1282 1097 1396 1133 nullis,
1417 1098 1473 1136 qui
1494 1098 1640 1136 recipere
1655 1107 1773 1128 nomen
1791 1098 1925 1127 Domini
1944 1098 1978 1127 in
1996 1108 2136 1127 vat-num
2156 1109 2219 1129 non
2236 1110 2293 1130 vc-

1283 1155 1411 1186 rentur,
1433 1155 1463 1180 et
1483 1151 1636 1189 precipue
1656 1150 1696 1180 ab
1712 1151 1935 1181 hereticorum
1954 1152 2133 1181 eorundem
2152 1153 2293 1182 fautori-

1282 1203 1354 1234 bus.
1382 1203 1603 1234 Caritatensis
1635 1203 1775 1234 ecclesia
1805 1204 1947 1242 dampna
1980 1205 2091 1241 gravia
2107 1228 2112 1235 .
2144 1205 2293 1243 pericula

1283 1257 1448 1287 sustineat
1471 1261 1501 1287 et
1521 1257 1668 1295 jacturas
1695 1267 1701 1285 :
1731 1257 1946 1287 serenitatem
1971 1258 2096 1295 regiam
2124 1268 2289 1295 rogamus,

1282 1318 1455 1339 monemus
1488 1314 1517 1339 et
1553 1310 1765 1339 obsecramus
1794 1310 1829 1339 in
1862 1311 2003 1340 Domino
2034 1311 2140 1341 lesu
2158 1311 2292 1342 Christo

1282 1366 1458 1401 quatenus,
1473 1380 1511 1383 ——
1524 1363 1654 1393 eosdem
1675 1363 1817 1400 priorem
1835 1367 1866 1393 et
1885 1363 2059 1393 ‹ww-lusiam
2076 1364 2213 1395 hahens.
2235 1373 2292 1402 pro

1281 1415 1393 1445 divina
1408 1416 1607 1445 reverentia.
1619 1420 1647 1446 el
1664 1416 1850 1454 Apostoliee
1866 1417 1960 1445 Sosiis
1972 1422 2000 1446 vt
2017 1422 2139 1446 nostra.
2153 1426 2290 1455 propen-

1281 1468 1351 1498 sius
1370 1469 1632 1503 eommendatos,
1654 1469 1717 1506 ipsi
1738 1469 1841 1507 priori
1864 1469 1899 1498 in
1920 1474 1985 1499 tam
2007 1470 2059 1507 pio
2078 1470 2244 1508 proposito
2260 1474 2291 1500 et

1279 1520 1441 1551 laudabili
1464 1521 1574 1551 studio
1599 1522 1776 1551 efficaciter
1800 1526 1912 1551 eontra
1935 1532 2167 1561 perversorum
2189 1523 2291 1553 auda-

1279 1574 1367 1604 ciam
1389 1575 1569 1604 eorundem
1593 1574 1770 1605 assistens.
1794 1584 1859 1604 non
1876 1576 2050 1613 permittas
2074 1584 2129 1606 eos
2150 1576 2190 1606 ab
2208 1576 2291 1614 ipsis

1280 1627 1493 1667 aliquatenus
1509 1627 1679 1658 molestari
1696 1645 1744 1656 —.
1765 1629 1838 1658 Dat.
1859 1632 1894 1658 ut
1911 1638 2022 1667 supra.
2044 1642 2055 1655 n

1356 1841 1473 1869 1146

1315 1903 1422 1930 Abbati
1453 1903 1551 1930 Sancti
1579 1902 1723 1930 Johannis
1747 1903 1926 1930 Senonensis
1951 1907 1978 1930 et
2001 1903 2109 1930 decano
2135 1903 2292 1931 Parisiensi

1280 1952 1435 1986 significat,
1460 1965 1496 1972 —-
1519 1952 1737 1987 archiepiscopo
1761 1951 1910 1982 Remensi‚
1932 1960 1967 1978 ex
1992 1961 2047 1979 una
2068 1956 2156 1988 parte,
2182 1953 2293 1988 suppli-

1281 2004 1364 2027 cante
1384 2003 1414 2026 ut
1430 2000 1740 2027 excommunicationis
1759 2000 1931 2027 sententiam
1952 2009 2036 2035 quam
2054 2002 2116 2035 ipse
2131 2001 2293 2036 archiepis—

1282 2057 1374 2084 copus
1393 2049 1420 2074 in
1447 2048 1590 2083 Lleonem]
1607 2069 1613 2080 ,
1634 2048 1765 2075 abbatem
1784 2049 1949 2075 monasterii
1966 2049 2063 2075 Sancti
2082 2049 2212 2085 Dionysii
2233 2049 2293 2077 Re-

1283 2097 1406 2128 mensis‚
1429 2098 1524 2130 culpis
1549 2097 1611 2123 suis
1635 2097 1836 2132 exigentibus,
1861 2098 2106 2132 promulgaverat,
2131 2099 2194 2133 ipse
2221 2107 2292 2134 papa

1283 2146 1523 2172 roburfirmitatis
1535 2145 1643 2172 faceret
1658 2146 1779 2177 habere;
1798 2145 1898 2172 eodem
1917 2154 1983 2172 vero
1997 2147 2098 2172 abbate
2115 2151 2292 2181 proponente

1282 2203 1316 2221 ex
1333 2194 1454 2221 adverso
1470 2194 1556 2228 quod.
1574 2202 1640 2221 cum
1657 2202 1707 2229 pro
1724 2195 1926 2221 reformatione
1944 2195 2110 2221 monasterii
2127 2196 2172 2222 sni
2189 2195 2222 2221 ad
2239 2195 2293 2222 Se-

1282 2242 1345 2269 dem
1367 2242 1566 2277 Apostolicam
1590 2246 1669 2269 esset
1687 2250 1877 2277 accessurus,
1895 2243 1949 2269 hoe
1964 2243 2181 2278 archiepiscopo
2200 2243 2293 2271 eidem

1281 2291 1504 2325 significaverat,
1517 2290 1564 2326 R„
1575 2291 1737 2326 praeposito
1745 2291 1814 2317 dicti
1826 2291 1992 2318 monasterii
2002 2292 2138 2326 generali.
2148 2292 2182 2318 ad
2192 2300 2294 2319 omnes

1282 2347 1396 2373 causas,
1415 2339 1477 2366 loco
1493 2340 1548 2370 sui.
1569 2343 1755 2375 procuratore
1771 2339 1902 2371 dimisso,
1922 2348 1974 2366 nec
1991 2340 2139 2367 audiverat
2156 2344 2221 2367 ante
2241 2341 2294 2368 iter

1283 2392 1427 2423 arreptum
1450 2388 1526 2422 quod
1547 2388 1575 2415 in
1595 2396 1627 2415 se
1644 2389 1740 2423 ipsum
1757 2388 1902 2423 praefatus
1917 2389 2155 2424 archiepiscopus
2170 2390 2293 2424 aliquam

1283 2437 1594 2464 excommunicationis
1610 2437 1782 2464 sententiam
1800 2437 1977 2472 protulisset.
1993 2446 2045 2464 nec
2060 2446 2148 2473 super
2164 2439 2218 2465 hoc
2233 2439 2294 2465 fue-

1284 2489 1326 2512 rat
1341 2485 1469 2512 monitus
1485 2485 1519 2512 ab
1535 2485 1648 2520 eodem,
1661 2499 1697 2506 —
1712 2493 1743 2512 se
1759 2485 1851 2512 eidem
1868 2486 1963 2513 abbati
1978 2486 2169 2513 absolutionis
2186 2487 2295 2514 benefi-

1282 2534 1360 2561 cium
1376 2534 1483 2561 fecisse
1497 2534 1643 2570 impendi;
1660 2536 1761 2569 eisque
1775 2534 1889 2561 mandat
1903 2538 2047 2570 quatenus
2064 2536 2158 2570 ipsum
2176 2536 2294 2563 absolu-

1282 2586 1344 2609 tum
1364 2583 1399 2609 ab
1418 2583 1518 2610 eadem
1538 2583 1848 2610 excommunicationis
1863 2584 2006 2610 sententia
2022 2583 2134 2618 publice
2150 2585 2292 2612 nuntient.

1280 2644 1318 2651 —
1332 2630 1414 2662 (Rea.
1432 2631 1475 2663 16,
1492 2631 1512 2658 f.
1528 2632 1561 2659 98
1579 2637 1620 2662 r⁰·‚
1637 2639 1704 2658 ann.
1725 2630 1773 2662 VI,
1789 2639 1815 2658 c.
1834 2632 1900 2662 341;
1915 2646 1948 2652 -
1965 2631 2084 2658 Monam
2101 2631 2176 2663 [187.
2189 2632 2208 2659 f.
2222 2632 2270 2659 421
2286 2643 2292 2663 ;

1281 2693 1316 2699 —
1331 2679 1368 2707 cf.
1384 2687 1480 2713 supra,
1498 2686 1530 2706 n⁰
1546 2680 1636 2713 1079.)

1822 1840 1948 1876 Anagni,
1963 1841 1998 1868 25
2010 1842 2125 1875 janvier
2141 1841 2220 1870 1233.

1325 2806 1338 2821 «
1361 2817 1380 2823 ..
1396 2795 1497 2824 abbati
1512 2796 1619 2825 Sancti
1635 2796 1787 2824 Johannis
1800 2796 1980 2824 Scuoncnsis
1996 2801 2020 2823 (Ἰ
2036 2818 2056 2823 ..
2076 2795 2186 2823 ‹Iccuno
2202 2796 2293 2824 I'art'-

1282 2848 1387 2877 siensi.
1407 2847 1451 2877 Ex
1467 2852 1559 2886 parte
1576 2848 1777 2878 venerabilis
1796 2866 1844 2876 —.
1864 2849 1935 2877 Dat.
1954 2848 2116 2885 Anngnie¹
2136 2848 2216 2878 VIII
2235 2847 2294 2877 ka-

1283 2899 1400 2930 lendas
1419 2900 1591 2936 februarii,
1611 2910 1698 2930 anno
1714 2906 1815 2931 sexto.
1840 2914 1851 2926 ι)
