<?xml version="1.0" encoding="UTF-8"?>
<!DOCTYPE html PUBLIC "-//W3C//DTD XHTML 1.0 Transitional//EN"
    "http://www.w3.org/TR/xhtml1/DTD/xhtml1-transitional.dtd">
<html xmlns="http://www.w3.org/1999/xhtml" xml:lang="en" lang="en">
 <head>
  <title>
</title>
<meta http-equiv="Content-Type" content="text/html;charset=utf-8" />
  <meta name='ocr-system' content='tesseract 3.04.00' />
  <meta name='ocr-capabilities' content='ocr_page ocr_carea ocr_par ocr_line ocrx_word'/>
</head>
<body>
  <div class='ocr_page' id='page_1' title='image "./lesregistresdegr01cathuoft_0596.png"; bbox 0 0 2498 3242; ppageno 0'>
   <div class='ocr_carea' id='block_1_1' title="bbox 274 253 2364 300">
    <p class='ocr_par' dir='ltr' id='par_1_1' title="bbox 274 253 2364 300">
     <span class='ocr_line' id='line_1_1' title="bbox 274 253 2364 300; baseline 0.008 -16"><span class='ocrx_word' id='word_1_1' title='bbox 274 255 348 285; x_wconf 72' lang='lat'>1175</span> <span class='ocrx_word' id='word_1_2' title='bbox 997 259 1236 289; x_wconf 71' lang='lat' dir='ltr'>Raeis‘rnns</span> <span class='ocrx_word' id='word_1_3' title='bbox 1258 259 1313 288; x_wconf 88' lang='lat' dir='ltr'>DE</span> <span class='ocrx_word' id='word_1_4' title='bbox 1335 253 1557 292; x_wconf 76' lang='lat' dir='ltr'>GREGomE</span> <span class='ocrx_word' id='word_1_5' title='bbox 1580 263 1638 293; x_wconf 84' lang='lat' dir='ltr'>ix.</span> <span class='ocrx_word' id='word_1_6' title='bbox 2290 270 2364 300; x_wconf 82' lang='lat'>1176</span> 
     </span>
    </p>
   </div>
   <div class='ocr_carea' id='block_1_2' title="bbox 258 321 1277 2415">
    <p class='ocr_par' dir='ltr' id='par_1_2' title="bbox 258 321 1277 2415">
     <span class='ocr_line' id='line_1_2' title="bbox 270 321 1277 359; baseline 0.004 -9"><span class='ocrx_word' id='word_1_7' title='bbox 270 321 375 350; x_wconf 78' lang='lat' dir='ltr'>dictas</span> <span class='ocrx_word' id='word_1_8' title='bbox 392 322 743 351; x_wconf 77' lang='lat' dir='ltr'>excommunicationis</span> <span class='ocrx_word' id='word_1_9' title='bbox 767 327 795 352; x_wconf 91' lang='lat' dir='ltr'>et</span> <span class='ocrx_word' id='word_1_10' title='bbox 820 323 989 353; x_wconf 74' lang='lat' dir='ltr'>interdicti</span> <span class='ocrx_word' id='word_1_11' title='bbox 1007 325 1205 359; x_wconf 79' lang='lat' dir='ltr'>sententias,</span> <span class='ocrx_word' id='word_1_12' title='bbox 1224 334 1277 354; x_wconf 83' lang='lat' dir='ltr'>ra-</span> 
     </span>
     <span class='ocr_line' id='line_1_3' title="bbox 272 374 1277 414; baseline 0.004 -12"><span class='ocrx_word' id='word_1_13' title='bbox 272 374 360 403; x_wconf 89' lang='lat' dir='ltr'>tione</span> <span class='ocrx_word' id='word_1_14' title='bbox 379 374 564 412; x_wconf 71' lang='lat' dir='ltr'>questionis</span> <span class='ocrx_word' id='word_1_15' title='bbox 586 374 790 413; x_wconf 86' lang='lat' dir='ltr'>hujusmodi,</span> <span class='ocrx_word' id='word_1_16' title='bbox 811 376 844 404; x_wconf 91' lang='lat' dir='ltr'>in</span> <span class='ocrx_word' id='word_1_17' title='bbox 861 376 969 414; x_wconf 88' lang='lat' dir='ltr'>ipsum</span> <span class='ocrx_word' id='word_1_18' title='bbox 993 382 1021 406; x_wconf 89' lang='lat' dir='ltr'>et</span> <span class='ocrx_word' id='word_1_19' title='bbox 1045 382 1165 406; x_wconf 86' lang='lat' dir='ltr'>terram</span> <span class='ocrx_word' id='word_1_20' title='bbox 1182 386 1277 406; x_wconf 86' lang='lat' dir='ltr'>suam</span> 
     </span>
     <span class='ocr_line' id='line_1_4' title="bbox 271 425 1276 467; baseline 0.004 -12"><span class='ocrx_word' id='word_1_21' title='bbox 271 425 425 464; x_wconf 78' lang='lat' dir='ltr'>prolatas.</span> <span class='ocrx_word' id='word_1_22' title='bbox 447 427 580 464; x_wconf 87' lang='lat' dir='ltr'>penitus</span> <span class='ocrx_word' id='word_1_23' title='bbox 601 428 746 457; x_wconf 78' lang='lat' dir='ltr'>revocari</span> <span class='ocrx_word' id='word_1_24' title='bbox 763 438 768 459; x_wconf 73' lang='lat' dir='ltr'><strong><em>z</em></strong></span> <span class='ocrx_word' id='word_1_25' title='bbox 797 437 937 467; x_wconf 88' lang='lat' dir='ltr'>quarum</span> <span class='ocrx_word' id='word_1_26' title='bbox 957 429 1121 459; x_wconf 76' lang='lat' dir='ltr'>revocatio</span> <span class='ocrx_word' id='word_1_27' title='bbox 1141 429 1175 458; x_wconf 90' lang='lat' dir='ltr'>in</span> <span class='ocrx_word' id='word_1_28' title='bbox 1195 429 1276 459; x_wconf 88' lang='lat' dir='ltr'>locis</span> 
     </span>
     <span class='ocr_line' id='line_1_5' title="bbox 270 478 1277 519; baseline 0.004 -12"><span class='ocrx_word' id='word_1_29' title='bbox 270 478 304 507; x_wconf 88' lang='lat' dir='ltr'>in</span> <span class='ocrx_word' id='word_1_30' title='bbox 322 478 443 517; x_wconf 76' lang='lat' dir='ltr'>quibus</span> <span class='ocrx_word' id='word_1_31' title='bbox 462 478 546 508; x_wconf 79' lang='lat' dir='ltr'>dicte</span> <span class='ocrx_word' id='word_1_32' title='bbox 571 480 735 509; x_wconf 80' lang='lat' dir='ltr'>sententie</span> <span class='ocrx_word' id='word_1_33' title='bbox 759 481 887 510; x_wconf 86' lang='lat' dir='ltr'>fuerant</span> <span class='ocrx_word' id='word_1_34' title='bbox 905 485 1000 510; x_wconf 85' lang='lat' dir='ltr'>antea</span> <span class='ocrx_word' id='word_1_35' title='bbox 1018 481 1195 519; x_wconf 70' lang='lat' dir='ltr'>publicato,</span> <span class='ocrx_word' id='word_1_36' title='bbox 1212 482 1277 511; x_wconf 86' lang='lat' dir='ltr'>suit</span> 
     </span>
     <span class='ocr_line' id='line_1_6' title="bbox 270 531 1276 569; baseline 0.004 -9"><span class='ocrx_word' id='word_1_37' title='bbox 270 531 498 569; x_wconf 64' lang='lat' dir='ltr'>sollempniter</span> <span class='ocrx_word' id='word_1_38' title='bbox 523 532 686 562; x_wconf 78' lang='lat' dir='ltr'>nuntiata.</span> <span class='ocrx_word' id='word_1_39' title='bbox 716 534 927 563; x_wconf 74' lang='lat' dir='ltr'>Postmodum</span> <span class='ocrx_word' id='word_1_40' title='bbox 952 543 1045 569; x_wconf 75' lang='lat' dir='ltr'>vero,</span> <span class='ocrx_word' id='word_1_41' title='bbox 1072 535 1184 564; x_wconf 88' lang='lat' dir='ltr'>eodem</span> <span class='ocrx_word' id='word_1_42' title='bbox 1206 535 1276 564; x_wconf 85' lang='lat' dir='ltr'>Ma-</span> 
     </span>
     <span class='ocr_line' id='line_1_7' title="bbox 269 584 1276 625; baseline 0.004 -12"><span class='ocrx_word' id='word_1_43' title='bbox 269 584 427 613; x_wconf 82' lang='lat' dir='ltr'>cloviensi</span> <span class='ocrx_word' id='word_1_44' title='bbox 443 584 626 622; x_wconf 82' lang='lat' dir='ltr'>deponente</span> <span class='ocrx_word' id='word_1_45' title='bbox 640 594 749 615; x_wconf 83' lang='lat' dir='ltr'>coram</span> <span class='ocrx_word' id='word_1_46' title='bbox 767 586 852 615; x_wconf 85' lang='lat' dir='ltr'>dicto</span> <span class='ocrx_word' id='word_1_47' title='bbox 866 586 1110 616; x_wconf 87' lang='lat' dir='ltr'>Cenomanensi</span> <span class='ocrx_word' id='word_1_48' title='bbox 1124 587 1276 625; x_wconf 83' lang='lat' dir='ltr'>episeopo</span> 
     </span>
     <span class='ocr_line' id='line_1_8' title="bbox 270 637 1274 677; baseline 0.003 -11"><span class='ocrx_word' id='word_1_49' title='bbox 270 642 298 666; x_wconf 84' lang='lat' dir='ltr'>et</span> <span class='ocrx_word' id='word_1_50' title='bbox 327 646 386 666; x_wconf 83' lang='lat' dir='ltr'>suo</span> <span class='ocrx_word' id='word_1_51' title='bbox 409 637 580 675; x_wconf 82' lang='lat' dir='ltr'>conjudice</span> <span class='ocrx_word' id='word_1_52' title='bbox 607 637 645 667; x_wconf 86' lang='lat' dir='ltr'>de</span> <span class='ocrx_word' id='word_1_53' title='bbox 673 638 743 676; x_wconf 78' lang='lat' dir='ltr'>ipso</span> <span class='ocrx_word' id='word_1_54' title='bbox 767 639 884 669; x_wconf 90' lang='lat' dir='ltr'>comite</span> <span class='ocrx_word' id='word_1_55' title='bbox 912 640 1136 677; x_wconf 73' lang='lat' dir='ltr'>questionem,</span> <span class='ocrx_word' id='word_1_56' title='bbox 1162 639 1274 675; x_wconf 81' lang='lat' dir='ltr'>iidem,</span> 
     </span>
     <span class='ocr_line' id='line_1_9' title="bbox 268 689 1277 731; baseline 0.003 -13"><span class='ocrx_word' id='word_1_57' title='bbox 268 690 405 719; x_wconf 82' lang='lat' dir='ltr'>obtentu</span> <span class='ocrx_word' id='word_1_58' title='bbox 423 689 607 720; x_wconf 84' lang='lat' dir='ltr'>litterarum</span> <span class='ocrx_word' id='word_1_59' title='bbox 625 690 824 721; x_wconf 76' lang='lat' dir='ltr'>directarum</span> <span class='ocrx_word' id='word_1_60' title='bbox 845 691 886 721; x_wconf 88' lang='lat' dir='ltr'>ad</span> <span class='ocrx_word' id='word_1_61' title='bbox 904 701 976 726; x_wconf 81' lang='lat' dir='ltr'>eos,</span> <span class='ocrx_word' id='word_1_62' title='bbox 1000 693 1158 731; x_wconf 84' lang='lat' dir='ltr'>quorum¹</span> <span class='ocrx_word' id='word_1_63' title='bbox 1171 692 1277 731; x_wconf 87' lang='lat' dir='ltr'>juris-</span> 
     </span>
     <span class='ocr_line' id='line_1_10' title="bbox 269 742 1276 783; baseline 0.003 -12"><span class='ocrx_word' id='word_1_64' title='bbox 269 742 371 780; x_wconf 80' lang='lat' dir='ltr'>dictio</span> <span class='ocrx_word' id='word_1_65' title='bbox 387 752 443 781; x_wconf 82' lang='lat' dir='ltr'>per</span> <span class='ocrx_word' id='word_1_66' title='bbox 462 749 639 782; x_wconf 74' lang='lat' dir='ltr'>sequentes</span> <span class='ocrx_word' id='word_1_67' title='bbox 658 744 801 779; x_wconf 77' lang='lat' dir='ltr'>litteras,</span> <span class='ocrx_word' id='word_1_68' title='bbox 829 745 987 775; x_wconf 75' lang='lat' dir='ltr'>facientes</span> <span class='ocrx_word' id='word_1_69' title='bbox 1008 754 1161 783; x_wconf 80' lang='lat' dir='ltr'>expresse</span> <span class='ocrx_word' id='word_1_70' title='bbox 1183 754 1276 775; x_wconf 90' lang='lat' dir='ltr'>men-</span> 
     </span>
     <span class='ocr_line' id='line_1_11' title="bbox 271 795 1277 836; baseline 0.003 -12"><span class='ocrx_word' id='word_1_71' title='bbox 271 795 392 825; x_wconf 85' lang='lat' dir='ltr'>tionem</span> <span class='ocrx_word' id='word_1_72' title='bbox 409 795 447 825; x_wconf 73' lang='lat' dir='ltr'>de</span> <span class='ocrx_word' id='word_1_73' title='bbox 471 796 570 833; x_wconf 84' lang='lat' dir='ltr'>ipsis.</span> <span class='ocrx_word' id='word_1_74' title='bbox 590 797 695 826; x_wconf 76' lang='lat' dir='ltr'>fuerat</span> <span class='ocrx_word' id='word_1_75' title='bbox 714 802 880 828; x_wconf 78' lang='lat' dir='ltr'>revocata.</span> <span class='ocrx_word' id='word_1_76' title='bbox 897 797 1165 836; x_wconf 83' lang='lat' dir='ltr'>jurisdictionem</span> <span class='ocrx_word' id='word_1_77' title='bbox 1182 798 1277 827; x_wconf 89' lang='lat' dir='ltr'>inde-</span> 
     </span>
     <span class='ocr_line' id='line_1_12' title="bbox 268 849 1274 889; baseline 0.004 -12"><span class='ocrx_word' id='word_1_78' title='bbox 268 849 370 877; x_wconf 80' lang='lat' dir='ltr'>bitam</span> <span class='ocrx_word' id='word_1_79' title='bbox 385 854 602 879; x_wconf 70' lang='lat' dir='ltr'>resumentes.</span> <span class='ocrx_word' id='word_1_80' title='bbox 621 850 772 885; x_wconf 87' lang='lat' dir='ltr'>cundem,</span> <span class='ocrx_word' id='word_1_81' title='bbox 789 855 865 880; x_wconf 88' lang='lat' dir='ltr'>tunc</span> <span class='ocrx_word' id='word_1_82' title='bbox 882 851 916 880; x_wconf 93' lang='lat' dir='ltr'>in</span> <span class='ocrx_word' id='word_1_83' title='bbox 932 851 1052 889; x_wconf 63' lang='lat' dir='ltr'>Anglia</span> <span class='ocrx_word' id='word_1_84' title='bbox 1067 851 1274 887; x_wconf 69' lang='lat' dir='ltr'>existentem,</span> 
     </span>
     <span class='ocr_line' id='line_1_13' title="bbox 269 901 1276 943; baseline 0.004 -13"><span class='ocrx_word' id='word_1_85' title='bbox 269 901 308 930; x_wconf 86' lang='lat' dir='ltr'>ad</span> <span class='ocrx_word' id='word_1_86' title='bbox 342 911 435 930; x_wconf 80' lang='lat' dir='ltr'>suam</span> <span class='ocrx_word' id='word_1_87' title='bbox 469 903 669 940; x_wconf 86' lang='lat' dir='ltr'>presentiam</span> <span class='ocrx_word' id='word_1_88' title='bbox 697 908 890 939; x_wconf 72' lang='lat' dir='ltr'>evocarunt3</span> <span class='ocrx_word' id='word_1_89' title='bbox 921 913 937 933; x_wconf 88' lang='lat' dir='ltr'>a</span> <span class='ocrx_word' id='word_1_90' title='bbox 968 904 1090 942; x_wconf 78' lang='lat' dir='ltr'>quibus</span> <span class='ocrx_word' id='word_1_91' title='bbox 1120 914 1156 934; x_wconf 82' lang='lat' dir='ltr'>ex</span> <span class='ocrx_word' id='word_1_92' title='bbox 1184 909 1276 943; x_wconf 84' lang='lat' dir='ltr'>parte</span> 
     </span>
     <span class='ocr_line' id='line_1_14' title="bbox 267 954 1276 994; baseline 0.005 -12"><span class='ocrx_word' id='word_1_93' title='bbox 267 954 372 992; x_wconf 82' lang='lat' dir='ltr'>ipsius</span> <span class='ocrx_word' id='word_1_94' title='bbox 395 954 533 991; x_wconf 88' lang='lat' dir='ltr'>petitum</span> <span class='ocrx_word' id='word_1_95' title='bbox 560 954 732 984; x_wconf 83' lang='lat' dir='ltr'>humiliter</span> <span class='ocrx_word' id='word_1_96' title='bbox 757 956 862 985; x_wconf 78' lang='lat' dir='ltr'>extitit</span> <span class='ocrx_word' id='word_1_97' title='bbox 892 956 992 994; x_wconf 80' lang='lat' dir='ltr'>quod,</span> <span class='ocrx_word' id='word_1_98' title='bbox 1018 966 1091 986; x_wconf 90' lang='lat' dir='ltr'>cum</span> <span class='ocrx_word' id='word_1_99' title='bbox 1117 956 1208 987; x_wconf 88' lang='lat' dir='ltr'>locus</span> <span class='ocrx_word' id='word_1_100' title='bbox 1236 957 1276 987; x_wconf 90' lang='lat' dir='ltr'>ad</span> 
     </span>
     <span class='ocr_line' id='line_1_15' title="bbox 268 1007 1276 1045; baseline 0.004 -10"><span class='ocrx_word' id='word_1_101' title='bbox 268 1015 364 1045; x_wconf 85' lang='lat' dir='ltr'>quem</span> <span class='ocrx_word' id='word_1_102' title='bbox 382 1007 502 1035; x_wconf 87' lang='lat' dir='ltr'>citatus</span> <span class='ocrx_word' id='word_1_103' title='bbox 518 1007 636 1042; x_wconf 81' lang='lat' dir='ltr'>fuerat,</span> <span class='ocrx_word' id='word_1_104' title='bbox 658 1007 722 1037; x_wconf 84' lang='lat' dir='ltr'>sibi</span> <span class='ocrx_word' id='word_1_105' title='bbox 743 1008 881 1038; x_wconf 87' lang='lat' dir='ltr'>minime</span> <span class='ocrx_word' id='word_1_106' title='bbox 901 1013 989 1038; x_wconf 86' lang='lat' dir='ltr'>tutus</span> <span class='ocrx_word' id='word_1_107' title='bbox 1006 1013 1104 1044; x_wconf 83' lang='lat' dir='ltr'>esset,</span> <span class='ocrx_word' id='word_1_108' title='bbox 1122 1009 1152 1039; x_wconf 92' lang='lat' dir='ltr'>ei</span> <span class='ocrx_word' id='word_1_109' title='bbox 1168 1009 1276 1039; x_wconf 87' lang='lat' dir='ltr'>locum</span> 
     </span>
     <span class='ocr_line' id='line_1_16' title="bbox 268 1059 1276 1100; baseline 0.004 -12"><span class='ocrx_word' id='word_1_110' title='bbox 268 1059 308 1088; x_wconf 84' lang='lat' dir='ltr'>ad</span> <span class='ocrx_word' id='word_1_111' title='bbox 337 1068 435 1098; x_wconf 79' lang='lat' dir='ltr'>quem</span> <span class='ocrx_word' id='word_1_112' title='bbox 466 1068 602 1089; x_wconf 83' lang='lat' dir='ltr'>securus</span> <span class='ocrx_word' id='word_1_113' title='bbox 630 1060 815 1096; x_wconf 73' lang='lat' dir='ltr'>accederet,</span> <span class='ocrx_word' id='word_1_114' title='bbox 848 1061 1069 1099; x_wconf 73' lang='lat' dir='ltr'>assignarent.</span> <span class='ocrx_word' id='word_1_115' title='bbox 1104 1062 1166 1092; x_wconf 77' lang='lat' dir='ltr'>Sed</span> <span class='ocrx_word' id='word_1_116' title='bbox 1197 1062 1276 1100; x_wconf 84' lang='lat' dir='ltr'>quia</span> 
     </span>
     <span class='ocr_line' id='line_1_17' title="bbox 267 1111 1275 1153; baseline 0.004 -13"><span class='ocrx_word' id='word_1_117' title='bbox 267 1111 440 1141; x_wconf 88' lang='lat' dir='ltr'>humiliter</span> <span class='ocrx_word' id='word_1_118' title='bbox 467 1112 620 1150; x_wconf 83' lang='lat' dir='ltr'>requisiti</span> <span class='ocrx_word' id='word_1_119' title='bbox 647 1113 681 1141; x_wconf 92' lang='lat' dir='ltr'>id</span> <span class='ocrx_word' id='word_1_120' title='bbox 709 1113 818 1143; x_wconf 84' lang='lat' dir='ltr'>facere</span> <span class='ocrx_word' id='word_1_121' title='bbox 845 1113 1070 1151; x_wconf 78' lang='lat' dir='ltr'>denegarunt,</span> <span class='ocrx_word' id='word_1_122' title='bbox 1099 1124 1157 1153; x_wconf 91' lang='lat' dir='ltr'>pro</span> <span class='ocrx_word' id='word_1_123' title='bbox 1182 1119 1275 1153; x_wconf 88' lang='lat' dir='ltr'>parte</span> 
     </span>
     <span class='ocr_line' id='line_1_18' title="bbox 266 1165 1275 1205; baseline 0.004 -11"><span class='ocrx_word' id='word_1_124' title='bbox 266 1165 372 1203; x_wconf 80' lang='lat' dir='ltr'>ipsius</span> <span class='ocrx_word' id='word_1_125' title='bbox 390 1165 429 1194; x_wconf 86' lang='lat' dir='ltr'>ad</span> <span class='ocrx_word' id='word_1_126' title='bbox 446 1170 591 1194; x_wconf 82' lang='lat' dir='ltr'>nostram</span> <span class='ocrx_word' id='word_1_127' title='bbox 609 1166 669 1195; x_wconf 84' lang='lat' dir='ltr'>suit</span> <span class='ocrx_word' id='word_1_128' title='bbox 689 1166 892 1196; x_wconf 87' lang='lat' dir='ltr'>audientiam</span> <span class='ocrx_word' id='word_1_129' title='bbox 912 1167 1128 1205; x_wconf 75' lang='lat' dir='ltr'>appellatum3</span> <span class='ocrx_word' id='word_1_130' title='bbox 1148 1172 1180 1198; x_wconf 86' lang='lat' dir='ltr'>at</span> <span class='ocrx_word' id='word_1_131' title='bbox 1195 1168 1275 1198; x_wconf 88' lang='lat' dir='ltr'>dicti</span> 
     </span>
     <span class='ocr_line' id='line_1_19' title="bbox 262 1217 1275 1259; baseline 0.003 -12"><span class='ocrx_word' id='word_1_132' title='bbox 262 1217 407 1256; x_wconf 81' lang='lat' dir='ltr'>judices.</span> <span class='ocrx_word' id='word_1_133' title='bbox 430 1217 620 1256; x_wconf 85' lang='lat' dir='ltr'>hujusmodi</span> <span class='ocrx_word' id='word_1_134' title='bbox 643 1218 862 1256; x_wconf 86' lang='lat' dir='ltr'>appellatione</span> <span class='ocrx_word' id='word_1_135' title='bbox 883 1224 1084 1258; x_wconf 85' lang='lat' dir='ltr'>contempta,</span> <span class='ocrx_word' id='word_1_136' title='bbox 1109 1221 1143 1250; x_wconf 93' lang='lat' dir='ltr'>in</span> <span class='ocrx_word' id='word_1_137' title='bbox 1164 1221 1275 1259; x_wconf 89' lang='lat' dir='ltr'>ipsum</span> 
     </span>
     <span class='ocr_line' id='line_1_20' title="bbox 266 1270 1274 1304; baseline 0.003 -4"><span class='ocrx_word' id='word_1_138' title='bbox 266 1270 618 1300; x_wconf 77' lang='lat' dir='ltr'>excommunicationis</span> <span class='ocrx_word' id='word_1_139' title='bbox 643 1276 671 1300; x_wconf 84' lang='lat' dir='ltr'>et</span> <span class='ocrx_word' id='word_1_140' title='bbox 698 1275 817 1301; x_wconf 89' lang='lat' dir='ltr'>terram</span> <span class='ocrx_word' id='word_1_141' title='bbox 837 1281 930 1301; x_wconf 88' lang='lat' dir='ltr'>suam</span> <span class='ocrx_word' id='word_1_142' title='bbox 952 1272 1120 1303; x_wconf 72' lang='lat' dir='ltr'>interdicti</span> <span class='ocrx_word' id='word_1_143' title='bbox 1139 1278 1274 1304; x_wconf 84' lang='lat' dir='ltr'>senten-</span> 
     </span>
     <span class='ocr_line' id='line_1_21' title="bbox 266 1322 1274 1365; baseline 0.005 -14"><span class='ocrx_word' id='word_1_144' title='bbox 266 1323 328 1352; x_wconf 87' lang='lat' dir='ltr'>tias</span> <span class='ocrx_word' id='word_1_145' title='bbox 346 1322 564 1360; x_wconf 83' lang='lat' dir='ltr'>protulerunt.</span> <span class='ocrx_word' id='word_1_146' title='bbox 588 1324 726 1353; x_wconf 83' lang='lat' dir='ltr'>Demuiu</span> <span class='ocrx_word' id='word_1_147' title='bbox 745 1334 821 1354; x_wconf 80' lang='lat' dir='ltr'>vero</span> <span class='ocrx_word' id='word_1_148' title='bbox 838 1324 926 1355; x_wconf 88' lang='lat' dir='ltr'>idem</span> <span class='ocrx_word' id='word_1_149' title='bbox 945 1334 1068 1360; x_wconf 87' lang='lat' dir='ltr'>comes,</span> <span class='ocrx_word' id='word_1_150' title='bbox 1086 1326 1125 1356; x_wconf 83' lang='lat' dir='ltr'>ad</span> <span class='ocrx_word' id='word_1_151' title='bbox 1142 1327 1274 1365; x_wconf 80' lang='lat' dir='ltr'>propria</span> 
     </span>
     <span class='ocr_line' id='line_1_22' title="bbox 265 1376 1274 1418; baseline 0.005 -13"><span class='ocrx_word' id='word_1_152' title='bbox 265 1376 408 1405; x_wconf 81' lang='lat' dir='ltr'>rediens.</span> <span class='ocrx_word' id='word_1_153' title='bbox 428 1385 537 1405; x_wconf 86' lang='lat' dir='ltr'>coram</span> <span class='ocrx_word' id='word_1_154' title='bbox 556 1376 639 1414; x_wconf 85' lang='lat' dir='ltr'>ipsis</span> <span class='ocrx_word' id='word_1_155' title='bbox 652 1376 822 1415; x_wconf 76' lang='lat' dir='ltr'>judicibus</span> <span class='ocrx_word' id='word_1_156' title='bbox 839 1377 903 1406; x_wconf 87' lang='lat' dir='ltr'>sibi</span> <span class='ocrx_word' id='word_1_157' title='bbox 921 1378 1027 1407; x_wconf 86' lang='lat' dir='ltr'>locum</span> <span class='ocrx_word' id='word_1_158' title='bbox 1045 1379 1163 1409; x_wconf 88' lang='lat' dir='ltr'>iterato</span> <span class='ocrx_word' id='word_1_159' title='bbox 1178 1380 1274 1418; x_wconf 86' lang='lat' dir='ltr'>petiit</span> 
     </span>
     <span class='ocr_line' id='line_1_23' title="bbox 265 1429 1270 1471; baseline 0.004 -13"><span class='ocrx_word' id='word_1_160' title='bbox 265 1429 429 1467; x_wconf 62' lang='lat' dir='ltr'>assignari</span> <span class='ocrx_word' id='word_1_161' title='bbox 447 1438 618 1460; x_wconf 77' lang='lat' dir='ltr'>securum.</span> <span class='ocrx_word' id='word_1_162' title='bbox 637 1429 671 1458; x_wconf 91' lang='lat' dir='ltr'>in</span> <span class='ocrx_word' id='word_1_163' title='bbox 690 1439 770 1468; x_wconf 84' lang='lat' dir='ltr'>quo,</span> <span class='ocrx_word' id='word_1_164' title='bbox 790 1430 817 1459; x_wconf 87' lang='lat' dir='ltr'>si</span> <span class='ocrx_word' id='word_1_165' title='bbox 835 1439 948 1460; x_wconf 86' lang='lat' dir='ltr'>eorum</span> <span class='ocrx_word' id='word_1_166' title='bbox 965 1436 1053 1461; x_wconf 87' lang='lat' dir='ltr'>esset</span> <span class='ocrx_word' id='word_1_167' title='bbox 1065 1432 1270 1471; x_wconf 87' lang='lat' dir='ltr'>jurisdictio,</span> 
     </span>
     <span class='ocr_line' id='line_1_24' title="bbox 264 1482 1272 1524; baseline 0.007 -15"><span class='ocrx_word' id='word_1_168' title='bbox 264 1486 398 1519; x_wconf 72' lang='lat' dir='ltr'>paratus</span> <span class='ocrx_word' id='word_1_169' title='bbox 428 1482 533 1510; x_wconf 79' lang='lat' dir='ltr'>fuerat</span> <span class='ocrx_word' id='word_1_170' title='bbox 562 1482 646 1520; x_wconf 91' lang='lat' dir='ltr'>parti</span> <span class='ocrx_word' id='word_1_171' title='bbox 673 1482 768 1512; x_wconf 87' lang='lat' dir='ltr'>alteri</span> <span class='ocrx_word' id='word_1_172' title='bbox 795 1483 949 1513; x_wconf 80' lang='lat' dir='ltr'>exhihere</span> <span class='ocrx_word' id='word_1_173' title='bbox 972 1484 1102 1523; x_wconf 87' lang='lat' dir='ltr'>justitie</span> <span class='ocrx_word' id='word_1_174' title='bbox 1129 1486 1272 1524; x_wconf 86' lang='lat' dir='ltr'>comple-</span> 
     </span>
     <span class='ocr_line' id='line_1_25' title="bbox 264 1535 1273 1574; baseline 0.006 -12"><span class='ocrx_word' id='word_1_175' title='bbox 264 1539 430 1564; x_wconf 83' lang='lat' dir='ltr'>mentum:</span> <span class='ocrx_word' id='word_1_176' title='bbox 449 1539 477 1563; x_wconf 85' lang='lat' dir='ltr'>et</span> <span class='ocrx_word' id='word_1_177' title='bbox 496 1535 573 1573; x_wconf 85' lang='lat' dir='ltr'>quia</span> <span class='ocrx_word' id='word_1_178' title='bbox 593 1535 672 1565; x_wconf 85' lang='lat' dir='ltr'>dicti</span> <span class='ocrx_word' id='word_1_179' title='bbox 685 1535 815 1574; x_wconf 85' lang='lat' dir='ltr'>judiees</span> <span class='ocrx_word' id='word_1_180' title='bbox 834 1536 867 1564; x_wconf 93' lang='lat' dir='ltr'>in</span> <span class='ocrx_word' id='word_1_181' title='bbox 886 1536 945 1566; x_wconf 83' lang='lat' dir='ltr'>hoc</span> <span class='ocrx_word' id='word_1_182' title='bbox 962 1537 1076 1567; x_wconf 88' lang='lat' dir='ltr'>audire</span> <span class='ocrx_word' id='word_1_183' title='bbox 1094 1538 1273 1568; x_wconf 86' lang='lat' dir='ltr'>noluerunt</span> 
     </span>
     <span class='ocr_line' id='line_1_26' title="bbox 265 1587 1272 1625; baseline 0.005 -10"><span class='ocrx_word' id='word_1_184' title='bbox 265 1587 417 1616; x_wconf 80' lang='lat' dir='ltr'>eundem.</span> <span class='ocrx_word' id='word_1_185' title='bbox 437 1587 518 1624; x_wconf 79' lang='lat' dir='ltr'>ipse.</span> <span class='ocrx_word' id='word_1_186' title='bbox 540 1588 689 1617; x_wconf 77' lang='lat' dir='ltr'>sentiens</span> <span class='ocrx_word' id='word_1_187' title='bbox 707 1598 740 1617; x_wconf 83' lang='lat' dir='ltr'>se</span> <span class='ocrx_word' id='word_1_188' title='bbox 755 1589 897 1625; x_wconf 77' lang='lat' dir='ltr'>gravari,</span> <span class='ocrx_word' id='word_1_189' title='bbox 912 1589 951 1618; x_wconf 86' lang='lat' dir='ltr'>ad</span> <span class='ocrx_word' id='word_1_190' title='bbox 965 1598 1023 1619; x_wconf 90' lang='lat' dir='ltr'>nos</span> <span class='ocrx_word' id='word_1_191' title='bbox 1040 1589 1147 1620; x_wconf 89' lang='lat' dir='ltr'>denuo</span> <span class='ocrx_word' id='word_1_192' title='bbox 1160 1600 1272 1621; x_wconf 79' lang='lat' dir='ltr'>vocem</span> 
     </span>
     <span class='ocr_line' id='line_1_27' title="bbox 265 1639 1271 1682; baseline 0.005 -14"><span class='ocrx_word' id='word_1_193' title='bbox 265 1639 496 1677; x_wconf 76' lang='lat' dir='ltr'>appellationis</span> <span class='ocrx_word' id='word_1_194' title='bbox 522 1640 644 1669; x_wconf 79' lang='lat' dir='ltr'>emisit.</span> <span class='ocrx_word' id='word_1_195' title='bbox 669 1640 732 1669; x_wconf 75' lang='lat' dir='ltr'>Sed</span> <span class='ocrx_word' id='word_1_196' title='bbox 751 1641 891 1679; x_wconf 79' lang='lat' dir='ltr'>judices,</span> <span class='ocrx_word' id='word_1_197' title='bbox 915 1641 1129 1679; x_wconf 73' lang='lat' dir='ltr'>appellationi</span> <span class='ocrx_word' id='word_1_198' title='bbox 1155 1643 1271 1682; x_wconf 79' lang='lat' dir='ltr'>liujus-</span> 
     </span>
     <span class='ocr_line' id='line_1_28' title="bbox 263 1692 1271 1731; baseline 0.006 -12"><span class='ocrx_word' id='word_1_199' title='bbox 263 1692 351 1720; x_wconf 84' lang='lat' dir='ltr'>modi</span> <span class='ocrx_word' id='word_1_200' title='bbox 368 1692 504 1721; x_wconf 85' lang='lat' dir='ltr'>minime</span> <span class='ocrx_word' id='word_1_201' title='bbox 522 1692 718 1727; x_wconf 82' lang='lat' dir='ltr'>deferentes,</span> <span class='ocrx_word' id='word_1_202' title='bbox 739 1693 771 1721; x_wconf 93' lang='lat' dir='ltr'>in</span> <span class='ocrx_word' id='word_1_203' title='bbox 790 1693 897 1731; x_wconf 87' lang='lat' dir='ltr'>ipsum</span> <span class='ocrx_word' id='word_1_204' title='bbox 912 1694 1029 1724; x_wconf 86' lang='lat' dir='ltr'>iterato</span> <span class='ocrx_word' id='word_1_205' title='bbox 1046 1696 1271 1725; x_wconf 72' lang='lat' dir='ltr'>excommuni-</span> 
     </span>
     <span class='ocr_line' id='line_1_29' title="bbox 263 1744 1271 1786; baseline 0.005 -13"><span class='ocrx_word' id='word_1_206' title='bbox 263 1744 404 1773; x_wconf 75' lang='lat' dir='ltr'>cationis</span> <span class='ocrx_word' id='word_1_207' title='bbox 419 1749 446 1773; x_wconf 75' lang='lat' dir='ltr'>et</span> <span class='ocrx_word' id='word_1_208' title='bbox 465 1749 582 1773; x_wconf 76' lang='lat' dir='ltr'>terrani</span> <span class='ocrx_word' id='word_1_209' title='bbox 598 1754 690 1773; x_wconf 86' lang='lat' dir='ltr'>suam</span> <span class='ocrx_word' id='word_1_210' title='bbox 707 1745 874 1775; x_wconf 77' lang='lat' dir='ltr'>interdicti</span> <span class='ocrx_word' id='word_1_211' title='bbox 889 1747 1071 1777; x_wconf 78' lang='lat' dir='ltr'>sententias</span> <span class='ocrx_word' id='word_1_212' title='bbox 1083 1748 1271 1786; x_wconf 71' lang='lat' dir='ltr'>promulga-</span> 
     </span>
     <span class='ocr_line' id='line_1_30' title="bbox 263 1797 1271 1839; baseline 0.006 -14"><span class='ocrx_word' id='word_1_213' title='bbox 263 1801 348 1825; x_wconf 87' lang='lat' dir='ltr'>runt.</span> <span class='ocrx_word' id='word_1_214' title='bbox 371 1797 530 1832; x_wconf 72' lang='lat' dir='ltr'>Quocirca</span> <span class='ocrx_word' id='word_1_215' title='bbox 549 1797 743 1826; x_wconf 82' lang='lat' dir='ltr'>discretioni</span> <span class='ocrx_word' id='word_1_216' title='bbox 759 1803 866 1827; x_wconf 72' lang='lat' dir='ltr'>vestre</span> <span class='ocrx_word' id='word_1_217' title='bbox 880 1808 937 1836; x_wconf 89' lang='lat' dir='ltr'>per</span> <span class='ocrx_word' id='word_1_218' title='bbox 953 1800 1133 1837; x_wconf 79' lang='lat' dir='ltr'>apostolica</span> <span class='ocrx_word' id='word_1_219' title='bbox 1149 1801 1271 1839; x_wconf 83' lang='lat' dir='ltr'>scripta</span> 
     </span>
     <span class='ocr_line' id='line_1_31' title="bbox 263 1849 1271 1887; baseline 0.006 -10"><span class='ocrx_word' id='word_1_220' title='bbox 263 1849 457 1878; x_wconf 78' lang='lat' dir='ltr'>mandamus</span> <span class='ocrx_word' id='word_1_221' title='bbox 482 1855 661 1887; x_wconf 72' lang='lat' dir='ltr'>quatenus,</span> <span class='ocrx_word' id='word_1_222' title='bbox 685 1850 712 1878; x_wconf 81' lang='lat' dir='ltr'>si</span> <span class='ocrx_word' id='word_1_223' title='bbox 739 1850 843 1880; x_wconf 84' lang='lat' dir='ltr'>dictas</span> <span class='ocrx_word' id='word_1_224' title='bbox 863 1853 1215 1882; x_wconf 76' lang='lat' dir='ltr'>excommunicationis</span> <span class='ocrx_word' id='word_1_225' title='bbox 1240 1858 1271 1884; x_wconf 87' lang='lat' dir='ltr'>et</span> 
     </span>
     <span class='ocr_line' id='line_1_32' title="bbox 261 1902 1270 1945; baseline 0.006 -15"><span class='ocrx_word' id='word_1_226' title='bbox 261 1902 429 1931; x_wconf 74' lang='lat' dir='ltr'>interdicti</span> <span class='ocrx_word' id='word_1_227' title='bbox 448 1903 631 1932; x_wconf 71' lang='lat' dir='ltr'>sententias</span> <span class='ocrx_word' id='word_1_228' title='bbox 648 1908 718 1941; x_wconf 78' lang='lat' dir='ltr'>post</span> <span class='ocrx_word' id='word_1_229' title='bbox 737 1904 990 1942; x_wconf 76' lang='lat' dir='ltr'>appellationem</span> <span class='ocrx_word' id='word_1_230' title='bbox 1009 1905 1198 1945; x_wconf 83' lang='lat' dir='ltr'>hujusmodi</span> <span class='ocrx_word' id='word_1_231' title='bbox 1218 1907 1270 1936; x_wconf 90' lang='lat' dir='ltr'>in-</span> 
     </span>
     <span class='ocr_line' id='line_1_33' title="bbox 261 1955 1269 1996; baseline 0.007 -14"><span class='ocrx_word' id='word_1_232' title='bbox 261 1955 420 1984; x_wconf 74' lang='lat' dir='ltr'>veneritis</span> <span class='ocrx_word' id='word_1_233' title='bbox 445 1965 516 1985; x_wconf 68' lang='lat' dir='ltr'>esse</span> <span class='ocrx_word' id='word_1_234' title='bbox 541 1955 639 1991; x_wconf 75' lang='lat' dir='ltr'>latas,</span> <span class='ocrx_word' id='word_1_235' title='bbox 665 1956 902 1986; x_wconf 76' lang='lat' dir='ltr'>denuntiantes</span> <span class='ocrx_word' id='word_1_236' title='bbox 926 1966 980 1987; x_wconf 78' lang='lat' dir='ltr'>cas</span> <span class='ocrx_word' id='word_1_237' title='bbox 1000 1959 1134 1996; x_wconf 88' lang='lat' dir='ltr'>penitus</span> <span class='ocrx_word' id='word_1_238' title='bbox 1160 1960 1269 1990; x_wconf 84' lang='lat' dir='ltr'>nullas</span> 
     </span>
     <span class='ocr_line' id='line_1_34' title="bbox 261 2009 1269 2050; baseline 0.006 -14"><span class='ocrx_word' id='word_1_239' title='bbox 261 2016 345 2041; x_wconf 73' lang='lat' dir='ltr'>esse,</span> <span class='ocrx_word' id='word_1_240' title='bbox 371 2018 406 2036; x_wconf 68' lang='lat' dir='ltr'>ac</span> <span class='ocrx_word' id='word_1_241' title='bbox 433 2014 624 2037; x_wconf 72' lang='lat' dir='ltr'>revocantes</span> <span class='ocrx_word' id='word_1_242' title='bbox 647 2009 680 2037; x_wconf 91' lang='lat' dir='ltr'>in</span> <span class='ocrx_word' id='word_1_243' title='bbox 705 2014 826 2038; x_wconf 80' lang='lat' dir='ltr'>statum</span> <span class='ocrx_word' id='word_1_244' title='bbox 846 2010 994 2039; x_wconf 84' lang='lat' dir='ltr'>debitum</span> <span class='ocrx_word' id='word_1_245' title='bbox 1016 2011 1175 2050; x_wconf 81' lang='lat' dir='ltr'>quiequid</span> <span class='ocrx_word' id='word_1_246' title='bbox 1196 2016 1269 2050; x_wconf 87' lang='lat' dir='ltr'>post</span> 
     </span>
     <span class='ocr_line' id='line_1_35' title="bbox 261 2060 1268 2103; baseline 0.007 -16"><span class='ocrx_word' id='word_1_247' title='bbox 261 2060 514 2097; x_wconf 70' lang='lat' dir='ltr'>appellationem</span> <span class='ocrx_word' id='word_1_248' title='bbox 531 2061 668 2090; x_wconf 80' lang='lat' dir='ltr'>eandem</span> <span class='ocrx_word' id='word_1_249' title='bbox 682 2061 774 2090; x_wconf 73' lang='lat' dir='ltr'>vohis</span> <span class='ocrx_word' id='word_1_250' title='bbox 787 2062 973 2092; x_wconf 84' lang='lat' dir='ltr'>constiterit</span> <span class='ocrx_word' id='word_1_251' title='bbox 991 2068 1112 2094; x_wconf 84' lang='lat' dir='ltr'>temere</span> <span class='ocrx_word' id='word_1_252' title='bbox 1129 2069 1268 2103; x_wconf 84' lang='lat' dir='ltr'>attemp-</span> 
     </span>
     <span class='ocr_line' id='line_1_36' title="bbox 261 2113 1268 2152; baseline 0.007 -11"><span class='ocrx_word' id='word_1_253' title='bbox 261 2117 380 2147; x_wconf 72' lang='lat' dir='ltr'>tatum,</span> <span class='ocrx_word' id='word_1_254' title='bbox 412 2113 445 2141; x_wconf 91' lang='lat' dir='ltr'>in</span> <span class='ocrx_word' id='word_1_255' title='bbox 477 2122 576 2143; x_wconf 76' lang='lat' dir='ltr'>causa</span> <span class='ocrx_word' id='word_1_256' title='bbox 602 2114 690 2151; x_wconf 84' lang='lat' dir='ltr'>ipsa,</span> <span class='ocrx_word' id='word_1_257' title='bbox 721 2114 941 2152; x_wconf 80' lang='lat' dir='ltr'>appellatione</span> <span class='ocrx_word' id='word_1_258' title='bbox 970 2121 1110 2150; x_wconf 76' lang='lat' dir='ltr'>remota,</span> <span class='ocrx_word' id='word_1_259' title='bbox 1140 2118 1268 2148; x_wconf 88' lang='lat' dir='ltr'>ratione</span> 
     </span>
     <span class='ocr_line' id='line_1_37' title="bbox 259 2166 1267 2208; baseline 0.006 -14"><span class='ocrx_word' id='word_1_260' title='bbox 259 2166 384 2203; x_wconf 70' lang='lat' dir='ltr'>previa.</span> <span class='ocrx_word' id='word_1_261' title='bbox 403 2166 599 2203; x_wconf 70' lang='lat' dir='ltr'>procedatis.</span> <span class='ocrx_word' id='word_1_262' title='bbox 618 2166 775 2205; x_wconf 76' lang='lat' dir='ltr'>Alioquin</span> <span class='ocrx_word' id='word_1_263' title='bbox 792 2172 901 2205; x_wconf 84' lang='lat' dir='ltr'>partes</span> <span class='ocrx_word' id='word_1_264' title='bbox 920 2169 959 2198; x_wconf 85' lang='lat' dir='ltr'>ad</span> <span class='ocrx_word' id='word_1_265' title='bbox 979 2169 1058 2198; x_wconf 87' lang='lat' dir='ltr'>dicti</span> <span class='ocrx_word' id='word_1_266' title='bbox 1075 2170 1219 2208; x_wconf 83' lang='lat' dir='ltr'>episcopi</span> <span class='ocrx_word' id='word_1_267' title='bbox 1237 2175 1267 2200; x_wconf 90' lang='lat' dir='ltr'>et</span> 
     </span>
     <span class='ocr_line' id='line_1_38' title="bbox 260 2219 1266 2261; baseline 0.006 -14"><span class='ocrx_word' id='word_1_268' title='bbox 260 2219 330 2257; x_wconf 80' lang='lat' dir='ltr'>ejus</span> <span class='ocrx_word' id='word_1_269' title='bbox 355 2219 563 2258; x_wconf 25' lang='lat' dir='ltr'>‹c-onjudicum</span> <span class='ocrx_word' id='word_1_270' title='bbox 592 2221 770 2250; x_wconf 78' lang='lat' dir='ltr'>remittatis</span> <span class='ocrx_word' id='word_1_271' title='bbox 801 2231 955 2256; x_wconf 78' lang='lat' dir='ltr'>examen,</span> <span class='ocrx_word' id='word_1_272' title='bbox 987 2222 1205 2261; x_wconf 79' lang='lat' dir='ltr'>appellantem</span> <span class='ocrx_word' id='word_1_273' title='bbox 1232 2224 1266 2253; x_wconf 92' lang='lat' dir='ltr'>in</span> 
     </span>
     <span class='ocr_line' id='line_1_39' title="bbox 260 2271 1266 2312; baseline 0.006 -12"><span class='ocrx_word' id='word_1_274' title='bbox 260 2272 413 2309; x_wconf 63' lang='lat' dir='ltr'>expensis</span> <span class='ocrx_word' id='word_1_275' title='bbox 434 2271 581 2309; x_wconf 65' lang='lat' dir='ltr'>legitime</span> <span class='ocrx_word' id='word_1_276' title='bbox 602 2273 893 2311; x_wconf 78' lang='lat' dir='ltr'>condempnantes.</span> <span class='ocrx_word' id='word_1_277' title='bbox 911 2275 1024 2305; x_wconf 85' lang='lat' dir='ltr'>Testes</span> <span class='ocrx_word' id='word_1_278' title='bbox 1046 2280 1104 2305; x_wconf 88' lang='lat' dir='ltr'>etc.</span> <span class='ocrx_word' id='word_1_279' title='bbox 1129 2276 1221 2312; x_wconf 85' lang='lat' dir='ltr'>Quod</span> <span class='ocrx_word' id='word_1_280' title='bbox 1238 2277 1266 2306; x_wconf 90' lang='lat' dir='ltr'>si</span> 
     </span>
     <span class='ocr_line' id='line_1_40' title="bbox 260 2325 1264 2365; baseline 0.006 -13"><span class='ocrx_word' id='word_1_281' title='bbox 260 2332 324 2352; x_wconf 84' lang='lat' dir='ltr'>non</span> <span class='ocrx_word' id='word_1_282' title='bbox 342 2333 456 2353; x_wconf 69' lang='lat' dir='ltr'>omnes</span> <span class='ocrx_word' id='word_1_283' title='bbox 473 2329 547 2359; x_wconf 53' lang='lat' dir='ltr'>ete„</span> <span class='ocrx_word' id='word_1_284' title='bbox 567 2330 617 2359; x_wconf 67' lang='lat' dir='ltr'>tu,</span> <span class='ocrx_word' id='word_1_285' title='bbox 636 2325 738 2355; x_wconf 87' lang='lat' dir='ltr'>frater</span> <span class='ocrx_word' id='word_1_286' title='bbox 754 2327 922 2365; x_wconf 76' lang='lat' dir='ltr'>episcope,</span> <span class='ocrx_word' id='word_1_287' title='bbox 945 2332 1004 2357; x_wconf 87' lang='lat' dir='ltr'>etc.</span> <span class='ocrx_word' id='word_1_288' title='bbox 1028 2328 1102 2358; x_wconf 89' lang='lat' dir='ltr'>Dat.</span> <span class='ocrx_word' id='word_1_289' title='bbox 1121 2329 1264 2365; x_wconf 87' lang='lat' dir='ltr'>Perusii,</span> 
     </span>
     <span class='ocr_line' id='line_1_41' title="bbox 258 2376 1262 2415; baseline 0.005 -11"><span class='ocrx_word' id='word_1_290' title='bbox 258 2376 302 2405; x_wconf 61' lang='lat' dir='ltr'>vi</span> <span class='ocrx_word' id='word_1_291' title='bbox 322 2376 395 2405; x_wconf 83' lang='lat' dir='ltr'>idus</span> <span class='ocrx_word' id='word_1_292' title='bbox 413 2377 618 2406; x_wconf 72' lang='lat' dir='ltr'>novembris.</span> <span class='ocrx_word' id='word_1_293' title='bbox 640 2378 851 2415; x_wconf 74' lang='lat' dir='ltr'>pontificatus</span> <span class='ocrx_word' id='word_1_294' title='bbox 871 2380 975 2409; x_wconf 85' lang='lat' dir='ltr'>nostri</span> <span class='ocrx_word' id='word_1_295' title='bbox 992 2389 1078 2410; x_wconf 85' lang='lat' dir='ltr'>anno</span> <span class='ocrx_word' id='word_1_296' title='bbox 1101 2386 1225 2412; x_wconf 80' lang='lat' dir='ltr'>octavo.</span> <span class='ocrx_word' id='word_1_297' title='bbox 1250 2395 1262 2409; x_wconf 83' lang='lat'>»</span> 
     </span>
    </p>
   </div>
   <div class='ocr_carea' id='block_1_3' title="bbox 328 2575 441 2604">
    <p class='ocr_par' dir='ltr' id='par_1_3' title="bbox 328 2575 441 2604">
     <span class='ocr_line' id='line_1_42' title="bbox 328 2575 441 2604; baseline -0.009 0"><span class='ocrx_word' id='word_1_298' title='bbox 328 2575 441 2604; x_wconf 71' lang='lat'>2¹8¹</span> 
     </span>
    </p>
   </div>
   <div class='ocr_carea' id='block_1_4' title="bbox 293 2635 1265 2672">
    <p class='ocr_par' dir='ltr' id='par_1_4' title="bbox 293 2635 1265 2672">
     <span class='ocr_line' id='line_1_43' title="bbox 293 2635 1265 2672; baseline 0.01 -10"><span class='ocrx_word' id='word_1_299' title='bbox 293 2635 408 2663; x_wconf 83' lang='lat' dir='ltr'>Eisdem</span> <span class='ocrx_word' id='word_1_300' title='bbox 422 2637 537 2663; x_wconf 71' lang='lat' dir='ltr'>mandat</span> <span class='ocrx_word' id='word_1_301' title='bbox 551 2641 695 2672; x_wconf 81' lang='lat' dir='ltr'>quatenus</span> <span class='ocrx_word' id='word_1_302' title='bbox 711 2638 739 2665; x_wconf 88' lang='lat' dir='ltr'>in</span> <span class='ocrx_word' id='word_1_303' title='bbox 755 2647 842 2666; x_wconf 80' lang='lat' dir='ltr'>causa</span> <span class='ocrx_word' id='word_1_304' title='bbox 857 2641 932 2666; x_wconf 86' lang='lat' dir='ltr'>inter</span> <span class='ocrx_word' id='word_1_305' title='bbox 943 2641 1075 2668; x_wconf 82' lang='lat' dir='ltr'>eumdem</span> <span class='ocrx_word' id='word_1_306' title='bbox 1090 2644 1224 2671; x_wconf 85' lang='lat' dir='ltr'>comitem</span> <span class='ocrx_word' id='word_1_307' title='bbox 1237 2649 1265 2672; x_wconf 87' lang='lat' dir='ltr'>et</span> 
     </span>
    </p>
   </div>
   <div class='ocr_carea' id='block_1_5' title="bbox 752 2577 1190 2611">
    <p class='ocr_par' dir='ltr' id='par_1_5' title="bbox 752 2577 1190 2611">
     <span class='ocr_line' id='line_1_44' title="bbox 752 2577 1190 2611; baseline 0.011 -8"><span class='ocrx_word' id='word_1_308' title='bbox 752 2577 888 2611; x_wconf 63' lang='lat' dir='ltr'>Pei-owse,</span> <span class='ocrx_word' id='word_1_309' title='bbox 907 2578 922 2605; x_wconf 90' lang='lat'>8</span> <span class='ocrx_word' id='word_1_310' title='bbox 940 2580 1094 2607; x_wconf 85' lang='lat' dir='ltr'>novembre</span> <span class='ocrx_word' id='word_1_311' title='bbox 1116 2582 1190 2609; x_wconf 74' lang='lat'>1234.</span> 
     </span>
    </p>
   </div>
   <div class='ocr_carea' id='block_1_6' title="bbox 255 2685 1264 2822">
    <p class='ocr_par' dir='ltr' id='par_1_6' title="bbox 255 2685 1264 2822">
     <span class='ocr_line' id='line_1_45' title="bbox 258 2685 1264 2725; baseline 0.01 -15"><span class='ocrx_word' id='word_1_312' title='bbox 258 2685 427 2720; x_wconf 83' lang='lat' dir='ltr'>episcopum</span> <span class='ocrx_word' id='word_1_313' title='bbox 447 2686 663 2720; x_wconf 65' lang='lat' dir='ltr'>capitulumque</span> <span class='ocrx_word' id='word_1_314' title='bbox 680 2686 904 2721; x_wconf 55' lang='lat' dir='ltr'>Macloffienses,</span> <span class='ocrx_word' id='word_1_315' title='bbox 922 2697 1010 2724; x_wconf 86' lang='lat' dir='ltr'>super</span> <span class='ocrx_word' id='word_1_316' title='bbox 1027 2690 1143 2725; x_wconf 77' lang='lat' dir='ltr'>injuriis</span> <span class='ocrx_word' id='word_1_317' title='bbox 1160 2697 1188 2719; x_wconf 86' lang='lat' dir='ltr'>et</span> <span class='ocrx_word' id='word_1_318' title='bbox 1203 2702 1264 2720; x_wconf 89' lang='lat' dir='ltr'>mo-</span> 
     </span>
     <span class='ocr_line' id='line_1_46' title="bbox 255 2733 1263 2768; baseline 0.01 -10"><span class='ocrx_word' id='word_1_319' title='bbox 255 2733 349 2759; x_wconf 85' lang='lat' dir='ltr'>lestiis</span> <span class='ocrx_word' id='word_1_320' title='bbox 365 2741 436 2766; x_wconf 85' lang='lat' dir='ltr'>quas</span> <span class='ocrx_word' id='word_1_321' title='bbox 454 2733 591 2768; x_wconf 83' lang='lat' dir='ltr'>praedicti</span> <span class='ocrx_word' id='word_1_322' title='bbox 608 2734 819 2762; x_wconf 78' lang='lat' dir='ltr'>Maelovienses</span> <span class='ocrx_word' id='word_1_323' title='bbox 832 2736 886 2763; x_wconf 90' lang='lat' dir='ltr'>sibi</span> <span class='ocrx_word' id='word_1_324' title='bbox 901 2737 935 2763; x_wconf 84' lang='lat' dir='ltr'>ab</span> <span class='ocrx_word' id='word_1_325' title='bbox 951 2737 1052 2764; x_wconf 86' lang='lat' dir='ltr'>eodem</span> <span class='ocrx_word' id='word_1_326' title='bbox 1069 2740 1174 2766; x_wconf 79' lang='lat' dir='ltr'>comite</span> <span class='ocrx_word' id='word_1_327' title='bbox 1190 2741 1263 2768; x_wconf 85' lang='lat' dir='ltr'>irro-</span> 
     </span>
     <span class='ocr_line' id='line_1_47' title="bbox 256 2781 1261 2822; baseline 0.01 -16"><span class='ocrx_word' id='word_1_328' title='bbox 256 2784 338 2815; x_wconf 76' lang='lat' dir='ltr'>gatas</span> <span class='ocrx_word' id='word_1_329' title='bbox 351 2781 441 2807; x_wconf 82' lang='lat' dir='ltr'>fuisse</span> <span class='ocrx_word' id='word_1_330' title='bbox 455 2781 599 2810; x_wconf 79' lang='lat' dir='ltr'>dicebant.</span> <span class='ocrx_word' id='word_1_331' title='bbox 614 2787 722 2815; x_wconf 80' lang='lat' dir='ltr'>exorta,</span> <span class='ocrx_word' id='word_1_332' title='bbox 737 2783 900 2818; x_wconf 76' lang='lat' dir='ltr'>procedant.</span> <span class='ocrx_word' id='word_1_333' title='bbox 912 2785 1041 2819; x_wconf 63' lang='lat' dir='ltr'>—fflm</span> <span class='ocrx_word' id='word_1_334' title='bbox 1060 2788 1100 2818; x_wconf 78' lang='lat'>17,</span> <span class='ocrx_word' id='word_1_335' title='bbox 1117 2788 1135 2814; x_wconf 82' lang='lat' dir='ltr'>s.</span> <span class='ocrx_word' id='word_1_336' title='bbox 1153 2789 1204 2816; x_wconf 77' lang='lat'>228</span> <span class='ocrx_word' id='word_1_337' title='bbox 1218 2797 1261 2822; x_wconf 83' lang='lat' dir='ltr'>v⁰;</span> 
     </span>
    </p>
   </div>
   <div class='ocr_carea' id='block_1_7' title="bbox 288 2907 538 2939">
    <p class='ocr_par' dir='ltr' id='par_1_7' title="bbox 288 2907 538 2939">
     <span class='ocr_line' id='line_1_48' title="bbox 288 2907 538 2939; baseline 0.008 -9"><span class='ocrx_word' id='word_1_338' title='bbox 288 2907 309 2931; x_wconf 87' lang='grc'>1.</span> <span class='ocrx_word' id='word_1_339' title='bbox 323 2910 372 2931; x_wconf 76' lang='grc' dir='ltr'>Με.</span> <span class='ocrx_word' id='word_1_340' title='bbox 391 2918 397 2931; x_wconf 91' lang='grc'><em>;</em></span> <span class='ocrx_word' id='word_1_341' title='bbox 413 2916 538 2939; x_wconf 83' lang='lat' dir='ltr'>quarum.</span> 
     </span>
    </p>
   </div>
   <div class='ocr_carea' id='block_1_8' title="bbox 1358 325 2363 409">
    <p class='ocr_par' dir='ltr' id='par_1_8' title="bbox 1358 325 2363 409">
     <span class='ocr_line' id='line_1_49' title="bbox 1358 325 2363 371; baseline 0.012 -20"><span class='ocrx_word' id='word_1_342' title='bbox 1358 333 1425 353; x_wconf 82' lang='lat' dir='ltr'>ann.</span> <span class='ocrx_word' id='word_1_343' title='bbox 1453 325 1532 360; x_wconf 85' lang='lat' dir='ltr'><strong>VIII,</strong></span> <span class='ocrx_word' id='word_1_344' title='bbox 1559 336 1584 354; x_wconf 91' lang='lat' dir='ltr'>c.</span> <span class='ocrx_word' id='word_1_345' title='bbox 1611 328 1677 361; x_wconf 82' lang='lat'>306;</span> <span class='ocrx_word' id='word_1_346' title='bbox 1701 345 1737 351; x_wconf 98' lang='lat'><strong>—</strong></span> <span class='ocrx_word' id='word_1_347' title='bbox 1759 331 1879 359; x_wconf 75' lang='grc' dir='ltr'><strong>ΜοιιΕΑυ</strong></span> <span class='ocrx_word' id='word_1_348' title='bbox 1907 333 1984 366; x_wconf 80' lang='grc'><strong>1189,</strong></span> <span class='ocrx_word' id='word_1_349' title='bbox 2010 335 2028 360; x_wconf 88' lang='lat' dir='ltr'>f.</span> <span class='ocrx_word' id='word_1_350' title='bbox 2052 334 2121 367; x_wconf 74' lang='lat'>2233</span> <span class='ocrx_word' id='word_1_351' title='bbox 2142 350 2175 356; x_wconf 95' lang='lat'>—</span> <span class='ocrx_word' id='word_1_352' title='bbox 2199 336 2234 363; x_wconf 82' lang='lat' dir='ltr'>cf.</span> <span class='ocrx_word' id='word_1_353' title='bbox 2261 343 2363 371; x_wconf 76' lang='lat' dir='ltr'>supra,</span> 
     </span>
     <span class='ocr_line' id='line_1_50' title="bbox 1359 375 1496 409; baseline 0.015 -8"><span class='ocrx_word' id='word_1_354' title='bbox 1359 380 1391 401; x_wconf 85' lang='lat' dir='ltr'>n⁰</span> <span class='ocrx_word' id='word_1_355' title='bbox 1407 375 1496 409; x_wconf 76' lang='lat'>1975.)</span> 
     </span>
    </p>
   </div>
   <div class='ocr_carea' id='block_1_9' title="bbox 1347 478 2380 2629">
    <p class='ocr_par' dir='ltr' id='par_1_9' title="bbox 1347 478 2380 2629">
     <span class='ocr_line' id='line_1_51' title="bbox 1401 478 2362 525; baseline 0.012 -20"><span class='ocrx_word' id='word_1_356' title='bbox 1401 489 1413 503; x_wconf 90' lang='lat'>«</span> <span class='ocrx_word' id='word_1_357' title='bbox 1431 478 1562 507; x_wconf 75' lang='lat' dir='ltr'>Eisdem.</span> <span class='ocrx_word' id='word_1_358' title='bbox 1579 479 1670 509; x_wconf 86' lang='lat' dir='ltr'>Idem</span> <span class='ocrx_word' id='word_1_359' title='bbox 1681 481 1691 500; x_wconf 90' lang='lat'>¹</span> <span class='ocrx_word' id='word_1_360' title='bbox 1704 489 1764 510; x_wconf 92' lang='lat' dir='ltr'>sua</span> <span class='ocrx_word' id='word_1_361' title='bbox 1775 481 1870 512; x_wconf 86' lang='lat' dir='ltr'>nobis</span> <span class='ocrx_word' id='word_1_362' title='bbox 1879 482 2038 521; x_wconf 84' lang='lat' dir='ltr'>petitione</span> <span class='ocrx_word' id='word_1_363' title='bbox 2054 486 2250 517; x_wconf 83' lang='lat' dir='ltr'>monstravit</span> <span class='ocrx_word' id='word_1_364' title='bbox 2265 486 2362 525; x_wconf 86' lang='lat' dir='ltr'>quod,</span> 
     </span>
     <span class='ocr_line' id='line_1_52' title="bbox 1359 531 2365 577; baseline 0.009 -17"><span class='ocrx_word' id='word_1_365' title='bbox 1359 539 1433 560; x_wconf 89' lang='lat' dir='ltr'>cum</span> <span class='ocrx_word' id='word_1_366' title='bbox 1450 531 1652 562; x_wconf 82' lang='lat' dir='ltr'>venerabilis</span> <span class='ocrx_word' id='word_1_367' title='bbox 1668 533 1770 563; x_wconf 86' lang='lat' dir='ltr'>frater</span> <span class='ocrx_word' id='word_1_368' title='bbox 1788 539 1900 564; x_wconf 84' lang='lat' dir='ltr'>noster</span> <span class='ocrx_word' id='word_1_369' title='bbox 1915 558 1934 564; x_wconf 86' lang='lat'>..</span> <span class='ocrx_word' id='word_1_370' title='bbox 1948 536 2121 574; x_wconf 89' lang='lat' dir='ltr'>episcopus</span> <span class='ocrx_word' id='word_1_371' title='bbox 2135 541 2166 567; x_wconf 87' lang='lat' dir='ltr'>ct</span> <span class='ocrx_word' id='word_1_372' title='bbox 2183 538 2365 577; x_wconf 88' lang='lat' dir='ltr'>capitulum</span> 
     </span>
     <span class='ocr_line' id='line_1_53' title="bbox 1359 582 2364 628; baseline 0.01 -17"><span class='ocrx_word' id='word_1_373' title='bbox 1359 582 1610 619; x_wconf 70' lang='lat' dir='ltr'>Maelovienses,</span> <span class='ocrx_word' id='word_1_374' title='bbox 1635 590 1822 616; x_wconf 81' lang='lat' dir='ltr'>asserentes</span> <span class='ocrx_word' id='word_1_375' title='bbox 1845 587 1932 626; x_wconf 83' lang='lat' dir='ltr'>quod</span> <span class='ocrx_word' id='word_1_376' title='bbox 1954 588 2035 626; x_wconf 83' lang='lat' dir='ltr'>ipse,</span> <span class='ocrx_word' id='word_1_377' title='bbox 2063 593 2134 627; x_wconf 51' lang='lat' dir='ltr'>post&gt;</span> <span class='ocrx_word' id='word_1_378' title='bbox 2156 599 2271 628; x_wconf 84' lang='lat' dir='ltr'>graves</span> <span class='ocrx_word' id='word_1_379' title='bbox 2294 600 2364 622; x_wconf 91' lang='lat' dir='ltr'>mo-</span> 
     </span>
     <span class='ocr_line' id='line_1_54' title="bbox 1358 634 2364 676; baseline 0.009 -12"><span class='ocrx_word' id='word_1_380' title='bbox 1358 634 1473 665; x_wconf 85' lang='lat' dir='ltr'>lestias</span> <span class='ocrx_word' id='word_1_381' title='bbox 1487 640 1518 665; x_wconf 87' lang='lat' dir='ltr'>et</span> <span class='ocrx_word' id='word_1_382' title='bbox 1535 636 1676 675; x_wconf 86' lang='lat' dir='ltr'>injurias</span> <span class='ocrx_word' id='word_1_383' title='bbox 1692 638 1854 676; x_wconf 80' lang='lat' dir='ltr'>irrogatas</span> <span class='ocrx_word' id='word_1_384' title='bbox 1872 640 2013 676; x_wconf 87' lang='lat' dir='ltr'>eisdem,</span> <span class='ocrx_word' id='word_1_385' title='bbox 2034 641 2147 671; x_wconf 88' lang='lat' dir='ltr'>villam</span> <span class='ocrx_word' id='word_1_386' title='bbox 2165 642 2278 673; x_wconf 83' lang='lat' dir='ltr'>Sancti</span> <span class='ocrx_word' id='word_1_387' title='bbox 2293 644 2364 674; x_wconf 89' lang='lat' dir='ltr'>Ma-</span> 
     </span>
     <span class='ocr_line' id='line_1_55' title="bbox 1358 687 2365 733; baseline 0.009 -16"><span class='ocrx_word' id='word_1_388' title='bbox 1358 687 1456 718; x_wconf 77' lang='lat' dir='ltr'>clovii</span> <span class='ocrx_word' id='word_1_389' title='bbox 1486 689 1524 719; x_wconf 89' lang='lat' dir='ltr'>de</span> <span class='ocrx_word' id='word_1_390' title='bbox 1555 690 1667 720; x_wconf 86' lang='lat' dir='ltr'>Insula</span> <span class='ocrx_word' id='word_1_391' title='bbox 1693 692 1809 728; x_wconf 85' lang='lat' dir='ltr'>maris,</span> <span class='ocrx_word' id='word_1_392' title='bbox 1845 693 1885 722; x_wconf 87' lang='lat' dir='ltr'>ad</span> <span class='ocrx_word' id='word_1_393' title='bbox 1917 702 1971 724; x_wconf 89' lang='lat' dir='ltr'>eos</span> <span class='ocrx_word' id='word_1_394' title='bbox 2005 694 2040 723; x_wconf 91' lang='lat' dir='ltr'>in</span> <span class='ocrx_word' id='word_1_395' title='bbox 2070 695 2300 733; x_wconf 80' lang='lat' dir='ltr'>spiritualibus</span> <span class='ocrx_word' id='word_1_396' title='bbox 2333 700 2365 727; x_wconf 86' lang='lat' dir='ltr'>et</span> 
     </span>
     <span class='ocr_line' id='line_1_56' title="bbox 1359 741 2365 786; baseline 0.009 -16"><span class='ocrx_word' id='word_1_397' title='bbox 1359 741 1596 779; x_wconf 81' lang='lat' dir='ltr'>temporalibus</span> <span class='ocrx_word' id='word_1_398' title='bbox 1626 744 1863 781; x_wconf 84' lang='lat' dir='ltr'>pertinentem,</span> <span class='ocrx_word' id='word_1_399' title='bbox 1888 751 2079 785; x_wconf 80' lang='lat' dir='ltr'>occupatam</span> <span class='ocrx_word' id='word_1_400' title='bbox 2107 747 2147 777; x_wconf 89' lang='lat' dir='ltr'>ab</span> <span class='ocrx_word' id='word_1_401' title='bbox 2176 748 2258 786; x_wconf 85' lang='lat' dir='ltr'>ipso,</span> <span class='ocrx_word' id='word_1_402' title='bbox 2289 757 2365 779; x_wconf 86' lang='lat' dir='ltr'>cum</span> 
     </span>
     <span class='ocr_line' id='line_1_57' title="bbox 1359 793 2365 837; baseline 0.01 -15"><span class='ocrx_word' id='word_1_403' title='bbox 1359 793 1558 832; x_wconf 84' lang='lat' dir='ltr'>quibusdam</span> <span class='ocrx_word' id='word_1_404' title='bbox 1568 795 1664 826; x_wconf 91' lang='lat' dir='ltr'>bonis</span> <span class='ocrx_word' id='word_1_405' title='bbox 1675 796 1849 828; x_wconf 89' lang='lat' dir='ltr'>hominum</span> <span class='ocrx_word' id='word_1_406' title='bbox 1862 798 2009 837; x_wconf 90' lang='lat' dir='ltr'>ipsorum</span> <span class='ocrx_word' id='word_1_407' title='bbox 2021 801 2206 831; x_wconf 88' lang='lat' dir='ltr'>viventium</span> <span class='ocrx_word' id='word_1_408' title='bbox 2215 804 2227 821; x_wconf 75' lang='lat'><em>2</em></span> <span class='ocrx_word' id='word_1_409' title='bbox 2240 801 2365 832; x_wconf 84' lang='lat' dir='ltr'>ibidem</span> 
     </span>
     <span class='ocr_line' id='line_1_58' title="bbox 1358 848 2365 892; baseline 0.009 -17"><span class='ocrx_word' id='word_1_410' title='bbox 1358 856 1415 884; x_wconf 88' lang='lat' dir='ltr'>per</span> <span class='ocrx_word' id='word_1_411' title='bbox 1436 856 1513 877; x_wconf 79' lang='lat' dir='ltr'>suos</span> <span class='ocrx_word' id='word_1_412' title='bbox 1536 848 1663 879; x_wconf 86' lang='lat' dir='ltr'>balivos</span> <span class='ocrx_word' id='word_1_413' title='bbox 1686 850 1808 881; x_wconf 82' lang='lat' dir='ltr'>fecerat</span> <span class='ocrx_word' id='word_1_414' title='bbox 1830 851 1984 888; x_wconf 86' lang='lat' dir='ltr'>detineri,</span> <span class='ocrx_word' id='word_1_415' title='bbox 2009 862 2147 892; x_wconf 83' lang='lat' dir='ltr'>eamque</span> <span class='ocrx_word' id='word_1_416' title='bbox 2167 854 2250 892; x_wconf 90' lang='lat' dir='ltr'>ipsis</span> <span class='ocrx_word' id='word_1_417' title='bbox 2266 855 2365 885; x_wconf 86' lang='lat' dir='ltr'>resti-</span> 
     </span>
     <span class='ocr_line' id='line_1_59' title="bbox 1358 900 2365 944; baseline 0.008 -15"><span class='ocrx_word' id='word_1_418' title='bbox 1358 903 1450 930; x_wconf 83' lang='lat' dir='ltr'>tuere</span> <span class='ocrx_word' id='word_1_419' title='bbox 1464 900 1611 931; x_wconf 84' lang='lat' dir='ltr'>indebite</span> <span class='ocrx_word' id='word_1_420' title='bbox 1625 902 1844 941; x_wconf 66' lang='lat' dir='ltr'>dene[g‘a]l]at,</span> <span class='ocrx_word' id='word_1_421' title='bbox 1861 913 1959 943; x_wconf 88' lang='lat' dir='ltr'>super</span> <span class='ocrx_word' id='word_1_422' title='bbox 1971 905 2033 935; x_wconf 86' lang='lat' dir='ltr'>hoc</span> <span class='ocrx_word' id='word_1_423' title='bbox 2045 910 2075 935; x_wconf 88' lang='lat' dir='ltr'>et</span> <span class='ocrx_word' id='word_1_424' title='bbox 2085 906 2226 944; x_wconf 87' lang='lat' dir='ltr'>quadam</span> <span class='ocrx_word' id='word_1_425' title='bbox 2235 915 2365 937; x_wconf 86' lang='lat' dir='ltr'>excom-</span> 
     </span>
     <span class='ocr_line' id='line_1_60' title="bbox 1358 953 2365 997; baseline 0.007 -15"><span class='ocrx_word' id='word_1_426' title='bbox 1358 953 1596 984; x_wconf 84' lang='lat' dir='ltr'>municationis</span> <span class='ocrx_word' id='word_1_427' title='bbox 1617 956 1800 991; x_wconf 80' lang='lat' dir='ltr'>sententia,</span> <span class='ocrx_word' id='word_1_428' title='bbox 1821 965 1920 995; x_wconf 83' lang='lat' dir='ltr'>quam</span> <span class='ocrx_word' id='word_1_429' title='bbox 1940 957 2027 988; x_wconf 87' lang='lat' dir='ltr'>idem</span> <span class='ocrx_word' id='word_1_430' title='bbox 2046 958 2236 997; x_wconf 87' lang='lat' dir='ltr'>episcopus,</span> <span class='ocrx_word' id='word_1_431' title='bbox 2259 962 2295 989; x_wconf 81' lang='lat' dir='ltr'>ut</span> <span class='ocrx_word' id='word_1_432' title='bbox 2314 959 2365 989; x_wconf 88' lang='lat' dir='ltr'>di-</span> 
     </span>
     <span class='ocr_line' id='line_1_61' title="bbox 1358 1005 2366 1049; baseline 0.007 -14"><span class='ocrx_word' id='word_1_433' title='bbox 1358 1005 1462 1041; x_wconf 83' lang='lat' dir='ltr'>cebat,</span> <span class='ocrx_word' id='word_1_434' title='bbox 1487 1007 1683 1038; x_wconf 82' lang='lat' dir='ltr'>auctoritate</span> <span class='ocrx_word' id='word_1_435' title='bbox 1708 1008 1878 1038; x_wconf 85' lang='lat' dir='ltr'>ordinaria</span> <span class='ocrx_word' id='word_1_436' title='bbox 1900 1010 2125 1048; x_wconf 83' lang='lat' dir='ltr'>promulgarat</span> <span class='ocrx_word' id='word_1_437' title='bbox 2146 1011 2181 1040; x_wconf 89' lang='lat' dir='ltr'>in</span> <span class='ocrx_word' id='word_1_438' title='bbox 2202 1011 2312 1049; x_wconf 91' lang='lat' dir='ltr'>ipsum</span> <span class='ocrx_word' id='word_1_439' title='bbox 2334 1015 2366 1042; x_wconf 82' lang='lat' dir='ltr'>et</span> 
     </span>
     <span class='ocr_line' id='line_1_62' title="bbox 1358 1057 2363 1100; baseline 0.007 -13"><span class='ocrx_word' id='word_1_440' title='bbox 1358 1057 1484 1088; x_wconf 88' lang='lat' dir='ltr'>balivos</span> <span class='ocrx_word' id='word_1_441' title='bbox 1498 1059 1616 1097; x_wconf 85' lang='lat' dir='ltr'>ipsius,</span> <span class='ocrx_word' id='word_1_442' title='bbox 1634 1060 1875 1091; x_wconf 79' lang='lat' dir='ltr'>inviolabiliter</span> <span class='ocrx_word' id='word_1_443' title='bbox 1886 1062 2101 1099; x_wconf 84' lang='lat' dir='ltr'>observanda,</span> <span class='ocrx_word' id='word_1_444' title='bbox 2116 1066 2147 1093; x_wconf 89' lang='lat' dir='ltr'>et</span> <span class='ocrx_word' id='word_1_445' title='bbox 2160 1062 2259 1094; x_wconf 86' lang='lat' dir='ltr'>rebus</span> <span class='ocrx_word' id='word_1_446' title='bbox 2275 1063 2363 1100; x_wconf 88' lang='lat' dir='ltr'>aliis,</span> 
     </span>
     <span class='ocr_line' id='line_1_63' title="bbox 1358 1111 2361 1153; baseline 0.007 -13"><span class='ocrx_word' id='word_1_447' title='bbox 1358 1111 1399 1140; x_wconf 87' lang='lat' dir='ltr'>ad</span> <span class='ocrx_word' id='word_1_448' title='bbox 1435 1134 1454 1140; x_wconf 95' lang='lat'>..</span> <span class='ocrx_word' id='word_1_449' title='bbox 1487 1111 1639 1142; x_wconf 78' lang='lat' dir='ltr'>abbatem</span> <span class='ocrx_word' id='word_1_450' title='bbox 1669 1113 1708 1142; x_wconf 89' lang='lat' dir='ltr'>de</span> <span class='ocrx_word' id='word_1_451' title='bbox 1741 1113 1928 1152; x_wconf 81' lang='lat' dir='ltr'>Savigneio,</span> <span class='ocrx_word' id='word_1_452' title='bbox 1960 1115 2194 1146; x_wconf 85' lang='lat' dir='ltr'>Cisterciensis</span> <span class='ocrx_word' id='word_1_453' title='bbox 2224 1115 2361 1153; x_wconf 82' lang='lat' dir='ltr'>ordinis,</span> 
     </span>
     <span class='ocr_line' id='line_1_64' title="bbox 1358 1164 2366 1207; baseline 0.006 -14"><span class='ocrx_word' id='word_1_454' title='bbox 1358 1164 1495 1203; x_wconf 86' lang='lat' dir='ltr'>ejusque</span> <span class='ocrx_word' id='word_1_455' title='bbox 1511 1165 1700 1203; x_wconf 83' lang='lat' dir='ltr'>conjudices</span> <span class='ocrx_word' id='word_1_456' title='bbox 1716 1170 1846 1197; x_wconf 84' lang='lat' dir='ltr'>nostras</span> <span class='ocrx_word' id='word_1_457' title='bbox 1861 1167 2271 1207; x_wconf 82' lang='lat' dir='ltr'>impetrasse[n]tlitteras,</span> <span class='ocrx_word' id='word_1_458' title='bbox 2287 1177 2366 1199; x_wconf 89' lang='lat' dir='ltr'>con-</span> 
     </span>
     <span class='ocr_line' id='line_1_65' title="bbox 1357 1217 2366 1259; baseline 0.006 -13"><span class='ocrx_word' id='word_1_459' title='bbox 1357 1217 1502 1247; x_wconf 88' lang='lat' dir='ltr'>tinentes</span> <span class='ocrx_word' id='word_1_460' title='bbox 1519 1221 1572 1253; x_wconf 84' lang='lat' dir='ltr'>ut,</span> <span class='ocrx_word' id='word_1_461' title='bbox 1592 1217 1700 1248; x_wconf 90' lang='lat' dir='ltr'>locum</span> <span class='ocrx_word' id='word_1_462' title='bbox 1723 1223 1831 1254; x_wconf 76' lang='lat' dir='ltr'>tutum</span> <span class='ocrx_word' id='word_1_463' title='bbox 1850 1220 2001 1258; x_wconf 86' lang='lat' dir='ltr'>part-ibus</span> <span class='ocrx_word' id='word_1_464' title='bbox 2019 1221 2244 1259; x_wconf 79' lang='lat' dir='ltr'>assignantes,</span> <span class='ocrx_word' id='word_1_465' title='bbox 2265 1222 2295 1252; x_wconf 90' lang='lat' dir='ltr'>si</span> <span class='ocrx_word' id='word_1_466' title='bbox 2316 1221 2366 1252; x_wconf 84' lang='lat' dir='ltr'>rei</span> 
     </span>
     <span class='ocr_line' id='line_1_66' title="bbox 1357 1270 2380 1314; baseline 0.006 -16"><span class='ocrx_word' id='word_1_467' title='bbox 1357 1270 1480 1300; x_wconf 76' lang='lat' dir='ltr'>veritas</span> <span class='ocrx_word' id='word_1_468' title='bbox 1502 1270 1612 1300; x_wconf 87' lang='lat' dir='ltr'>taliter</span> <span class='ocrx_word' id='word_1_469' title='bbox 1633 1281 1667 1301; x_wconf 88' lang='lat' dir='ltr'>se</span> <span class='ocrx_word' id='word_1_470' title='bbox 1691 1271 1839 1308; x_wconf 83' lang='lat' dir='ltr'>haberet,</span> <span class='ocrx_word' id='word_1_471' title='bbox 1863 1273 2027 1311; x_wconf 81' lang='lat' dir='ltr'>prefatum</span> <span class='ocrx_word' id='word_1_472' title='bbox 2050 1273 2214 1310; x_wconf 87' lang='lat' dir='ltr'>comitem,</span> <span class='ocrx_word' id='word_1_473' title='bbox 2238 1274 2325 1313; x_wconf 90' lang='lat' dir='ltr'>quod</span> <span class='ocrx_word' id='word_1_474' title='bbox 2347 1283 2380 1314; x_wconf 66' lang='lat' dir='ltr'>a⁴</span> 
     </span>
     <span class='ocr_line' id='line_1_67' title="bbox 1356 1322 2362 1363; baseline 0.005 -11"><span class='ocrx_word' id='word_1_475' title='bbox 1356 1322 1519 1353; x_wconf 85' lang='lat' dir='ltr'>dictorum</span> <span class='ocrx_word' id='word_1_476' title='bbox 1542 1324 1686 1362; x_wconf 84' lang='lat' dir='ltr'>episcopi</span> <span class='ocrx_word' id='word_1_477' title='bbox 1710 1328 1741 1354; x_wconf 86' lang='lat' dir='ltr'>et</span> <span class='ocrx_word' id='word_1_478' title='bbox 1765 1325 1901 1363; x_wconf 88' lang='lat' dir='ltr'>capituli</span> <span class='ocrx_word' id='word_1_479' title='bbox 1924 1325 2155 1356; x_wconf 82' lang='lat' dir='ltr'>molestatione</span> <span class='ocrx_word' id='word_1_480' title='bbox 2176 1326 2362 1363; x_wconf 81' lang='lat' dir='ltr'>desisteret,</span> 
     </span>
     <span class='ocr_line' id='line_1_68' title="bbox 1356 1376 2358 1416; baseline 0.004 -10"><span class='ocrx_word' id='word_1_481' title='bbox 1356 1386 1404 1412; x_wconf 72' lang='lat' dir='ltr'>ac.</span> <span class='ocrx_word' id='word_1_482' title='bbox 1418 1377 1465 1406; x_wconf 87' lang='lat' dir='ltr'>eis</span> <span class='ocrx_word' id='word_1_483' title='bbox 1477 1381 1507 1406; x_wconf 85' lang='lat' dir='ltr'>et</span> <span class='ocrx_word' id='word_1_484' title='bbox 1522 1376 1714 1407; x_wconf 87' lang='lat' dir='ltr'>hominibus</span> <span class='ocrx_word' id='word_1_485' title='bbox 1726 1377 1904 1407; x_wconf 86' lang='lat' dir='ltr'>eorundem</span> <span class='ocrx_word' id='word_1_486' title='bbox 1918 1378 2030 1407; x_wconf 81' lang='lat' dir='ltr'>onmia</span> <span class='ocrx_word' id='word_1_487' title='bbox 2045 1378 2154 1408; x_wconf 84' lang='lat' dir='ltr'>ablata</span> <span class='ocrx_word' id='word_1_488' title='bbox 2166 1379 2358 1416; x_wconf 84' lang='lat' dir='ltr'>restituens,</span> 
     </span>
     <span class='ocr_line' id='line_1_69' title="bbox 1356 1429 2361 1469; baseline 0.003 -10"><span class='ocrx_word' id='word_1_489' title='bbox 1356 1429 1394 1459; x_wconf 88' lang='lat' dir='ltr'>de</span> <span class='ocrx_word' id='word_1_490' title='bbox 1408 1429 1560 1467; x_wconf 81' lang='lat' dir='ltr'>dampnis</span> <span class='ocrx_word' id='word_1_491' title='bbox 1576 1429 1678 1459; x_wconf 84' lang='lat' dir='ltr'>illatis</span> <span class='ocrx_word' id='word_1_492' title='bbox 1695 1433 1725 1459; x_wconf 88' lang='lat' dir='ltr'>et</span> <span class='ocrx_word' id='word_1_493' title='bbox 1742 1429 1875 1468; x_wconf 79' lang='lat' dir='ltr'>injuriis</span> <span class='ocrx_word' id='word_1_494' title='bbox 1888 1430 2042 1468; x_wconf 74' lang='lat' dir='ltr'>irrogatis</span> <span class='ocrx_word' id='word_1_495' title='bbox 2054 1431 2136 1469; x_wconf 83' lang='lat' dir='ltr'>ipsis</span> <span class='ocrx_word' id='word_1_496' title='bbox 2153 1431 2361 1462; x_wconf 80' lang='lat' dir='ltr'>satisfaceret</span> 
     </span>
     <span class='ocr_line' id='line_1_70' title="bbox 1355 1482 2360 1520; baseline 0.002 -8"><span class='ocrx_word' id='word_1_497' title='bbox 1355 1486 1593 1520; x_wconf 84' lang='lat' dir='ltr'>competenter,</span> <span class='ocrx_word' id='word_1_498' title='bbox 1619 1482 1777 1512; x_wconf 86' lang='lat' dir='ltr'>attentius</span> <span class='ocrx_word' id='word_1_499' title='bbox 1798 1482 1993 1512; x_wconf 82' lang='lat' dir='ltr'>inducerent</span> <span class='ocrx_word' id='word_1_500' title='bbox 2011 1487 2043 1512; x_wconf 84' lang='lat' dir='ltr'>et</span> <span class='ocrx_word' id='word_1_501' title='bbox 2065 1488 2252 1519; x_wconf 88' lang='lat' dir='ltr'>monerent,</span> <span class='ocrx_word' id='word_1_502' title='bbox 2278 1484 2360 1514; x_wconf 84' lang='lat' dir='ltr'>alio-</span> 
     </span>
     <span class='ocr_line' id='line_1_71' title="bbox 1355 1535 2362 1574; baseline 0.003 -10"><span class='ocrx_word' id='word_1_503' title='bbox 1355 1535 1436 1574; x_wconf 88' lang='lat' dir='ltr'>quin</span> <span class='ocrx_word' id='word_1_504' title='bbox 1465 1535 1584 1564; x_wconf 86' lang='lat' dir='ltr'>dictam</span> <span class='ocrx_word' id='word_1_505' title='bbox 1610 1535 1961 1565; x_wconf 84' lang='lat' dir='ltr'>excommunicationis</span> <span class='ocrx_word' id='word_1_506' title='bbox 1988 1536 2186 1566; x_wconf 88' lang='lat' dir='ltr'>sententiam</span> <span class='ocrx_word' id='word_1_507' title='bbox 2214 1537 2362 1567; x_wconf 83' lang='lat' dir='ltr'>facerent</span> 
     </span>
     <span class='ocr_line' id='line_1_72' title="bbox 1353 1587 2360 1626; baseline 0.002 -9"><span class='ocrx_word' id='word_1_508' title='bbox 1353 1597 1459 1626; x_wconf 83' lang='lat' dir='ltr'>usque</span> <span class='ocrx_word' id='word_1_509' title='bbox 1481 1587 1521 1617; x_wconf 88' lang='lat' dir='ltr'>ad</span> <span class='ocrx_word' id='word_1_510' title='bbox 1539 1587 1801 1618; x_wconf 81' lang='lat' dir='ltr'>satisfactionem</span> <span class='ocrx_word' id='word_1_511' title='bbox 1827 1587 2024 1625; x_wconf 81' lang='lat' dir='ltr'>condignam</span> <span class='ocrx_word' id='word_1_512' title='bbox 2046 1588 2286 1619; x_wconf 85' lang='lat' dir='ltr'>inviolabiliter</span> <span class='ocrx_word' id='word_1_513' title='bbox 2302 1589 2360 1619; x_wconf 87' lang='lat' dir='ltr'>ob-</span> 
     </span>
     <span class='ocr_line' id='line_1_73' title="bbox 1354 1640 2361 1679; baseline 0.002 -9"><span class='ocrx_word' id='word_1_514' title='bbox 1354 1641 1498 1675; x_wconf 87' lang='lat' dir='ltr'>servari,</span> <span class='ocrx_word' id='word_1_515' title='bbox 1523 1645 1551 1670; x_wconf 89' lang='lat' dir='ltr'>et</span> <span class='ocrx_word' id='word_1_516' title='bbox 1577 1650 1675 1678; x_wconf 86' lang='lat' dir='ltr'>super</span> <span class='ocrx_word' id='word_1_517' title='bbox 1700 1640 1791 1675; x_wconf 83' lang='lat' dir='ltr'>aliis,</span> <span class='ocrx_word' id='word_1_518' title='bbox 1821 1641 2008 1671; x_wconf 82' lang='lat' dir='ltr'>convocatis</span> <span class='ocrx_word' id='word_1_519' title='bbox 2033 1641 2199 1679; x_wconf 85' lang='lat' dir='ltr'>partibus,</span> <span class='ocrx_word' id='word_1_520' title='bbox 2227 1651 2361 1672; x_wconf 83' lang='lat' dir='ltr'>causam</span> 
     </span>
     <span class='ocr_line' id='line_1_74' title="bbox 1354 1693 2358 1734; baseline 0.002 -11"><span class='ocrx_word' id='word_1_521' title='bbox 1354 1694 1543 1728; x_wconf 84' lang='lat' dir='ltr'>audientes,</span> <span class='ocrx_word' id='word_1_522' title='bbox 1564 1702 1634 1723; x_wconf 86' lang='lat' dir='ltr'>eam</span> <span class='ocrx_word' id='word_1_523' title='bbox 1656 1693 1720 1722; x_wconf 84' lang='lat' dir='ltr'>fine</span> <span class='ocrx_word' id='word_1_524' title='bbox 1744 1693 1853 1723; x_wconf 84' lang='lat' dir='ltr'>debito</span> <span class='ocrx_word' id='word_1_525' title='bbox 1875 1693 2092 1724; x_wconf 79' lang='lat' dir='ltr'>termimirent</span> <span class='ocrx_word' id='word_1_526' title='bbox 2110 1704 2116 1722; x_wconf 81' lang='lat' dir='ltr'><strong><em>z</em></strong></span> <span class='ocrx_word' id='word_1_527' title='bbox 2140 1694 2203 1732; x_wconf 92' lang='lat' dir='ltr'>ipsi</span> <span class='ocrx_word' id='word_1_528' title='bbox 2216 1694 2358 1734; x_wconf 68' lang='lat' dir='ltr'>Judices,</span> 
     </span>
     <span class='ocr_line' id='line_1_75' title="bbox 1352 1746 2360 1786; baseline 0.003 -11"><span class='ocrx_word' id='word_1_529' title='bbox 1352 1747 1429 1776; x_wconf 86' lang='lat' dir='ltr'>licet</span> <span class='ocrx_word' id='word_1_530' title='bbox 1453 1747 1501 1775; x_wconf 86' lang='lat' dir='ltr'>eis</span> <span class='ocrx_word' id='word_1_531' title='bbox 1525 1746 1563 1775; x_wconf 83' lang='lat' dir='ltr'>de</span> <span class='ocrx_word' id='word_1_532' title='bbox 1587 1746 1744 1784; x_wconf 83' lang='lat' dir='ltr'>predictis</span> <span class='ocrx_word' id='word_1_533' title='bbox 1766 1746 1799 1775; x_wconf 90' lang='lat' dir='ltr'>in</span> <span class='ocrx_word' id='word_1_534' title='bbox 1824 1746 1934 1785; x_wconf 85' lang='lat' dir='ltr'>aliquo</span> <span class='ocrx_word' id='word_1_535' title='bbox 1960 1755 2025 1776; x_wconf 92' lang='lat' dir='ltr'>non</span> <span class='ocrx_word' id='word_1_536' title='bbox 2049 1751 2224 1783; x_wconf 81' lang='lat' dir='ltr'>constaret,</span> <span class='ocrx_word' id='word_1_537' title='bbox 2249 1747 2360 1786; x_wconf 88' lang='lat' dir='ltr'>ipsum</span> 
     </span>
     <span class='ocr_line' id='line_1_76' title="bbox 1353 1799 2359 1837; baseline 0.001 -9"><span class='ocrx_word' id='word_1_538' title='bbox 1353 1799 1506 1829; x_wconf 89' lang='lat' dir='ltr'>comitem</span> <span class='ocrx_word' id='word_1_539' title='bbox 1524 1799 1650 1828; x_wconf 87' lang='lat' dir='ltr'>moneri</span> <span class='ocrx_word' id='word_1_540' title='bbox 1669 1799 1839 1828; x_wconf 79' lang='lat' dir='ltr'>fecerunt³</span> <span class='ocrx_word' id='word_1_541' title='bbox 1858 1802 1895 1828; x_wconf 85' lang='lat' dir='ltr'>ut</span> <span class='ocrx_word' id='word_1_542' title='bbox 1915 1799 1963 1829; x_wconf 90' lang='lat' dir='ltr'>eis</span> <span class='ocrx_word' id='word_1_543' title='bbox 1985 1808 2083 1837; x_wconf 90' lang='lat' dir='ltr'>super</span> <span class='ocrx_word' id='word_1_544' title='bbox 2100 1799 2273 1837; x_wconf 84' lang='lat' dir='ltr'>premissis</span> <span class='ocrx_word' id='word_1_545' title='bbox 2289 1808 2359 1829; x_wconf 89' lang='lat' dir='ltr'>om-</span> 
     </span>
     <span class='ocr_line' id='line_1_77' title="bbox 1353 1851 2357 1890; baseline 0.001 -9"><span class='ocrx_word' id='word_1_546' title='bbox 1353 1851 1452 1881; x_wconf 84' lang='lat' dir='ltr'>nibus</span> <span class='ocrx_word' id='word_1_547' title='bbox 1473 1851 1680 1881; x_wconf 80' lang='lat' dir='ltr'>satisfaceret</span> <span class='ocrx_word' id='word_1_548' title='bbox 1701 1854 1935 1889; x_wconf 84' lang='lat' dir='ltr'>competenter.</span> <span class='ocrx_word' id='word_1_549' title='bbox 1961 1851 2025 1881; x_wconf 87' lang='lat' dir='ltr'>Sed</span> <span class='ocrx_word' id='word_1_550' title='bbox 2045 1860 2154 1881; x_wconf 85' lang='lat' dir='ltr'>eomes</span> <span class='ocrx_word' id='word_1_551' title='bbox 2177 1851 2357 1890; x_wconf 83' lang='lat' dir='ltr'>predictus,</span> 
     </span>
     <span class='ocr_line' id='line_1_78' title="bbox 1352 1904 2360 1943; baseline 0 -9"><span class='ocrx_word' id='word_1_552' title='bbox 1352 1904 1567 1934; x_wconf 82' lang='lat' dir='ltr'>considerans</span> <span class='ocrx_word' id='word_1_553' title='bbox 1584 1904 1671 1943; x_wconf 85' lang='lat' dir='ltr'>quod</span> <span class='ocrx_word' id='word_1_554' title='bbox 1691 1904 1798 1934; x_wconf 86' lang='lat' dir='ltr'>eidem</span> <span class='ocrx_word' id='word_1_555' title='bbox 1814 1904 1966 1942; x_wconf 88' lang='lat' dir='ltr'>episcopo</span> <span class='ocrx_word' id='word_1_556' title='bbox 1986 1913 2196 1943; x_wconf 83' lang='lat' dir='ltr'>nequaquam</span> <span class='ocrx_word' id='word_1_557' title='bbox 2218 1904 2360 1943; x_wconf 87' lang='lat' dir='ltr'>dampna</span> 
     </span>
     <span class='ocr_line' id='line_1_79' title="bbox 1351 1955 2357 1994; baseline 0 -8"><span class='ocrx_word' id='word_1_558' title='bbox 1351 1957 1403 1987; x_wconf 88' lang='lat' dir='ltr'>vel</span> <span class='ocrx_word' id='word_1_559' title='bbox 1420 1956 1589 1986; x_wconf 80' lang='lat' dir='ltr'>molestias</span> <span class='ocrx_word' id='word_1_560' title='bbox 1602 1956 1791 1993; x_wconf 74' lang='lat' dir='ltr'>irrogasset,</span> <span class='ocrx_word' id='word_1_561' title='bbox 1808 1956 1873 1986; x_wconf 85' lang='lat' dir='ltr'>sibi</span> <span class='ocrx_word' id='word_1_562' title='bbox 1886 1955 1993 1986; x_wconf 87' lang='lat' dir='ltr'>locum</span> <span class='ocrx_word' id='word_1_563' title='bbox 2011 1956 2176 1994; x_wconf 75' lang='lat' dir='ltr'>assignari</span> <span class='ocrx_word' id='word_1_564' title='bbox 2192 1965 2357 1993; x_wconf 84' lang='lat' dir='ltr'>securum,</span> 
     </span>
     <span class='ocr_line' id='line_1_80' title="bbox 1351 2008 2360 2048; baseline 0 -9"><span class='ocrx_word' id='word_1_565' title='bbox 1351 2010 1385 2039; x_wconf 90' lang='lat' dir='ltr'>in</span> <span class='ocrx_word' id='word_1_566' title='bbox 1403 2019 1467 2048; x_wconf 84' lang='lat' dir='ltr'>quo</span> <span class='ocrx_word' id='word_1_567' title='bbox 1484 2018 1593 2039; x_wconf 86' lang='lat' dir='ltr'>coram</span> <span class='ocrx_word' id='word_1_568' title='bbox 1615 2009 1697 2047; x_wconf 78' lang='lat' dir='ltr'>ipsis</span> <span class='ocrx_word' id='word_1_569' title='bbox 1720 2009 1815 2047; x_wconf 78' lang='lat' dir='ltr'>parti</span> <span class='ocrx_word' id='word_1_570' title='bbox 1828 2008 1922 2038; x_wconf 81' lang='lat' dir='ltr'>alteri</span> <span class='ocrx_word' id='word_1_571' title='bbox 1936 2009 2066 2048; x_wconf 86' lang='lat' dir='ltr'>justitie</span> <span class='ocrx_word' id='word_1_572' title='bbox 2083 2008 2360 2047; x_wconf 85' lang='lat' dir='ltr'>complementum</span> 
     </span>
     <span class='ocr_line' id='line_1_81' title="bbox 1351 2061 2363 2105; baseline -0.001 -13"><span class='ocrx_word' id='word_1_573' title='bbox 1351 2066 1420 2092; x_wconf 88' lang='lat' dir='ltr'>erat</span> <span class='ocrx_word' id='word_1_574' title='bbox 1437 2062 1592 2092; x_wconf 83' lang='lat' dir='ltr'>exhibere</span> <span class='ocrx_word' id='word_1_575' title='bbox 1609 2066 1755 2100; x_wconf 84' lang='lat' dir='ltr'>paratus,</span> <span class='ocrx_word' id='word_1_576' title='bbox 1774 2066 1803 2091; x_wconf 91' lang='lat' dir='ltr'>et</span> <span class='ocrx_word' id='word_1_577' title='bbox 1819 2062 1913 2101; x_wconf 79' lang='lat' dir='ltr'>juxta</span> <span class='ocrx_word' id='word_1_578' title='bbox 1926 2061 2074 2091; x_wconf 86' lang='lat' dir='ltr'>mandati</span> <span class='ocrx_word' id='word_1_579' title='bbox 2087 2061 2192 2091; x_wconf 88' lang='lat' dir='ltr'>nostri</span> <span class='ocrx_word' id='word_1_580' title='bbox 2210 2065 2363 2105; x_wconf 28' lang='lat' dir='ltr'>tenorem·</span> 
     </span>
     <span class='ocr_line' id='line_1_82' title="bbox 1350 2114 2358 2153; baseline 0 -9"><span class='ocrx_word' id='word_1_581' title='bbox 1350 2116 1384 2144; x_wconf 91' lang='lat' dir='ltr'>in</span> <span class='ocrx_word' id='word_1_582' title='bbox 1402 2124 1500 2145; x_wconf 82' lang='lat' dir='ltr'>eausa</span> <span class='ocrx_word' id='word_1_583' title='bbox 1523 2115 1654 2153; x_wconf 88' lang='lat' dir='ltr'>procedi</span> <span class='ocrx_word' id='word_1_584' title='bbox 1677 2114 1850 2144; x_wconf 86' lang='lat' dir='ltr'>humiliter</span> <span class='ocrx_word' id='word_1_585' title='bbox 1865 2114 1961 2153; x_wconf 83' lang='lat' dir='ltr'>petiit</span> <span class='ocrx_word' id='word_1_586' title='bbox 1980 2114 2020 2143; x_wconf 85' lang='lat' dir='ltr'>ab</span> <span class='ocrx_word' id='word_1_587' title='bbox 2047 2114 2185 2150; x_wconf 83' lang='lat' dir='ltr'>eisdem,</span> <span class='ocrx_word' id='word_1_588' title='bbox 2206 2123 2247 2144; x_wconf 88' lang='lat' dir='ltr'>ne</span> <span class='ocrx_word' id='word_1_589' title='bbox 2263 2122 2358 2144; x_wconf 88' lang='lat' dir='ltr'>secus</span> 
     </span>
     <span class='ocr_line' id='line_1_83' title="bbox 1350 2166 2359 2205; baseline 0 -8"><span class='ocrx_word' id='word_1_590' title='bbox 1350 2168 1443 2198; x_wconf 85' lang='lat' dir='ltr'>fieret</span> <span class='ocrx_word' id='word_1_591' title='bbox 1481 2167 1522 2197; x_wconf 88' lang='lat' dir='ltr'>ad</span> <span class='ocrx_word' id='word_1_592' title='bbox 1561 2171 1706 2197; x_wconf 82' lang='lat' dir='ltr'>nostram</span> <span class='ocrx_word' id='word_1_593' title='bbox 1741 2167 1945 2197; x_wconf 85' lang='lat' dir='ltr'>audientiam</span> <span class='ocrx_word' id='word_1_594' title='bbox 1977 2166 2209 2205; x_wconf 81' lang='lat' dir='ltr'>appellationis</span> <span class='ocrx_word' id='word_1_595' title='bbox 2244 2170 2359 2197; x_wconf 87' lang='lat' dir='ltr'>vocem</span> 
     </span>
     <span class='ocr_line' id='line_1_84' title="bbox 1350 2219 2358 2259; baseline 0 -9"><span class='ocrx_word' id='word_1_596' title='bbox 1350 2221 1523 2255; x_wconf 72' lang='lat' dir='ltr'>emittens,</span> <span class='ocrx_word' id='word_1_597' title='bbox 1545 2224 1576 2249; x_wconf 87' lang='lat' dir='ltr'>at</span> <span class='ocrx_word' id='word_1_598' title='bbox 1599 2220 1678 2249; x_wconf 87' lang='lat' dir='ltr'>dicti</span> <span class='ocrx_word' id='word_1_599' title='bbox 1696 2220 1843 2259; x_wconf 81' lang='lat' dir='ltr'>judices,</span> <span class='ocrx_word' id='word_1_600' title='bbox 1862 2219 1927 2249; x_wconf 86' lang='lat' dir='ltr'>sibi</span> <span class='ocrx_word' id='word_1_601' title='bbox 1945 2219 2052 2249; x_wconf 88' lang='lat' dir='ltr'>locum</span> <span class='ocrx_word' id='word_1_602' title='bbox 2075 2219 2246 2257; x_wconf 80' lang='lat' dir='ltr'>assignare</span> <span class='ocrx_word' id='word_1_603' title='bbox 2263 2228 2358 2250; x_wconf 86' lang='lat' dir='ltr'>secu-</span> 
     </span>
     <span class='ocr_line' id='line_1_85' title="bbox 1350 2271 2358 2312; baseline 0 -10"><span class='ocrx_word' id='word_1_604' title='bbox 1350 2282 1435 2309; x_wconf 88' lang='lat' dir='ltr'>rum,</span> <span class='ocrx_word' id='word_1_605' title='bbox 1454 2277 1549 2311; x_wconf 87' lang='lat' dir='ltr'>prout</span> <span class='ocrx_word' id='word_1_606' title='bbox 1563 2273 1611 2303; x_wconf 85' lang='lat' dir='ltr'>eis</span> <span class='ocrx_word' id='word_1_607' title='bbox 1622 2273 1757 2311; x_wconf 85' lang='lat' dir='ltr'>placuit,</span> <span class='ocrx_word' id='word_1_608' title='bbox 1773 2272 1985 2310; x_wconf 75' lang='lat' dir='ltr'>denegantes,</span> <span class='ocrx_word' id='word_1_609' title='bbox 2003 2271 2195 2312; x_wconf 82' lang='lat' dir='ltr'>hujusmodi</span> <span class='ocrx_word' id='word_1_610' title='bbox 2212 2271 2358 2311; x_wconf 83' lang='lat' dir='ltr'>appella-</span> 
     </span>
     <span class='ocr_line' id='line_1_86' title="bbox 1350 2324 2357 2364; baseline -0.001 -9"><span class='ocrx_word' id='word_1_611' title='bbox 1350 2327 1438 2356; x_wconf 88' lang='lat' dir='ltr'>tione</span> <span class='ocrx_word' id='word_1_612' title='bbox 1464 2329 1661 2364; x_wconf 81' lang='lat' dir='ltr'>eontempta,</span> <span class='ocrx_word' id='word_1_613' title='bbox 1691 2325 1729 2356; x_wconf 88' lang='lat' dir='ltr'>de</span> <span class='ocrx_word' id='word_1_614' title='bbox 1754 2334 1854 2355; x_wconf 84' lang='lat' dir='ltr'>causa</span> <span class='ocrx_word' id='word_1_615' title='bbox 1877 2325 1950 2363; x_wconf 86' lang='lat' dir='ltr'>ipsa</span> <span class='ocrx_word' id='word_1_616' title='bbox 1973 2333 2038 2354; x_wconf 90' lang='lat' dir='ltr'>non</span> <span class='ocrx_word' id='word_1_617' title='bbox 2065 2324 2208 2362; x_wconf 81' lang='lat' dir='ltr'>cognito,</span> <span class='ocrx_word' id='word_1_618' title='bbox 2235 2324 2357 2355; x_wconf 81' lang='lat' dir='ltr'>dictam</span> 
     </span>
     <span class='ocr_line' id='line_1_87' title="bbox 1349 2377 2356 2409; baseline -0.001 0"><span class='ocrx_word' id='word_1_619' title='bbox 1349 2378 1702 2409; x_wconf 79' lang='lat' dir='ltr'>excommunicationis</span> <span class='ocrx_word' id='word_1_620' title='bbox 1728 2377 1927 2408; x_wconf 86' lang='lat' dir='ltr'>sententiam</span> <span class='ocrx_word' id='word_1_621' title='bbox 1951 2377 2193 2407; x_wconf 84' lang='lat' dir='ltr'>demandarunt</span> <span class='ocrx_word' id='word_1_622' title='bbox 2214 2377 2356 2408; x_wconf 83' lang='lat' dir='ltr'>inviola-</span> 
     </span>
     <span class='ocr_line' id='line_1_88' title="bbox 1347 2429 2355 2467; baseline -0.001 -6"><span class='ocrx_word' id='word_1_623' title='bbox 1347 2431 1461 2461; x_wconf 85' lang='lat' dir='ltr'>biliter</span> <span class='ocrx_word' id='word_1_624' title='bbox 1483 2431 1668 2467; x_wconf 83' lang='lat' dir='ltr'>observari,</span> <span class='ocrx_word' id='word_1_625' title='bbox 1686 2430 1926 2460; x_wconf 88' lang='lat' dir='ltr'>nichilominus</span> <span class='ocrx_word' id='word_1_626' title='bbox 1948 2429 1981 2459; x_wconf 91' lang='lat' dir='ltr'>in</span> <span class='ocrx_word' id='word_1_627' title='bbox 1999 2429 2141 2459; x_wconf 76' lang='lat' dir='ltr'>eundern</span> <span class='ocrx_word' id='word_1_628' title='bbox 2159 2429 2355 2460; x_wconf 83' lang='lat' dir='ltr'>auctoritate</span> 
     </span>
     <span class='ocr_line' id='line_1_89' title="bbox 1347 2482 2352 2515; baseline -0.002 -1"><span class='ocrx_word' id='word_1_629' title='bbox 1347 2489 1461 2514; x_wconf 89' lang='lat' dir='ltr'>nostra</span> <span class='ocrx_word' id='word_1_630' title='bbox 1497 2483 1848 2515; x_wconf 74' lang='lat' dir='ltr'>excommunicationis</span> <span class='ocrx_word' id='word_1_631' title='bbox 1891 2482 2090 2513; x_wconf 87' lang='lat' dir='ltr'>sententiam</span> <span class='ocrx_word' id='word_1_632' title='bbox 2131 2482 2352 2514; x_wconf 79' lang='lat' dir='ltr'>fulminando.</span> 
     </span>
     <span class='ocr_line' id='line_1_90' title="bbox 1347 2535 2353 2574; baseline -0.002 -7"><span class='ocrx_word' id='word_1_633' title='bbox 1347 2537 1508 2574; x_wconf 85' lang='lat' dir='ltr'>Quocirca</span> <span class='ocrx_word' id='word_1_634' title='bbox 1524 2537 1718 2567; x_wconf 84' lang='lat' dir='ltr'>discretioni</span> <span class='ocrx_word' id='word_1_635' title='bbox 1734 2540 1841 2566; x_wconf 87' lang='lat' dir='ltr'>vestre</span> <span class='ocrx_word' id='word_1_636' title='bbox 1856 2545 1913 2574; x_wconf 87' lang='lat' dir='ltr'>per</span> <span class='ocrx_word' id='word_1_637' title='bbox 1929 2535 2108 2574; x_wconf 87' lang='lat' dir='ltr'>apostolica</span> <span class='ocrx_word' id='word_1_638' title='bbox 2121 2535 2244 2573; x_wconf 85' lang='lat' dir='ltr'>scripta</span> <span class='ocrx_word' id='word_1_639' title='bbox 2258 2543 2353 2566; x_wconf 87' lang='lat' dir='ltr'>man-</span> 
     </span>
     <span class='ocr_line' id='line_1_91' title="bbox 1347 2587 2353 2629; baseline -0.003 -9"><span class='ocrx_word' id='word_1_640' title='bbox 1347 2590 1463 2620; x_wconf 86' lang='lat' dir='ltr'>damus</span> <span class='ocrx_word' id='word_1_641' title='bbox 1479 2593 1655 2629; x_wconf 84' lang='lat' dir='ltr'>quatenus,</span> <span class='ocrx_word' id='word_1_642' title='bbox 1674 2589 1702 2620; x_wconf 86' lang='lat' dir='ltr'>si</span> <span class='ocrx_word' id='word_1_643' title='bbox 1719 2593 1767 2620; x_wconf 88' lang='lat' dir='ltr'>est</span> <span class='ocrx_word' id='word_1_644' title='bbox 1780 2589 1837 2624; x_wconf 83' lang='lat' dir='ltr'>ita,</span> <span class='ocrx_word' id='word_1_645' title='bbox 1857 2591 2051 2618; x_wconf 84' lang='lat' dir='ltr'>revocantes</span> <span class='ocrx_word' id='word_1_646' title='bbox 2068 2588 2103 2617; x_wconf 93' lang='lat' dir='ltr'>in</span> <span class='ocrx_word' id='word_1_647' title='bbox 2122 2591 2244 2618; x_wconf 87' lang='lat' dir='ltr'>statum</span> <span class='ocrx_word' id='word_1_648' title='bbox 2259 2587 2353 2618; x_wconf 87' lang='lat' dir='ltr'>debi-</span> 
     </span>
    </p>
   </div>
   <div class='ocr_carea' id='block_1_10' title="bbox 1345 2699 2351 2947">
    <p class='ocr_par' dir='ltr' id='par_1_10' title="bbox 1345 2699 2351 2865">
     <span class='ocr_line' id='line_1_92' title="bbox 1379 2699 2351 2732; baseline -0.002 -6"><span class='ocrx_word' id='word_1_649' title='bbox 1379 2702 1399 2726; x_wconf 94' lang='lat'>1.</span> <span class='ocrx_word' id='word_1_650' title='bbox 1417 2701 1467 2726; x_wconf 87' lang='lat' dir='ltr'>Cet</span> <span class='ocrx_word' id='word_1_651' title='bbox 1483 2703 1600 2732; x_wconf 80' lang='lat' dir='ltr'>incipit.</span> <span class='ocrx_word' id='word_1_652' title='bbox 1617 2709 1683 2726; x_wconf 82' lang='lat' dir='ltr'>avec</span> <span class='ocrx_word' id='word_1_653' title='bbox 1698 2702 1723 2725; x_wconf 81' lang='lat' dir='ltr'>le</span> <span class='ocrx_word' id='word_1_654' title='bbox 1738 2704 1795 2725; x_wconf 82' lang='lat' dir='ltr'>mot</span> <span class='ocrx_word' id='word_1_655' title='bbox 1811 2703 1903 2731; x_wconf 79' lang='lat' dir='ltr'>Idem,</span> <span class='ocrx_word' id='word_1_656' title='bbox 1921 2703 1962 2724; x_wconf 87' lang='lat' dir='ltr'>est</span> <span class='ocrx_word' id='word_1_657' title='bbox 1978 2707 2054 2724; x_wconf 83' lang='lat' dir='ltr'>assez</span> <span class='ocrx_word' id='word_1_658' title='bbox 2070 2699 2198 2731; x_wconf 48' lang='lat' dir='ltr'>strangu</span> <span class='ocrx_word' id='word_1_659' title='bbox 2215 2700 2351 2732; x_wconf 84' lang='lat' dir='ltr'>I&#39;original</span> 
     </span>
     <span class='ocr_line' id='line_1_93' title="bbox 1345 2745 2349 2777; baseline -0.001 -8"><span class='ocrx_word' id='word_1_660' title='bbox 1345 2746 1438 2770; x_wconf 85' lang='lat' dir='ltr'>devait</span> <span class='ocrx_word' id='word_1_661' title='bbox 1458 2750 1551 2777; x_wconf 79' lang='lat' dir='ltr'>portet·</span> <span class='ocrx_word' id='word_1_662' title='bbox 1572 2747 1857 2771; x_wconf 81' lang='lat' dir='ltr'>vraisemblablement</span> <span class='ocrx_word' id='word_1_663' title='bbox 1874 2752 1879 2769; x_wconf 91' lang='lat'>:</span> <span class='ocrx_word' id='word_1_664' title='bbox 1897 2746 2020 2769; x_wconf 79' lang='lat' dir='ltr'>Dilectus</span> <span class='ocrx_word' id='word_1_665' title='bbox 2035 2746 2113 2774; x_wconf 76' lang='lat' dir='ltr'>filius</span> <span class='ocrx_word' id='word_1_666' title='bbox 2130 2745 2233 2769; x_wconf 82' lang='lat' dir='ltr'>nobilis</span> <span class='ocrx_word' id='word_1_667' title='bbox 2250 2746 2294 2769; x_wconf 83' lang='lat' dir='ltr'>vir</span> <span class='ocrx_word' id='word_1_668' title='bbox 2310 2747 2349 2774; x_wconf 88' lang='lat' dir='ltr'>P.,</span> 
     </span>
     <span class='ocr_line' id='line_1_94' title="bbox 1345 2787 2351 2820; baseline -0.002 -6"><span class='ocrx_word' id='word_1_669' title='bbox 1345 2797 1438 2814; x_wconf 82' lang='lat' dir='ltr'>comes</span> <span class='ocrx_word' id='word_1_670' title='bbox 1450 2792 1606 2814; x_wconf 79' lang='lat' dir='ltr'>Britannie.</span> <span class='ocrx_word' id='word_1_671' title='bbox 1619 2790 1658 2814; x_wconf 84' lang='lat' dir='ltr'>La</span> <span class='ocrx_word' id='word_1_672' title='bbox 1668 2791 1754 2814; x_wconf 78' lang='lat' dir='ltr'>meme</span> <span class='ocrx_word' id='word_1_673' title='bbox 1765 2796 1908 2820; x_wconf 84' lang='lat' dir='ltr'>remarque</span> <span class='ocrx_word' id='word_1_674' title='bbox 1918 2789 2071 2820; x_wconf 81' lang='lat' dir='ltr'>s&#39;appliquo</span> <span class='ocrx_word' id='word_1_675' title='bbox 2082 2796 2136 2812; x_wconf 85' lang='lat' dir='ltr'>aux</span> <span class='ocrx_word' id='word_1_676' title='bbox 2148 2788 2278 2813; x_wconf 79' lang='lat' dir='ltr'>numeros</span> <span class='ocrx_word' id='word_1_677' title='bbox 2289 2787 2351 2813; x_wconf 74' lang='lat'>2192</span> 
     </span>
     <span class='ocr_line' id='line_1_95' title="bbox 1345 2833 1655 2865; baseline 0.003 -8"><span class='ocrx_word' id='word_1_678' title='bbox 1345 2837 1371 2857; x_wconf 84' lang='lat' dir='ltr'>et</span> <span class='ocrx_word' id='word_1_679' title='bbox 1385 2833 1456 2862; x_wconf 70' lang='lat'>2193,</span> <span class='ocrx_word' id='word_1_680' title='bbox 1473 2835 1520 2865; x_wconf 87' lang='lat' dir='ltr'>qui</span> <span class='ocrx_word' id='word_1_681' title='bbox 1535 2835 1655 2858; x_wconf 80' lang='lat' dir='ltr'>suivent.</span> 
     </span>
    </p>

    <p class='ocr_par' dir='ltr' id='par_1_11' title="bbox 1374 2877 1659 2902">
     <span class='ocr_line' id='line_1_96' title="bbox 1374 2877 1659 2902; baseline 0.004 -1"><span class='ocrx_word' id='word_1_682' title='bbox 1374 2877 1397 2902; x_wconf 78' lang='lat'>2.</span> <span class='ocrx_word' id='word_1_683' title='bbox 1414 2880 1464 2901; x_wconf 87' lang='lat' dir='ltr'>Ms.</span> <span class='ocrx_word' id='word_1_684' title='bbox 1482 2887 1488 2902; x_wconf 90' lang='lat'>.·</span> <span class='ocrx_word' id='word_1_685' title='bbox 1504 2879 1659 2902; x_wconf 88' lang='lat' dir='ltr'>inientium.</span> 
     </span>
    </p>

    <p class='ocr_par' dir='ltr' id='par_1_12' title="bbox 1375 2921 1628 2947">
     <span class='ocr_line' id='line_1_97' title="bbox 1375 2921 1628 2947; baseline 0.008 -2"><span class='ocrx_word' id='word_1_686' title='bbox 1375 2921 1398 2946; x_wconf 86' lang='lat'>3.</span> <span class='ocrx_word' id='word_1_687' title='bbox 1413 2923 1463 2946; x_wconf 82' lang='lat' dir='ltr'>Ms.</span> <span class='ocrx_word' id='word_1_688' title='bbox 1479 2931 1486 2946; x_wconf 89' lang='grc'>.·</span> <span class='ocrx_word' id='word_1_689' title='bbox 1503 2922 1628 2947; x_wconf 80' lang='lat' dir='ltr'>feceriut.</span> 
     </span>
    </p>
   </div>
   <div class='ocr_carea' id='block_1_11' title="bbox 2466 2531 2498 2932">
    <p class='ocr_par' dir='ltr' id='par_1_13' title="bbox 2466 2531 2498 2932">
     <span class='ocr_line' id='line_1_98' title="bbox 2466 2531 2498 2932; baseline 0 310"><span class='ocrx_word' id='word_1_690' title='bbox 2466 2531 2498 2932; x_wconf 95' lang='lat' dir='ltr'> </span> 
     </span>
    </p>
   </div>
  </div>
 </body>
</html>
