<?xml version="1.0" encoding="UTF-8"?>
<!DOCTYPE html PUBLIC "-//W3C//DTD XHTML 1.0 Transitional//EN"
    "http://www.w3.org/TR/xhtml1/DTD/xhtml1-transitional.dtd">
<html xmlns="http://www.w3.org/1999/xhtml" xml:lang="en" lang="en">
 <head>
  <title>
</title>
<meta http-equiv="Content-Type" content="text/html;charset=utf-8" />
  <meta name='ocr-system' content='tesseract 3.04.00' />
  <meta name='ocr-capabilities' content='ocr_page ocr_carea ocr_par ocr_line ocrx_word'/>
</head>
<body>
  <div class='ocr_page' id='page_1' title='image "./lesregistresdegr01cathuoft_0548.png"; bbox 0 0 2498 3242; ppageno 0'>
   <div class='ocr_carea' id='block_1_1' title="bbox 245 277 427 371">
    <p class='ocr_par' dir='ltr' id='par_1_1' title="bbox 245 277 427 371">
     <span class='ocr_line' id='line_1_1' title="bbox 245 277 318 307; baseline 0 0"><span class='ocrx_word' id='word_1_1' title='bbox 245 277 318 307; x_wconf 82' lang='grc'>1079</span> 
     </span>
     <span class='ocr_line' id='line_1_2' title="bbox 316 343 427 371; baseline -0.009 0"><span class='ocrx_word' id='word_1_2' title='bbox 316 343 427 371; x_wconf 69' lang='grc'>1987</span> 
     </span>
    </p>
   </div>
   <div class='ocr_carea' id='block_1_2' title="bbox 277 401 1249 437">
    <p class='ocr_par' dir='ltr' id='par_1_2' title="bbox 277 401 1249 437">
     <span class='ocr_line' id='line_1_3' title="bbox 277 401 1249 437; baseline -0.002 -8"><span class='ocrx_word' id='word_1_3' title='bbox 277 404 414 430; x_wconf 73' lang='lat' dir='ltr'>Toletano</span> <span class='ocrx_word' id='word_1_4' title='bbox 436 408 463 429; x_wconf 75' lang='lat' dir='ltr'>et</span> <span class='ocrx_word' id='word_1_5' title='bbox 484 402 716 437; x_wconf 77' lang='lat' dir='ltr'>Compostellauo</span> <span class='ocrx_word' id='word_1_6' title='bbox 734 402 975 436; x_wconf 77' lang='lat' dir='ltr'>archiepiscopis,</span> <span class='ocrx_word' id='word_1_7' title='bbox 993 407 1020 428; x_wconf 87' lang='lat' dir='ltr'>et</span> <span class='ocrx_word' id='word_1_8' title='bbox 1036 401 1204 428; x_wconf 77' lang='lat' dir='ltr'>Secobiensi</span> <span class='ocrx_word' id='word_1_9' title='bbox 1221 405 1249 427; x_wconf 81' lang='lat' dir='ltr'>et</span> 
     </span>
    </p>
   </div>
   <div class='ocr_carea' id='block_1_3' title="bbox 867 339 1175 375">
    <p class='ocr_par' dir='ltr' id='par_1_3' title="bbox 867 339 1175 375">
     <span class='ocr_line' id='line_1_4' title="bbox 867 339 1175 375; baseline -0.003 -8"><span class='ocrx_word' id='word_1_10' title='bbox 867 341 952 371; x_wconf 73' lang='lat' dir='ltr'>Rieu,</span> <span class='ocrx_word' id='word_1_11' title='bbox 970 340 1003 367; x_wconf 63' lang='lat' dir='ltr'>2ss</span> <span class='ocrx_word' id='word_1_12' title='bbox 1015 341 1079 375; x_wconf 87' lang='lat' dir='ltr'>juin</span> <span class='ocrx_word' id='word_1_13' title='bbox 1101 339 1175 366; x_wconf 67' lang='lat'><strong>1234.</strong></span> 
     </span>
    </p>
   </div>
   <div class='ocr_carea' id='block_1_4' title="bbox 241 451 1250 732">
    <p class='ocr_par' dir='ltr' id='par_1_4' title="bbox 241 451 1250 732">
     <span class='ocr_line' id='line_1_5' title="bbox 243 451 1248 487; baseline -0.004 -7"><span class='ocrx_word' id='word_1_14' title='bbox 243 453 424 480; x_wconf 76' lang='lat' dir='ltr'>Astoriceusi</span> <span class='ocrx_word' id='word_1_15' title='bbox 441 453 587 487; x_wconf 72' lang='lat' dir='ltr'>episcopis</span> <span class='ocrx_word' id='word_1_16' title='bbox 604 452 716 478; x_wconf 76' lang='lat' dir='ltr'>mandat</span> <span class='ocrx_word' id='word_1_17' title='bbox 732 458 886 486; x_wconf 77' lang='lat' dir='ltr'>quatenus,</span> <span class='ocrx_word' id='word_1_18' title='bbox 898 467 930 472; x_wconf 97' lang='lat'><strong>—</strong></span> <span class='ocrx_word' id='word_1_19' title='bbox 943 460 1008 478; x_wconf 88' lang='lat' dir='ltr'>cum</span> <span class='ocrx_word' id='word_1_20' title='bbox 1028 451 1154 477; x_wconf 86' lang='lat' dir='ltr'>nonnulli</span> <span class='ocrx_word' id='word_1_21' title='bbox 1167 451 1248 484; x_wconf 85' lang='lat' dir='ltr'>regni</span> 
     </span>
     <span class='ocr_line' id='line_1_6' title="bbox 243 501 1249 534; baseline -0.004 -6"><span class='ocrx_word' id='word_1_22' title='bbox 243 502 385 528; x_wconf 70' lang='lat' dir='ltr'>Castellae</span> <span class='ocrx_word' id='word_1_23' title='bbox 402 507 429 527; x_wconf 77' lang='lat' dir='ltr'>et</span> <span class='ocrx_word' id='word_1_24' title='bbox 447 501 647 533; x_wconf 62' lang='lat' dir='ltr'>Legionensis,</span> <span class='ocrx_word' id='word_1_25' title='bbox 661 501 858 534; x_wconf 72' lang='lat' dir='ltr'>impunitatem</span> <span class='ocrx_word' id='word_1_26' title='bbox 872 508 990 526; x_wconf 79' lang='lat' dir='ltr'>suorum</span> <span class='ocrx_word' id='word_1_27' title='bbox 1008 507 1182 525; x_wconf 70' lang='lat' dir='ltr'>excessuum</span> <span class='ocrx_word' id='word_1_28' title='bbox 1201 507 1249 533; x_wconf 86' lang='lat' dir='ltr'>per</span> 
     </span>
     <span class='ocr_line' id='line_1_7' title="bbox 245 549 1249 585; baseline -0.004 -7"><span class='ocrx_word' id='word_1_29' title='bbox 245 553 443 579; x_wconf 79' lang='lat' dir='ltr'>defensionem</span> <span class='ocrx_word' id='word_1_30' title='bbox 462 551 608 577; x_wconf 74' lang='lat' dir='ltr'>Ecclesiae</span> <span class='ocrx_word' id='word_1_31' title='bbox 625 552 755 577; x_wconf 72' lang='lat' dir='ltr'>obtinere</span> <span class='ocrx_word' id='word_1_32' title='bbox 772 556 931 585; x_wconf 76' lang='lat' dir='ltr'>sperantes.</span> <span class='ocrx_word' id='word_1_33' title='bbox 951 550 1102 576; x_wconf 82' lang='lat' dir='ltr'>homicidia</span> <span class='ocrx_word' id='word_1_34' title='bbox 1120 554 1145 575; x_wconf 90' lang='lat' dir='ltr'>et</span> <span class='ocrx_word' id='word_1_35' title='bbox 1163 549 1249 575; x_wconf 89' lang='lat' dir='ltr'>muti-</span> 
     </span>
     <span class='ocr_line' id='line_1_8' title="bbox 245 599 1249 630; baseline -0.003 -4"><span class='ocrx_word' id='word_1_36' title='bbox 245 601 365 627; x_wconf 76' lang='lat' dir='ltr'>lationes</span> <span class='ocrx_word' id='word_1_37' title='bbox 383 601 575 626; x_wconf 79' lang='lat' dir='ltr'>membrorum</span> <span class='ocrx_word' id='word_1_38' title='bbox 592 601 618 626; x_wconf 95' lang='lat' dir='ltr'>in</span> <span class='ocrx_word' id='word_1_39' title='bbox 630 600 763 626; x_wconf 77' lang='lat' dir='ltr'>ecclesiis</span> <span class='ocrx_word' id='word_1_40' title='bbox 775 600 816 625; x_wconf 68' lang='lat' dir='ltr'>vel</span> <span class='ocrx_word' id='word_1_41' title='bbox 830 599 1010 625; x_wconf 64' lang='lat' dir='ltr'>coemeteriis</span> <span class='ocrx_word' id='word_1_42' title='bbox 1025 599 1249 630; x_wconf 85' lang='lat' dir='ltr'>committerent,</span> 
     </span>
     <span class='ocr_line' id='line_1_9' title="bbox 241 646 1250 683; baseline -0.003 -8"><span class='ocrx_word' id='word_1_43' title='bbox 241 663 277 669; x_wconf 93' lang='lat'><strong>—</strong></span> <span class='ocrx_word' id='word_1_44' title='bbox 296 650 408 683; x_wconf 72' lang='lat' dir='ltr'>publice</span> <span class='ocrx_word' id='word_1_45' title='bbox 433 650 564 674; x_wconf 78' lang='lat' dir='ltr'>nuntient</span> <span class='ocrx_word' id='word_1_46' title='bbox 590 648 660 673; x_wconf 75' lang='lat' dir='ltr'>tales</span> <span class='ocrx_word' id='word_1_47' title='bbox 686 657 739 674; x_wconf 79' lang='lat' dir='ltr'>nou</span> <span class='ocrx_word' id='word_1_48' title='bbox 762 648 868 673; x_wconf 74' lang='lat' dir='ltr'>debere</span> <span class='ocrx_word' id='word_1_49' title='bbox 890 648 1080 673; x_wconf 81' lang='lat' dir='ltr'>immunitatis</span> <span class='ocrx_word' id='word_1_50' title='bbox 1102 646 1250 681; x_wconf 76' lang='lat' dir='ltr'>privilegio</span> 
     </span>
     <span class='ocr_line' id='line_1_10' title="bbox 242 695 1072 732; baseline -0.001 -9"><span class='ocrx_word' id='word_1_51' title='bbox 242 698 378 732; x_wconf 78' lang='lat' dir='ltr'>gaudere.</span> <span class='ocrx_word' id='word_1_52' title='bbox 397 712 430 717; x_wconf 97' lang='lat'><strong>—</strong></span> <span class='ocrx_word' id='word_1_53' title='bbox 448 697 530 729; x_wconf 55' lang='lat' dir='ltr'>gut-0.</span> <span class='ocrx_word' id='word_1_54' title='bbox 551 698 590 727; x_wconf 62' lang='lat' dir='ltr'>tt,</span> <span class='ocrx_word' id='word_1_55' title='bbox 611 698 628 723; x_wconf 81' lang='lat' dir='ltr'>t’.</span> <span class='ocrx_word' id='word_1_56' title='bbox 650 697 696 723; x_wconf 75' lang='grc'>190</span> <span class='ocrx_word' id='word_1_57' title='bbox 714 704 757 724; x_wconf 66' lang='lat' dir='ltr'>vo:</span> <span class='ocrx_word' id='word_1_58' title='bbox 774 705 840 723; x_wconf 76' lang='lat' dir='ltr'>ann.</span> <span class='ocrx_word' id='word_1_59' title='bbox 858 695 981 728; x_wconf 66' lang='lat' dir='ltr'>V111,c.</span> <span class='ocrx_word' id='word_1_60' title='bbox 1003 696 1072 727; x_wconf 80' lang='lat'>135.)</span> 
     </span>
    </p>
   </div>
   <div class='ocr_carea' id='block_1_5' title="bbox 243 811 1252 1164">
    <p class='ocr_par' dir='ltr' id='par_1_5' title="bbox 243 811 1252 1164">
     <span class='ocr_line' id='line_1_11' title="bbox 285 811 1251 849; baseline -0.003 -8"><span class='ocrx_word' id='word_1_61' title='bbox 285 827 297 837; x_wconf 64' lang='grc' dir='ltr'>ιι</span> <span class='ocrx_word' id='word_1_62' title='bbox 320 835 339 840; x_wconf 96' lang='grc'>..</span> <span class='ocrx_word' id='word_1_63' title='bbox 361 813 498 841; x_wconf 58' lang='lat' dir='ltr'>Toletano</span> <span class='ocrx_word' id='word_1_64' title='bbox 514 817 539 840; x_wconf 76' lang='lat' dir='ltr'>ct</span> <span class='ocrx_word' id='word_1_65' title='bbox 559 834 578 839; x_wconf 89' lang='lat'>..</span> <span class='ocrx_word' id='word_1_66' title='bbox 599 812 836 849; x_wconf 76' lang='lat' dir='ltr'>Compostclluuo</span> <span class='ocrx_word' id='word_1_67' title='bbox 857 811 1107 848; x_wconf 64' lang='lat' dir='ltr'>archiepiscopis,</span> <span class='ocrx_word' id='word_1_68' title='bbox 1128 833 1147 838; x_wconf 90' lang='lat'>..</span> <span class='ocrx_word' id='word_1_69' title='bbox 1165 811 1251 839; x_wconf 77' lang='lat' dir='ltr'>Sec-o-</span> 
     </span>
     <span class='ocr_line' id='line_1_12' title="bbox 243 863 1252 902; baseline -0.001 -9"><span class='ocrx_word' id='word_1_70' title='bbox 243 866 340 893; x_wconf 74' lang='lat' dir='ltr'>biensi</span> <span class='ocrx_word' id='word_1_71' title='bbox 356 870 380 893; x_wconf 66' lang='lat' dir='ltr'>r!</span> <span class='ocrx_word' id='word_1_72' title='bbox 400 888 418 892; x_wconf 89' lang='lat'>..</span> <span class='ocrx_word' id='word_1_73' title='bbox 437 866 621 893; x_wconf 58' lang='lat' dir='ltr'>„istor-ierusi</span> <span class='ocrx_word' id='word_1_74' title='bbox 636 866 789 902; x_wconf 71' lang='lat' dir='ltr'>episcopis.</span> <span class='ocrx_word' id='word_1_75' title='bbox 812 864 1058 893; x_wconf 81' lang='lat' dir='ltr'>Immunitatem</span> <span class='ocrx_word' id='word_1_76' title='bbox 1076 863 1252 893; x_wconf 81' lang='lat' dir='ltr'>ecclesias-</span> 
     </span>
     <span class='ocr_line' id='line_1_13' title="bbox 245 915 1251 946; baseline -0.001 -1"><span class='ocrx_word' id='word_1_77' title='bbox 245 919 343 946; x_wconf 74' lang='lat' dir='ltr'>ticam</span> <span class='ocrx_word' id='word_1_78' title='bbox 361 926 398 945; x_wconf 73' lang='lat' dir='ltr'>ex</span> <span class='ocrx_word' id='word_1_79' title='bbox 415 934 462 944; x_wconf 97' lang='lat'>—.</span> <span class='ocrx_word' id='word_1_80' title='bbox 479 917 675 946; x_wconf 83' lang='lat' dir='ltr'>Insiuuante</span> <span class='ocrx_word' id='word_1_81' title='bbox 691 926 769 946; x_wconf 85' lang='lat' dir='ltr'>sane</span> <span class='ocrx_word' id='word_1_82' title='bbox 784 916 962 946; x_wconf 77' lang='lat' dir='ltr'>karissimo</span> <span class='ocrx_word' id='word_1_83' title='bbox 979 916 1012 944; x_wconf 97' lang='lat' dir='ltr'>in</span> <span class='ocrx_word' id='word_1_84' title='bbox 1033 915 1167 945; x_wconf 85' lang='lat' dir='ltr'>Christo</span> <span class='ocrx_word' id='word_1_85' title='bbox 1183 915 1251 945; x_wconf 86' lang='lat' dir='ltr'>filio</span> 
     </span>
     <span class='ocr_line' id='line_1_14' title="bbox 244 968 1252 1007; baseline -0.001 -8"><span class='ocrx_word' id='word_1_86' title='bbox 244 975 357 999; x_wconf 79' lang='lat' dir='ltr'>nostro</span> <span class='ocrx_word' id='word_1_87' title='bbox 377 993 395 997; x_wconf 89' lang='lat'>..</span> <span class='ocrx_word' id='word_1_88' title='bbox 415 969 539 998; x_wconf 77' lang='lat' dir='ltr'>illustri</span> <span class='ocrx_word' id='word_1_89' title='bbox 559 978 633 1007; x_wconf 69' lang='lat' dir='ltr'>rege</span> <span class='ocrx_word' id='word_1_90' title='bbox 650 969 792 999; x_wconf 79' lang='lat' dir='ltr'>Castelle</span> <span class='ocrx_word' id='word_1_91' title='bbox 810 973 838 998; x_wconf 88' lang='lat' dir='ltr'>et</span> <span class='ocrx_word' id='word_1_92' title='bbox 859 968 1098 1005; x_wconf 62' lang='lat' dir='ltr'>Legionen[si]‚</span> <span class='ocrx_word' id='word_1_93' title='bbox 1116 976 1176 997; x_wconf 87' lang='lat' dir='ltr'>nos</span> <span class='ocrx_word' id='word_1_94' title='bbox 1193 976 1252 998; x_wconf 91' lang='lat' dir='ltr'>no-</span> 
     </span>
     <span class='ocr_line' id='line_1_15' title="bbox 245 1018 1251 1060; baseline -0.002 -9"><span class='ocrx_word' id='word_1_95' title='bbox 245 1022 360 1052; x_wconf 73' lang='lat' dir='ltr'>veritis</span> <span class='ocrx_word' id='word_1_96' title='bbox 378 1022 544 1060; x_wconf 79' lang='lat' dir='ltr'>accepisse</span> <span class='ocrx_word' id='word_1_97' title='bbox 561 1022 647 1060; x_wconf 83' lang='lat' dir='ltr'>quod</span> <span class='ocrx_word' id='word_1_98' title='bbox 665 1022 816 1051; x_wconf 86' lang='lat' dir='ltr'>nonnulli</span> <span class='ocrx_word' id='word_1_99' title='bbox 834 1021 927 1059; x_wconf 75' lang='lat' dir='ltr'>regni</span> <span class='ocrx_word' id='word_1_100' title='bbox 944 1021 996 1051; x_wconf 86' lang='lat' dir='ltr'>sui</span> <span class='ocrx_word' id='word_1_101' title='bbox 1012 1020 1176 1056; x_wconf 87' lang='lat' dir='ltr'>homines,</span> <span class='ocrx_word' id='word_1_102' title='bbox 1193 1018 1251 1049; x_wconf 88' lang='lat' dir='ltr'>im-</span> 
     </span>
     <span class='ocr_line' id='line_1_16' title="bbox 245 1073 1252 1113; baseline -0.002 -9"><span class='ocrx_word' id='word_1_103' title='bbox 245 1075 428 1113; x_wconf 74' lang='lat' dir='ltr'>punitatem</span> <span class='ocrx_word' id='word_1_104' title='bbox 461 1083 595 1103; x_wconf 89' lang='lat' dir='ltr'>suorum</span> <span class='ocrx_word' id='word_1_105' title='bbox 628 1082 823 1103; x_wconf 75' lang='lat' dir='ltr'>excessuum</span> <span class='ocrx_word' id='word_1_106' title='bbox 851 1083 907 1112; x_wconf 89' lang='lat' dir='ltr'>per</span> <span class='ocrx_word' id='word_1_107' title='bbox 932 1073 1160 1103; x_wconf 69' lang='lat' dir='ltr'>defensionem</span> <span class='ocrx_word' id='word_1_108' title='bbox 1191 1073 1252 1102; x_wconf 90' lang='lat' dir='ltr'>Ec-</span> 
     </span>
     <span class='ocr_line' id='line_1_17' title="bbox 243 1125 1251 1164; baseline -0.002 -8"><span class='ocrx_word' id='word_1_109' title='bbox 243 1127 343 1157; x_wconf 82' lang='lat' dir='ltr'>clesie</span> <span class='ocrx_word' id='word_1_110' title='bbox 371 1126 520 1155; x_wconf 79' lang='lat' dir='ltr'>obtinere</span> <span class='ocrx_word' id='word_1_111' title='bbox 547 1130 733 1164; x_wconf 82' lang='lat' dir='ltr'>sperantes,</span> <span class='ocrx_word' id='word_1_112' title='bbox 759 1125 937 1155; x_wconf 80' lang='lat' dir='ltr'>homicidia</span> <span class='ocrx_word' id='word_1_113' title='bbox 965 1130 996 1155; x_wconf 79' lang='lat' dir='ltr'>et</span> <span class='ocrx_word' id='word_1_114' title='bbox 1023 1125 1251 1155; x_wconf 74' lang='lat' dir='ltr'>mutilationes</span> 
     </span>
    </p>
   </div>
   <div class='ocr_carea' id='block_1_6' title="bbox 243 1178 2374 1310">
    <p class='ocr_par' dir='ltr' id='par_1_6' title="bbox 243 1178 2374 1310">
     <span class='ocr_line' id='line_1_18' title="bbox 243 1178 1293 1216; baseline -0.001 -7"><span class='ocrx_word' id='word_1_115' title='bbox 243 1179 468 1209; x_wconf 87' lang='lat' dir='ltr'>membrorum</span> <span class='ocrx_word' id='word_1_116' title='bbox 503 1179 537 1208; x_wconf 88' lang='lat' dir='ltr'>in</span> <span class='ocrx_word' id='word_1_117' title='bbox 566 1179 648 1216; x_wconf 86' lang='lat' dir='ltr'>ipsis</span> <span class='ocrx_word' id='word_1_118' title='bbox 676 1178 826 1208; x_wconf 75' lang='lat' dir='ltr'>ecclesiis</span> <span class='ocrx_word' id='word_1_119' title='bbox 852 1178 903 1207; x_wconf 75' lang='lat' dir='ltr'>vel</span> <span class='ocrx_word' id='word_1_120' title='bbox 935 1187 1047 1208; x_wconf 87' lang='lat' dir='ltr'>earum</span> <span class='ocrx_word' id='word_1_121' title='bbox 1078 1178 1253 1208; x_wconf 80' lang='lat' dir='ltr'>cimiteriis</span> <span class='ocrx_word' id='word_1_122' title='bbox 1291 1198 1293 1215; x_wconf 70' lang='lat'><strong>;</strong></span> 
     </span>
     <span class='ocr_line' id='line_1_19' title="bbox 246 1230 1293 1270; baseline -0.001 -9"><span class='ocrx_word' id='word_1_123' title='bbox 246 1232 452 1261; x_wconf 78' lang='lat' dir='ltr'>committere</span> <span class='ocrx_word' id='word_1_124' title='bbox 476 1240 540 1260; x_wconf 89' lang='lat' dir='ltr'>non</span> <span class='ocrx_word' id='word_1_125' title='bbox 564 1235 734 1267; x_wconf 76' lang='lat' dir='ltr'>verentur,</span> <span class='ocrx_word' id='word_1_126' title='bbox 755 1240 817 1270; x_wconf 85' lang='lat' dir='ltr'>que</span> <span class='ocrx_word' id='word_1_127' title='bbox 841 1231 907 1261; x_wconf 88' lang='lat' dir='ltr'>nisi</span> <span class='ocrx_word' id='word_1_128' title='bbox 924 1240 981 1269; x_wconf 90' lang='lat' dir='ltr'>per</span> <span class='ocrx_word' id='word_1_129' title='bbox 1002 1230 1194 1265; x_wconf 78' lang='lat' dir='ltr'>Ecclesiam,</span> <span class='ocrx_word' id='word_1_130' title='bbox 1213 1231 1254 1260; x_wconf 85' lang='lat' dir='ltr'>ad</span> <span class='ocrx_word' id='word_1_131' title='bbox 1291 1239 1293 1244; x_wconf 78' lang='grc'>’</span> 
     </span>
     <span class='ocr_line' id='line_1_20' title="bbox 1291 1275 2374 1310; baseline 0 -8"><span class='ocrx_word' id='word_1_132' title='bbox 1291 1277 1293 1284; x_wconf 92' lang='grc'><strong>“</strong></span> <span class='ocrx_word' id='word_1_133' title='bbox 1335 1276 1452 1302; x_wconf 87' lang='lat' dir='ltr'>eosdem</span> <span class='ocrx_word' id='word_1_134' title='bbox 1469 1275 1616 1302; x_wconf 82' lang='lat' dir='ltr'>Romanos</span> <span class='ocrx_word' id='word_1_135' title='bbox 1632 1276 1786 1309; x_wconf 77' lang='lat' dir='ltr'>adjunctis.</span> <span class='ocrx_word' id='word_1_136' title='bbox 1805 1291 1836 1294; x_wconf 97' lang='lat'><strong>—</strong></span> <span class='ocrx_word' id='word_1_137' title='bbox 1852 1275 1933 1309; x_wconf 69' lang='grc' dir='ltr'>(ΠΕΟ.</span> <span class='ocrx_word' id='word_1_138' title='bbox 1952 1276 1994 1307; x_wconf 78' lang='grc'>17,</span> <span class='ocrx_word' id='word_1_139' title='bbox 2012 1276 2030 1303; x_wconf 79' lang='lat' dir='ltr'>f.</span> <span class='ocrx_word' id='word_1_140' title='bbox 2049 1276 2098 1303; x_wconf 90' lang='grc'>190</span> <span class='ocrx_word' id='word_1_141' title='bbox 2115 1282 2160 1308; x_wconf 86' lang='lat' dir='ltr'>v⁰;</span> <span class='ocrx_word' id='word_1_142' title='bbox 2178 1285 2244 1303; x_wconf 90' lang='lat' dir='ltr'>ann.</span> <span class='ocrx_word' id='word_1_143' title='bbox 2260 1275 2340 1310; x_wconf 92' lang='lat' dir='ltr'>VIII,</span> <span class='ocrx_word' id='word_1_144' title='bbox 2370 1298 2374 1302; x_wconf 91' lang='lat'>.</span> 
     </span>
    </p>
   </div>
   <div class='ocr_carea' id='block_1_7' title="bbox 244 1283 1253 1428">
    <p class='ocr_par' dir='ltr' id='par_1_7' title="bbox 244 1283 1253 1428">
     <span class='ocr_line' id='line_1_21' title="bbox 244 1283 1252 1323; baseline -0.002 -9"><span class='ocrx_word' id='word_1_145' title='bbox 244 1293 342 1323; x_wconf 84' lang='lat' dir='ltr'>quam</span> <span class='ocrx_word' id='word_1_146' title='bbox 361 1284 570 1321; x_wconf 73' lang='lat' dir='ltr'>confugiunt,</span> <span class='ocrx_word' id='word_1_147' title='bbox 588 1283 759 1313; x_wconf 76' lang='lat' dir='ltr'>crederent</span> <span class='ocrx_word' id='word_1_148' title='bbox 773 1293 807 1314; x_wconf 92' lang='lat' dir='ltr'>se</span> <span class='ocrx_word' id='word_1_149' title='bbox 819 1284 962 1318; x_wconf 74' lang='lat' dir='ltr'>defendi,</span> <span class='ocrx_word' id='word_1_150' title='bbox 977 1283 1168 1313; x_wconf 82' lang='lat' dir='ltr'>nullatenus</span> <span class='ocrx_word' id='word_1_151' title='bbox 1184 1283 1252 1313; x_wconf 83' lang='lat' dir='ltr'>fue-</span> 
     </span>
     <span class='ocr_line' id='line_1_22' title="bbox 247 1336 1253 1375; baseline -0.001 -9"><span class='ocrx_word' id='word_1_152' title='bbox 247 1342 320 1366; x_wconf 84' lang='lat' dir='ltr'>rant</span> <span class='ocrx_word' id='word_1_153' title='bbox 342 1337 573 1366; x_wconf 70' lang='lat' dir='ltr'>commissuri:</span> <span class='ocrx_word' id='word_1_154' title='bbox 602 1346 700 1374; x_wconf 82' lang='lat' dir='ltr'>super</span> <span class='ocrx_word' id='word_1_155' title='bbox 725 1345 788 1375; x_wconf 83' lang='lat' dir='ltr'>quo</span> <span class='ocrx_word' id='word_1_156' title='bbox 814 1337 900 1365; x_wconf 83' lang='lat' dir='ltr'>idem</span> <span class='ocrx_word' id='word_1_157' title='bbox 928 1346 983 1365; x_wconf 78' lang='lat' dir='ltr'>rex</span> <span class='ocrx_word' id='word_1_158' title='bbox 1005 1336 1169 1374; x_wconf 76' lang='lat' dir='ltr'>provideri</span> <span class='ocrx_word' id='word_1_159' title='bbox 1196 1345 1253 1374; x_wconf 87' lang='lat' dir='ltr'>per</span> 
     </span>
     <span class='ocr_line' id='line_1_23' title="bbox 245 1389 1251 1428; baseline -0.001 -8"><span class='ocrx_word' id='word_1_160' title='bbox 245 1390 361 1420; x_wconf 67' lang='lat' dir='ltr'>Sedent</span> <span class='ocrx_word' id='word_1_161' title='bbox 381 1389 603 1428; x_wconf 71' lang='lat' dir='ltr'>Apostolicam</span> <span class='ocrx_word' id='word_1_162' title='bbox 627 1390 816 1428; x_wconf 79' lang='lat' dir='ltr'>postulavit.</span> <span class='ocrx_word' id='word_1_163' title='bbox 842 1391 890 1420; x_wconf 80' lang='lat' dir='ltr'>Ne</span> <span class='ocrx_word' id='word_1_164' title='bbox 913 1390 1016 1428; x_wconf 76' lang='lat' dir='ltr'>igitur</span> <span class='ocrx_word' id='word_1_165' title='bbox 1038 1390 1090 1419; x_wconf 81' lang='lat' dir='ltr'>via</span> <span class='ocrx_word' id='word_1_166' title='bbox 1111 1389 1251 1419; x_wconf 86' lang='lat' dir='ltr'>liberius</span> 
     </span>
    </p>
   </div>
   <div class='ocr_carea' id='block_1_8' title="bbox 967 266 1608 306">
    <p class='ocr_par' dir='ltr' id='par_1_8' title="bbox 967 266 1608 306">
     <span class='ocr_line' id='line_1_24' title="bbox 967 266 1608 306; baseline -0.005 0"><span class='ocrx_word' id='word_1_167' title='bbox 967 274 1206 306; x_wconf 78' lang='lat' dir='ltr'>REGISTRES</span> <span class='ocrx_word' id='word_1_168' title='bbox 1228 272 1283 302; x_wconf 80' lang='lat' dir='ltr'>DE</span> <span class='ocrx_word' id='word_1_169' title='bbox 1305 266 1526 304; x_wconf 75' lang='lat' dir='ltr'>GREGOIRE</span> <span class='ocrx_word' id='word_1_170' title='bbox 1550 275 1608 305; x_wconf 82' lang='lat' dir='ltr'>ix.</span> 
     </span>
    </p>
   </div>
   <div class='ocr_carea' id='block_1_9' title="bbox 1289 570 1294 1332">
    <p class='ocr_par' dir='ltr' id='par_1_9' title="bbox 1289 570 1294 1332">
     <span class='ocr_line' id='line_1_25' title="bbox 1289 570 1294 1332; baseline 0 0"><span class='ocrx_word' id='word_1_171' title='bbox 1289 570 1294 1332; x_wconf 95' lang='lat' dir='ltr'> </span> 
     </span>
    </p>
   </div>
   <div class='ocr_carea' id='block_1_10' title="bbox 245 1437 1292 1534">
    <p class='ocr_par' dir='ltr' id='par_1_10' title="bbox 245 1437 1292 1534">
     <span class='ocr_line' id='line_1_26' title="bbox 245 1437 1292 1482; baseline 0 -11"><span class='ocrx_word' id='word_1_172' title='bbox 245 1443 413 1480; x_wconf 83' lang='lat' dir='ltr'>aperiatur</span> <span class='ocrx_word' id='word_1_173' title='bbox 429 1442 619 1472; x_wconf 78' lang='lat' dir='ltr'>excessibus</span> <span class='ocrx_word' id='word_1_174' title='bbox 637 1448 665 1472; x_wconf 89' lang='lat' dir='ltr'>et</span> <span class='ocrx_word' id='word_1_175' title='bbox 684 1443 787 1482; x_wconf 79' lang='lat' dir='ltr'>major</span> <span class='ocrx_word' id='word_1_176' title='bbox 803 1442 1017 1481; x_wconf 82' lang='lat' dir='ltr'>delinquendi</span> <span class='ocrx_word' id='word_1_177' title='bbox 1032 1442 1169 1472; x_wconf 79' lang='lat' dir='ltr'>audacia</span> <span class='ocrx_word' id='word_1_178' title='bbox 1183 1451 1252 1480; x_wconf 89' lang='lat' dir='ltr'>pre·</span> <span class='ocrx_word' id='word_1_179' title='bbox 1290 1437 1292 1447; x_wconf 88' lang='lat'>&#39;</span> 
     </span>
     <span class='ocr_line' id='line_1_27' title="bbox 245 1486 1291 1534; baseline -0.001 -9"><span class='ocrx_word' id='word_1_180' title='bbox 245 1495 471 1533; x_wconf 73' lang='lat' dir='ltr'>sumptoribus</span> <span class='ocrx_word' id='word_1_181' title='bbox 489 1495 664 1525; x_wconf 76' lang='lat' dir='ltr'>tribuatur.</span> <span class='ocrx_word' id='word_1_182' title='bbox 684 1504 757 1525; x_wconf 81' lang='lat' dir='ltr'>cum</span> <span class='ocrx_word' id='word_1_183' title='bbox 774 1496 809 1524; x_wconf 87' lang='lat' dir='ltr'>iu</span> <span class='ocrx_word' id='word_1_184' title='bbox 825 1505 863 1525; x_wconf 84' lang='lat' dir='ltr'>eo</span> <span class='ocrx_word' id='word_1_185' title='bbox 878 1495 913 1524; x_wconf 89' lang='lat' dir='ltr'>in</span> <span class='ocrx_word' id='word_1_186' title='bbox 928 1505 991 1534; x_wconf 90' lang='lat' dir='ltr'>quo</span> <span class='ocrx_word' id='word_1_187' title='bbox 1003 1495 1178 1534; x_wconf 72' lang='lat' dir='ltr'>delinquit,</span> <span class='ocrx_word' id='word_1_188' title='bbox 1191 1504 1252 1533; x_wconf 88' lang='lat' dir='ltr'>pu·</span> <span class='ocrx_word' id='word_1_189' title='bbox 1290 1486 1291 1498; x_wconf 54' lang='lat'><em>³</em></span> 
     </span>
    </p>
   </div>
   <div class='ocr_carea' id='block_1_11' title="bbox 244 1547 1252 1796">
    <p class='ocr_par' dir='ltr' id='par_1_11' title="bbox 244 1547 1252 1796">
     <span class='ocr_line' id='line_1_28' title="bbox 245 1547 1252 1586; baseline 0 -10"><span class='ocrx_word' id='word_1_190' title='bbox 245 1547 310 1576; x_wconf 91' lang='lat' dir='ltr'>niri</span> <span class='ocrx_word' id='word_1_191' title='bbox 329 1548 403 1585; x_wconf 78' lang='lat' dir='ltr'>quis</span> <span class='ocrx_word' id='word_1_192' title='bbox 426 1547 558 1577; x_wconf 77' lang='lat' dir='ltr'>debeat.</span> <span class='ocrx_word' id='word_1_193' title='bbox 577 1552 605 1577; x_wconf 80' lang='lat' dir='ltr'>et</span> <span class='ocrx_word' id='word_1_194' title='bbox 626 1548 748 1577; x_wconf 86' lang='lat' dir='ltr'>frustra</span> <span class='ocrx_word' id='word_1_195' title='bbox 771 1547 854 1585; x_wconf 77' lang='lat' dir='ltr'>legis</span> <span class='ocrx_word' id='word_1_196' title='bbox 872 1547 1032 1577; x_wconf 83' lang='lat' dir='ltr'>auxilium</span> <span class='ocrx_word' id='word_1_197' title='bbox 1049 1547 1178 1577; x_wconf 77' lang='lat' dir='ltr'>invocet</span> <span class='ocrx_word' id='word_1_198' title='bbox 1195 1547 1252 1586; x_wconf 84' lang='lat' dir='ltr'>qui</span> 
     </span>
     <span class='ocr_line' id='line_1_29' title="bbox 246 1599 1251 1639; baseline 0.002 -11"><span class='ocrx_word' id='word_1_199' title='bbox 246 1600 420 1629; x_wconf 84' lang='lat' dir='ltr'>committit</span> <span class='ocrx_word' id='word_1_200' title='bbox 439 1600 472 1628; x_wconf 94' lang='lat' dir='ltr'>in</span> <span class='ocrx_word' id='word_1_201' title='bbox 489 1599 606 1637; x_wconf 67' lang='lat' dir='ltr'>legem.</span> <span class='ocrx_word' id='word_1_202' title='bbox 624 1600 821 1630; x_wconf 82' lang='lat' dir='ltr'>mandamus</span> <span class='ocrx_word' id='word_1_203' title='bbox 838 1605 1001 1639; x_wconf 83' lang='lat' dir='ltr'>quatenus</span> <span class='ocrx_word' id='word_1_204' title='bbox 1017 1600 1147 1638; x_wconf 84' lang='lat' dir='ltr'>publice</span> <span class='ocrx_word' id='word_1_205' title='bbox 1165 1609 1251 1630; x_wconf 92' lang='lat' dir='ltr'>nun-</span> 
     </span>
     <span class='ocr_line' id='line_1_30' title="bbox 245 1652 1250 1691; baseline 0.003 -10"><span class='ocrx_word' id='word_1_206' title='bbox 245 1653 335 1682; x_wconf 88' lang='lat' dir='ltr'>tietis</span> <span class='ocrx_word' id='word_1_207' title='bbox 355 1652 435 1682; x_wconf 70' lang='lat' dir='ltr'>tales</span> <span class='ocrx_word' id='word_1_208' title='bbox 451 1661 513 1681; x_wconf 87' lang='lat' dir='ltr'>non</span> <span class='ocrx_word' id='word_1_209' title='bbox 532 1652 650 1682; x_wconf 79' lang='lat' dir='ltr'>debere</span> <span class='ocrx_word' id='word_1_210' title='bbox 667 1653 809 1689; x_wconf 71' lang='lat' dir='ltr'>gaudere</span> <span class='ocrx_word' id='word_1_211' title='bbox 826 1653 1048 1683; x_wconf 87' lang='lat' dir='ltr'>immunitatis</span> <span class='ocrx_word' id='word_1_212' title='bbox 1065 1653 1250 1691; x_wconf 73' lang='lat' dir='ltr'>privilegio,</span> 
     </span>
     <span class='ocr_line' id='line_1_31' title="bbox 245 1705 1252 1745; baseline 0.002 -12"><span class='ocrx_word' id='word_1_213' title='bbox 245 1714 310 1743; x_wconf 83' lang='lat' dir='ltr'>quo</span> <span class='ocrx_word' id='word_1_214' title='bbox 328 1705 451 1733; x_wconf 68' lang='lat' dir='ltr'>faciunt</span> <span class='ocrx_word' id='word_1_215' title='bbox 473 1714 506 1733; x_wconf 78' lang='lat' dir='ltr'>se</span> <span class='ocrx_word' id='word_1_216' title='bbox 527 1705 692 1741; x_wconf 66' lang='lat' dir='ltr'>indignos.</span> <span class='ocrx_word' id='word_1_217' title='bbox 710 1705 801 1741; x_wconf 82' lang='lat' dir='ltr'>Quod</span> <span class='ocrx_word' id='word_1_218' title='bbox 819 1706 846 1735; x_wconf 79' lang='lat' dir='ltr'>si</span> <span class='ocrx_word' id='word_1_219' title='bbox 869 1714 933 1735; x_wconf 87' lang='lat' dir='ltr'>non</span> <span class='ocrx_word' id='word_1_220' title='bbox 950 1715 1064 1735; x_wconf 87' lang='lat' dir='ltr'>omnes</span> <span class='ocrx_word' id='word_1_221' title='bbox 1086 1710 1159 1736; x_wconf 81' lang='lat' dir='ltr'>etc..</span> <span class='ocrx_word' id='word_1_222' title='bbox 1178 1706 1252 1745; x_wconf 84' lang='lat' dir='ltr'>qui-</span> 
     </span>
     <span class='ocr_line' id='line_1_32' title="bbox 244 1756 871 1796; baseline -0.002 -11"><span class='ocrx_word' id='word_1_223' title='bbox 244 1756 321 1786; x_wconf 85' lang='lat' dir='ltr'>libet</span> <span class='ocrx_word' id='word_1_224' title='bbox 343 1762 489 1786; x_wconf 74' lang='lat' dir='ltr'>vestrum</span> <span class='ocrx_word' id='word_1_225' title='bbox 507 1762 567 1787; x_wconf 73' lang='lat' dir='ltr'>ete.</span> <span class='ocrx_word' id='word_1_226' title='bbox 587 1758 657 1786; x_wconf 77' lang='lat' dir='ltr'>Dat.</span> <span class='ocrx_word' id='word_1_227' title='bbox 678 1763 709 1787; x_wconf 87' lang='lat' dir='ltr'>ut</span> <span class='ocrx_word' id='word_1_228' title='bbox 729 1767 839 1796; x_wconf 83' lang='lat' dir='ltr'>supra.</span> <span class='ocrx_word' id='word_1_229' title='bbox 860 1771 871 1784; x_wconf 75' lang='lat' dir='ltr'>n</span> 
     </span>
    </p>
   </div>
   <div class='ocr_carea' id='block_1_12' title="bbox 320 1954 1180 1990">
    <p class='ocr_par' dir='ltr' id='par_1_12' title="bbox 320 1954 1180 1990">
     <span class='ocr_line' id='line_1_33' title="bbox 320 1954 1180 1990; baseline 0.002 -9"><span class='ocrx_word' id='word_1_230' title='bbox 320 1954 338 1980; x_wconf 87' lang='grc' dir='ltr'>Ι</span> <span class='ocrx_word' id='word_1_231' title='bbox 348 1954 435 1982; x_wconf 79' lang='grc'>988</span> <span class='ocrx_word' id='word_1_232' title='bbox 878 1955 964 1988; x_wconf 71' lang='lat' dir='ltr'>Rieu,</span> <span class='ocrx_word' id='word_1_233' title='bbox 977 1956 1010 1983; x_wconf 71' lang='lat'>‘26</span> <span class='ocrx_word' id='word_1_234' title='bbox 1022 1957 1085 1990; x_wconf 87' lang='lat' dir='ltr'>juin</span> <span class='ocrx_word' id='word_1_235' title='bbox 1104 1957 1180 1984; x_wconf 71' lang='lat'>1234.</span> 
     </span>
    </p>
   </div>
   <div class='ocr_carea' id='block_1_13' title="bbox 244 2064 1254 2344">
    <p class='ocr_par' dir='ltr' id='par_1_13' title="bbox 244 2064 1254 2344">
     <span class='ocr_line' id='line_1_34' title="bbox 244 2064 1254 2098; baseline 0.004 -9"><span class='ocrx_word' id='word_1_236' title='bbox 244 2064 398 2089; x_wconf 84' lang='lat' dir='ltr'>committit</span> <span class='ocrx_word' id='word_1_237' title='bbox 415 2069 454 2095; x_wconf 80' lang='lat' dir='ltr'>ut,</span> <span class='ocrx_word' id='word_1_238' title='bbox 472 2064 495 2089; x_wconf 83' lang='lat' dir='ltr'>si</span> <span class='ocrx_word' id='word_1_239' title='bbox 512 2065 559 2097; x_wconf 86' lang='lat' dir='ltr'>qui</span> <span class='ocrx_word' id='word_1_240' title='bbox 577 2064 612 2089; x_wconf 86' lang='lat' dir='ltr'>de</span> <span class='ocrx_word' id='word_1_241' title='bbox 625 2065 752 2090; x_wconf 79' lang='lat' dir='ltr'>exercitu</span> <span class='ocrx_word' id='word_1_242' title='bbox 771 2064 862 2098; x_wconf 86' lang='lat' dir='ltr'>ipsius</span> <span class='ocrx_word' id='word_1_243' title='bbox 879 2065 966 2095; x_wconf 67' lang='lat' dir='ltr'>regis.</span> <span class='ocrx_word' id='word_1_244' title='bbox 985 2065 1089 2091; x_wconf 85' lang='lat' dir='ltr'>bellum</span> <span class='ocrx_word' id='word_1_245' title='bbox 1105 2074 1170 2092; x_wconf 90' lang='lat' dir='ltr'>cum</span> <span class='ocrx_word' id='word_1_246' title='bbox 1188 2066 1254 2093; x_wconf 85' lang='lat' dir='ltr'>Sar-</span> 
     </span>
     <span class='ocr_line' id='line_1_35' title="bbox 244 2112 1251 2148; baseline 0.005 -11"><span class='ocrx_word' id='word_1_247' title='bbox 244 2113 357 2137; x_wconf 84' lang='lat' dir='ltr'>racenis</span> <span class='ocrx_word' id='word_1_248' title='bbox 375 2112 513 2145; x_wconf 62' lang='lat' dir='ltr'>gerentis,</span> <span class='ocrx_word' id='word_1_249' title='bbox 533 2121 582 2146; x_wconf 87' lang='lat' dir='ltr'>pro</span> <span class='ocrx_word' id='word_1_250' title='bbox 605 2112 727 2138; x_wconf 72' lang='lat' dir='ltr'>violenta</span> <span class='ocrx_word' id='word_1_251' title='bbox 744 2121 879 2139; x_wconf 82' lang='lat' dir='ltr'>manuum</span> <span class='ocrx_word' id='word_1_252' title='bbox 898 2114 1054 2148; x_wconf 80' lang='lat' dir='ltr'>injectione</span> <span class='ocrx_word' id='word_1_253' title='bbox 1071 2115 1096 2140; x_wconf 92' lang='lat' dir='ltr'>in</span> <span class='ocrx_word' id='word_1_254' title='bbox 1114 2123 1251 2142; x_wconf 82' lang='lat' dir='ltr'>canonem</span> 
     </span>
     <span class='ocr_line' id='line_1_36' title="bbox 245 2159 1253 2198; baseline 0.005 -13"><span class='ocrx_word' id='word_1_255' title='bbox 245 2159 398 2185; x_wconf 81' lang='lat' dir='ltr'>inciderint</span> <span class='ocrx_word' id='word_1_256' title='bbox 413 2161 575 2186; x_wconf 75' lang='lat' dir='ltr'>sententiae</span> <span class='ocrx_word' id='word_1_257' title='bbox 593 2161 799 2195; x_wconf 73' lang='lat' dir='ltr'>promulgatae,</span> <span class='ocrx_word' id='word_1_258' title='bbox 818 2162 931 2195; x_wconf 82' lang='lat' dir='ltr'>possint</span> <span class='ocrx_word' id='word_1_259' title='bbox 944 2163 997 2192; x_wconf 82' lang='lat' dir='ltr'>eis,</span> <span class='ocrx_word' id='word_1_260' title='bbox 1015 2162 1170 2189; x_wconf 85' lang='lat' dir='ltr'>dummodo</span> <span class='ocrx_word' id='word_1_261' title='bbox 1187 2172 1253 2198; x_wconf 82' lang='lat' dir='ltr'>pas-</span> 
     </span>
     <span class='ocr_line' id='line_1_37' title="bbox 244 2209 1253 2244; baseline 0.005 -10"><span class='ocrx_word' id='word_1_262' title='bbox 244 2209 286 2234; x_wconf 95' lang='lat' dir='ltr'>sis</span> <span class='ocrx_word' id='word_1_263' title='bbox 303 2210 434 2242; x_wconf 69' lang='lat' dir='ltr'>injuriam</span> <span class='ocrx_word' id='word_1_264' title='bbox 452 2210 645 2235; x_wconf 67' lang='lat' dir='ltr'>satisfecerint</span> <span class='ocrx_word' id='word_1_265' title='bbox 657 2212 958 2244; x_wconf 72' lang='lat' dir='ltr'>coiupeteutei·,juxt:1</span> <span class='ocrx_word' id='word_1_266' title='bbox 971 2211 1089 2237; x_wconf 84' lang='lat' dir='ltr'>formam</span> <span class='ocrx_word' id='word_1_267' title='bbox 1106 2211 1253 2239; x_wconf 80' lang='lat' dir='ltr'>Ecclesiae</span> 
     </span>
     <span class='ocr_line' id='line_1_38' title="bbox 245 2257 1253 2293; baseline 0.006 -11"><span class='ocrx_word' id='word_1_268' title='bbox 245 2257 456 2283; x_wconf 75' lang='lat' dir='ltr'>absolutionem</span> <span class='ocrx_word' id='word_1_269' title='bbox 475 2258 624 2292; x_wconf 83' lang='lat' dir='ltr'>impertiri,</span> <span class='ocrx_word' id='word_1_270' title='bbox 639 2259 694 2284; x_wconf 81' lang='lat' dir='ltr'>nisi</span> <span class='ocrx_word' id='word_1_271' title='bbox 710 2267 808 2284; x_wconf 86' lang='lat' dir='ltr'>eorum</span> <span class='ocrx_word' id='word_1_272' title='bbox 826 2259 911 2285; x_wconf 82' lang='lat' dir='ltr'>suerit</span> <span class='ocrx_word' id='word_1_273' title='bbox 927 2259 998 2286; x_wconf 85' lang='lat' dir='ltr'>adeo</span> <span class='ocrx_word' id='word_1_274' title='bbox 1014 2261 1110 2293; x_wconf 81' lang='lat' dir='ltr'>gravis</span> <span class='ocrx_word' id='word_1_275' title='bbox 1126 2265 1154 2287; x_wconf 83' lang='lat' dir='ltr'>et</span> <span class='ocrx_word' id='word_1_276' title='bbox 1170 2270 1253 2288; x_wconf 90' lang='lat' dir='ltr'>enor-</span> 
     </span>
     <span class='ocr_line' id='line_1_39' title="bbox 245 2305 1253 2344; baseline 0.005 -13"><span class='ocrx_word' id='word_1_277' title='bbox 245 2305 300 2331; x_wconf 87' lang='lat' dir='ltr'>mis</span> <span class='ocrx_word' id='word_1_278' title='bbox 312 2313 463 2337; x_wconf 81' lang='lat' dir='ltr'>excessus,</span> <span class='ocrx_word' id='word_1_279' title='bbox 477 2306 550 2340; x_wconf 80' lang='lat' dir='ltr'>quod</span> <span class='ocrx_word' id='word_1_280' title='bbox 567 2307 669 2332; x_wconf 85' lang='lat' dir='ltr'>merito</span> <span class='ocrx_word' id='word_1_281' title='bbox 684 2306 764 2341; x_wconf 84' lang='lat' dir='ltr'>ipsos</span> <span class='ocrx_word' id='word_1_282' title='bbox 779 2311 925 2341; x_wconf 82' lang='lat' dir='ltr'>oporteret</span> <span class='ocrx_word' id='word_1_283' title='bbox 940 2309 1098 2342; x_wconf 75' lang='lat' dir='ltr'>apostolico</span> <span class='ocrx_word' id='word_1_284' title='bbox 1112 2317 1253 2344; x_wconf 84' lang='lat' dir='ltr'>conspec-</span> 
     </span>
    </p>
   </div>
   <div class='ocr_carea' id='block_1_14' title="bbox 245 2353 1293 2389">
    <p class='ocr_par' dir='ltr' id='par_1_14' title="bbox 245 2353 1293 2389">
     <span class='ocr_line' id='line_1_40' title="bbox 245 2353 1293 2389; baseline 0.008 -11"><span class='ocrx_word' id='word_1_285' title='bbox 245 2353 287 2378; x_wconf 90' lang='lat' dir='ltr'>tui</span> <span class='ocrx_word' id='word_1_286' title='bbox 304 2353 495 2387; x_wconf 72' lang='lat' dir='ltr'>praesentari3</span> <span class='ocrx_word' id='word_1_287' title='bbox 510 2354 712 2388; x_wconf 82' lang='lat' dir='ltr'>praesentibus</span> <span class='ocrx_word' id='word_1_288' title='bbox 726 2359 789 2389; x_wconf 85' lang='lat' dir='ltr'>post</span> <span class='ocrx_word' id='word_1_289' title='bbox 806 2355 960 2381; x_wconf 84' lang='lat' dir='ltr'>triennium</span> <span class='ocrx_word' id='word_1_290' title='bbox 979 2357 1096 2383; x_wconf 85' lang='lat' dir='ltr'>minime</span> <span class='ocrx_word' id='word_1_291' title='bbox 1113 2358 1250 2386; x_wconf 77' lang='lat' dir='ltr'>valituris.</span> <span class='ocrx_word' id='word_1_292' title='bbox 1291 2369 1293 2378; x_wconf 55' lang='lat' dir='ltr'>t</span> 
     </span>
    </p>
   </div>
   <div class='ocr_carea' id='block_1_15' title="bbox 245 2401 923 2436">
    <p class='ocr_par' dir='ltr' id='par_1_15' title="bbox 245 2401 923 2436">
     <span class='ocr_line' id='line_1_41' title="bbox 245 2401 923 2436; baseline 0.006 -9"><span class='ocrx_word' id='word_1_293' title='bbox 245 2416 277 2420; x_wconf 93' lang='lat'>——</span> <span class='ocrx_word' id='word_1_294' title='bbox 297 2401 378 2432; x_wconf 60' lang='lat' dir='ltr'>(Rea.</span> <span class='ocrx_word' id='word_1_295' title='bbox 398 2402 439 2433; x_wconf 68' lang='lat'>17,</span> <span class='ocrx_word' id='word_1_296' title='bbox 457 2402 476 2429; x_wconf 79' lang='lat' dir='ltr'>f.</span> <span class='ocrx_word' id='word_1_297' title='bbox 497 2402 544 2428; x_wconf 78' lang='lat' dir='ltr'>1th</span> <span class='ocrx_word' id='word_1_298' title='bbox 561 2409 606 2435; x_wconf 72' lang='lat' dir='ltr'>v⁰;</span> <span class='ocrx_word' id='word_1_299' title='bbox 624 2411 689 2430; x_wconf 85' lang='lat' dir='ltr'>ann.</span> <span class='ocrx_word' id='word_1_300' title='bbox 711 2402 789 2435; x_wconf 67' lang='lat' dir='ltr'>VIII,</span> <span class='ocrx_word' id='word_1_301' title='bbox 807 2411 832 2430; x_wconf 90' lang='lat' dir='ltr'>c.</span> <span class='ocrx_word' id='word_1_302' title='bbox 854 2403 923 2436; x_wconf 84' lang='lat'>136.)</span> 
     </span>
    </p>
   </div>
   <div class='ocr_carea' id='block_1_16' title="bbox 290 2515 1086 2556">
    <p class='ocr_par' dir='ltr' id='par_1_16' title="bbox 290 2515 1086 2556">
     <span class='ocr_line' id='line_1_42' title="bbox 290 2515 1086 2556; baseline 0.005 -15"><span class='ocrx_word' id='word_1_303' title='bbox 290 2528 301 2541; x_wconf 68' lang='lat' dir='ltr'>a</span> <span class='ocrx_word' id='word_1_304' title='bbox 324 2516 453 2545; x_wconf 74' lang='lat' dir='ltr'>Eisdem.</span> <span class='ocrx_word' id='word_1_305' title='bbox 474 2515 569 2546; x_wconf 83' lang='lat' dir='ltr'>Circa</span> <span class='ocrx_word' id='word_1_306' title='bbox 586 2525 641 2546; x_wconf 85' lang='lat' dir='ltr'>eos</span> <span class='ocrx_word' id='word_1_307' title='bbox 658 2517 714 2555; x_wconf 85' lang='lat' dir='ltr'>qui</span> <span class='ocrx_word' id='word_1_308' title='bbox 730 2534 778 2545; x_wconf 95' lang='lat'>—.</span> <span class='ocrx_word' id='word_1_309' title='bbox 796 2518 869 2547; x_wconf 85' lang='lat' dir='ltr'>Dat.</span> <span class='ocrx_word' id='word_1_310' title='bbox 889 2522 923 2547; x_wconf 90' lang='lat' dir='ltr'>ut</span> <span class='ocrx_word' id='word_1_311' title='bbox 941 2527 1051 2556; x_wconf 82' lang='lat' dir='ltr'>supra.</span> <span class='ocrx_word' id='word_1_312' title='bbox 1074 2532 1086 2545; x_wconf 79' lang='lat'>»</span> 
     </span>
    </p>
   </div>
   <div class='ocr_carea' id='block_1_17' title="bbox 319 2713 1178 2749">
    <p class='ocr_par' dir='ltr' id='par_1_17' title="bbox 319 2713 1178 2749">
     <span class='ocr_line' id='line_1_43' title="bbox 319 2713 1178 2749; baseline 0.002 -8"><span class='ocrx_word' id='word_1_313' title='bbox 319 2713 433 2741; x_wconf 72' lang='grc'>1989</span> <span class='ocrx_word' id='word_1_314' title='bbox 868 2715 955 2747; x_wconf 67' lang='lat' dir='ltr'>mett,</span> <span class='ocrx_word' id='word_1_315' title='bbox 974 2715 1006 2742; x_wconf 69' lang='lat'>96</span> <span class='ocrx_word' id='word_1_316' title='bbox 1019 2716 1082 2749; x_wconf 73' lang='lat' dir='ltr'>Jutn</span> <span class='ocrx_word' id='word_1_317' title='bbox 1102 2716 1178 2743; x_wconf 69' lang='lat'><strong>1934.</strong></span> 
     </span>
    </p>
   </div>
   <div class='ocr_carea' id='block_1_18' title="bbox 282 2775 1251 2811">
    <p class='ocr_par' dir='ltr' id='par_1_18' title="bbox 282 2775 1251 2811">
     <span class='ocr_line' id='line_1_44' title="bbox 282 2775 1251 2811; baseline 0.006 -11"><span class='ocrx_word' id='word_1_318' title='bbox 282 2775 511 2810; x_wconf 80' lang='lat' dir='ltr'>Arcbiepiscopo</span> <span class='ocrx_word' id='word_1_319' title='bbox 525 2775 662 2802; x_wconf 79' lang='lat' dir='ltr'>Toletano</span> <span class='ocrx_word' id='word_1_320' title='bbox 678 2776 791 2803; x_wconf 83' lang='lat' dir='ltr'>mandat</span> <span class='ocrx_word' id='word_1_321' title='bbox 806 2781 949 2811; x_wconf 79' lang='lat' dir='ltr'>quatenus</span> <span class='ocrx_word' id='word_1_322' title='bbox 961 2778 987 2803; x_wconf 91' lang='lat' dir='ltr'>in</span> <span class='ocrx_word' id='word_1_323' title='bbox 1001 2778 1166 2805; x_wconf 83' lang='lat' dir='ltr'>civitatibus</span> <span class='ocrx_word' id='word_1_324' title='bbox 1181 2787 1251 2806; x_wconf 83' lang='lat' dir='ltr'>suae</span> 
     </span>
    </p>
   </div>
   <div class='ocr_carea' id='block_1_19' title="bbox 247 2824 1292 2860">
    <p class='ocr_par' dir='ltr' id='par_1_19' title="bbox 247 2824 1292 2860">
     <span class='ocr_line' id='line_1_45' title="bbox 247 2824 1292 2860; baseline 0.007 -13"><span class='ocrx_word' id='word_1_325' title='bbox 247 2824 410 2857; x_wconf 77' lang='lat' dir='ltr'>provinciae</span> <span class='ocrx_word' id='word_1_326' title='bbox 432 2832 505 2858; x_wconf 83' lang='lat' dir='ltr'>quae</span> <span class='ocrx_word' id='word_1_327' title='bbox 528 2825 626 2850; x_wconf 86' lang='lat' dir='ltr'>sedem</span> <span class='ocrx_word' id='word_1_328' title='bbox 648 2825 840 2859; x_wconf 81' lang='lat' dir='ltr'>episcopalem</span> <span class='ocrx_word' id='word_1_329' title='bbox 863 2826 1022 2860; x_wconf 88' lang='lat' dir='ltr'>antiquitus</span> <span class='ocrx_word' id='word_1_330' title='bbox 1046 2827 1202 2853; x_wconf 82' lang='lat' dir='ltr'>habuerant</span> <span class='ocrx_word' id='word_1_331' title='bbox 1224 2832 1253 2855; x_wconf 82' lang='lat' dir='ltr'>et</span> <span class='ocrx_word' id='word_1_332' title='bbox 1290 2830 1292 2838; x_wconf 79' lang='grc'><em>’</em></span> 
     </span>
    </p>
   </div>
   <div class='ocr_carea' id='block_1_20' title="bbox 246 2872 1260 2957">
    <p class='ocr_par' dir='ltr' id='par_1_20' title="bbox 246 2872 1260 2957">
     <span class='ocr_line' id='line_1_46' title="bbox 246 2872 1260 2907; baseline 0.006 -11"><span class='ocrx_word' id='word_1_333' title='bbox 246 2875 329 2905; x_wconf 77' lang='lat' dir='ltr'>aptae</span> <span class='ocrx_word' id='word_1_334' title='bbox 343 2875 412 2897; x_wconf 91' lang='lat' dir='ltr'>tunc</span> <span class='ocrx_word' id='word_1_335' title='bbox 427 2879 493 2897; x_wconf 86' lang='lat' dir='ltr'>esse</span> <span class='ocrx_word' id='word_1_336' title='bbox 510 2872 703 2898; x_wconf 83' lang='lat' dir='ltr'>noscebantur</span> <span class='ocrx_word' id='word_1_337' title='bbox 719 2873 751 2899; x_wconf 89' lang='lat' dir='ltr'>ad</span> <span class='ocrx_word' id='word_1_338' title='bbox 769 2873 959 2907; x_wconf 82' lang='lat' dir='ltr'>pontificalem</span> <span class='ocrx_word' id='word_1_339' title='bbox 976 2874 1125 2907; x_wconf 76' lang='lat' dir='ltr'>bonorem,</span> <span class='ocrx_word' id='word_1_340' title='bbox 1138 2876 1260 2902; x_wconf 82' lang='lat' dir='ltr'>studeat-</span> 
     </span>
     <span class='ocr_line' id='line_1_47' title="bbox 246 2918 1249 2957; baseline 0.007 -14"><span class='ocrx_word' id='word_1_341' title='bbox 246 2918 415 2944; x_wconf 76' lang='lat' dir='ltr'>auctoritate</span> <span class='ocrx_word' id='word_1_342' title='bbox 437 2920 593 2953; x_wconf 80' lang='lat' dir='ltr'>apostoliea</span> <span class='ocrx_word' id='word_1_343' title='bbox 617 2919 693 2947; x_wconf 80' lang='lat' dir='ltr'>viros</span> <span class='ocrx_word' id='word_1_344' title='bbox 714 2920 834 2947; x_wconf 83' lang='lat' dir='ltr'>idoneos</span> <span class='ocrx_word' id='word_1_345' title='bbox 854 2921 880 2947; x_wconf 92' lang='lat' dir='ltr'>in</span> <span class='ocrx_word' id='word_1_346' title='bbox 902 2921 1054 2956; x_wconf 82' lang='lat' dir='ltr'>episcopos</span> <span class='ocrx_word' id='word_1_347' title='bbox 1071 2931 1249 2957; x_wconf 87' lang='lat' dir='ltr'>promovere.</span> 
     </span>
    </p>
   </div>
   <div class='ocr_carea' id='block_1_21' title="bbox 1332 274 2336 422">
    <p class='ocr_par' dir='ltr' id='par_1_21' title="bbox 1332 274 2336 422">
     <span class='ocr_line' id='line_1_48' title="bbox 2261 274 2336 306; baseline 0.013 -1"><span class='ocrx_word' id='word_1_348' title='bbox 2261 274 2336 306; x_wconf 83' lang='lat'><strong>1080</strong></span> 
     </span>
     <span class='ocr_line' id='line_1_49' title="bbox 1334 337 2333 375; baseline 0.003 -10"><span class='ocrx_word' id='word_1_349' title='bbox 1334 353 1364 357; x_wconf 89' lang='lat'><em>-</em></span> <span class='ocrx_word' id='word_1_350' title='bbox 1387 337 1470 372; x_wconf 74' lang='lat' dir='ltr'>(Rso.</span> <span class='ocrx_word' id='word_1_351' title='bbox 1496 340 1539 368; x_wconf 77' lang='lat'>17.</span> <span class='ocrx_word' id='word_1_352' title='bbox 1563 340 1580 366; x_wconf 80' lang='lat' dir='ltr'>f.</span> <span class='ocrx_word' id='word_1_353' title='bbox 1604 340 1653 368; x_wconf 78' lang='lat'>190</span> <span class='ocrx_word' id='word_1_354' title='bbox 1673 346 1718 372; x_wconf 71' lang='grc' dir='ltr'>νος</span> <span class='ocrx_word' id='word_1_355' title='bbox 1740 349 1806 368; x_wconf 82' lang='lat' dir='ltr'>ann.</span> <span class='ocrx_word' id='word_1_356' title='bbox 1825 340 1911 375; x_wconf 80' lang='lat' dir='ltr'>Vnt,</span> <span class='ocrx_word' id='word_1_357' title='bbox 1928 349 1954 369; x_wconf 92' lang='lat' dir='ltr'>c.</span> <span class='ocrx_word' id='word_1_358' title='bbox 1976 341 2042 373; x_wconf 76' lang='lat' dir='ltr'>t37;</span> <span class='ocrx_word' id='word_1_359' title='bbox 2060 356 2093 360; x_wconf 89' lang='lat'>—</span> <span class='ocrx_word' id='word_1_360' title='bbox 2113 341 2233 368; x_wconf 61' lang='lat' dir='ltr'>Moneau</span> <span class='ocrx_word' id='word_1_361' title='bbox 2250 341 2333 375; x_wconf 83' lang='grc'>1189,</span> 
     </span>
     <span class='ocr_line' id='line_1_50' title="bbox 1332 387 1937 422; baseline 0.007 -9"><span class='ocrx_word' id='word_1_362' title='bbox 1332 387 1350 413; x_wconf 81' lang='lat' dir='ltr'>f.</span> <span class='ocrx_word' id='word_1_363' title='bbox 1368 387 1416 416; x_wconf 70' lang='lat'>942</span> <span class='ocrx_word' id='word_1_364' title='bbox 1434 388 1511 420; x_wconf 77' lang='lat' dir='ltr'>ibid.,</span> <span class='ocrx_word' id='word_1_365' title='bbox 1529 388 1546 414; x_wconf 87' lang='grc'>1“.</span> <span class='ocrx_word' id='word_1_366' title='bbox 1563 388 1614 420; x_wconf 63' lang='grc'>9.·1;</span> <span class='ocrx_word' id='word_1_367' title='bbox 1632 404 1662 408; x_wconf 89' lang='grc'>-</span> <span class='ocrx_word' id='word_1_368' title='bbox 1686 389 1830 416; x_wconf 55' lang='lat' dir='ltr'>connisi*</span> <span class='ocrx_word' id='word_1_369' title='bbox 1845 389 1937 422; x_wconf 78' lang='lat'>9481.)</span> 
     </span>
    </p>
   </div>
   <div class='ocr_carea' id='block_1_22' title="bbox 1332 509 2334 599">
    <p class='ocr_par' dir='ltr' id='par_1_22' title="bbox 1332 509 2334 599">
     <span class='ocr_line' id='line_1_51' title="bbox 1375 509 2334 547; baseline 0.004 -11"><span class='ocrx_word' id='word_1_370' title='bbox 1375 521 1387 535; x_wconf 83' lang='lat'>«</span> <span class='ocrx_word' id='word_1_371' title='bbox 1409 531 1425 537; x_wconf 91' lang='lat'>..</span> <span class='ocrx_word' id='word_1_372' title='bbox 1442 510 1666 547; x_wconf 76' lang='lat' dir='ltr'>archiepiscopo</span> <span class='ocrx_word' id='word_1_373' title='bbox 1684 511 1833 539; x_wconf 75' lang='lat' dir='ltr'>Toletano.</span> <span class='ocrx_word' id='word_1_374' title='bbox 1848 509 2038 540; x_wconf 84' lang='lat' dir='ltr'>Misericors</span> <span class='ocrx_word' id='word_1_375' title='bbox 2052 513 2082 540; x_wconf 89' lang='lat' dir='ltr'>et</span> <span class='ocrx_word' id='word_1_376' title='bbox 2098 510 2272 540; x_wconf 84' lang='lat' dir='ltr'>miserator</span> <span class='ocrx_word' id='word_1_377' title='bbox 2285 527 2334 539; x_wconf 90' lang='lat'>—.</span> 
     </span>
     <span class='ocr_line' id='line_1_52' title="bbox 1332 561 1618 599; baseline -0.007 -9"><span class='ocrx_word' id='word_1_378' title='bbox 1332 561 1403 591; x_wconf 87' lang='lat' dir='ltr'>Dat.</span> <span class='ocrx_word' id='word_1_379' title='bbox 1423 566 1458 591; x_wconf 94' lang='lat' dir='ltr'>ut</span> <span class='ocrx_word' id='word_1_380' title='bbox 1477 571 1586 599; x_wconf 79' lang='lat' dir='ltr'>supra.</span> <span class='ocrx_word' id='word_1_381' title='bbox 1605 573 1618 588; x_wconf 84' lang='lat'>»</span> 
     </span>
    </p>
   </div>
   <div class='ocr_carea' id='block_1_23' title="bbox 1333 699 2336 1002">
    <p class='ocr_par' dir='ltr' id='par_1_23' title="bbox 1333 699 2336 1002">
     <span class='ocr_line' id='line_1_53' title="bbox 1369 699 2336 735; baseline 0 -8"><span class='ocrx_word' id='word_1_382' title='bbox 1369 703 1471 727; x_wconf 71' lang='lat'><strong>188⁰.</strong></span> <span class='ocrx_word' id='word_1_383' title='bbox 1495 714 1528 719; x_wconf 98' lang='lat'><strong>—</strong></span> <span class='ocrx_word' id='word_1_384' title='bbox 1549 699 1578 725; x_wconf 86' lang='lat' dir='ltr'>In</span> <span class='ocrx_word' id='word_1_385' title='bbox 1601 699 1724 726; x_wconf 79' lang='lat' dir='ltr'>eundem</span> <span class='ocrx_word' id='word_1_386' title='bbox 1746 699 1861 726; x_wconf 87' lang='lat' dir='ltr'>modum</span> <span class='ocrx_word' id='word_1_387' title='bbox 1882 699 2023 734; x_wconf 85' lang='lat' dir='ltr'>scriptum</span> <span class='ocrx_word' id='word_1_388' title='bbox 2041 703 2086 726; x_wconf 83' lang='lat' dir='ltr'>est</span> <span class='ocrx_word' id='word_1_389' title='bbox 2103 720 2121 727; x_wconf 93' lang='lat'>..</span> <span class='ocrx_word' id='word_1_390' title='bbox 2137 700 2336 735; x_wconf 79' lang='lat' dir='ltr'>archiepiscopo</span> 
     </span>
     <span class='ocr_line' id='line_1_54' title="bbox 1333 748 1557 781; baseline -0.009 -6"><span class='ocrx_word' id='word_1_391' title='bbox 1333 748 1557 781; x_wconf 77' lang='lat' dir='ltr'>Compostellano.</span> 
     </span>
     <span class='ocr_line' id='line_1_55' title="bbox 1410 966 2266 1002; baseline 0.001 -9"><span class='ocrx_word' id='word_1_392' title='bbox 1410 966 1520 994; x_wconf 71' lang='lat'>139¹</span> <span class='ocrx_word' id='word_1_393' title='bbox 1923 967 2009 998; x_wconf 74' lang='lat' dir='ltr'>Rieu,</span> <span class='ocrx_word' id='word_1_394' title='bbox 2029 967 2065 993; x_wconf 77' lang='lat'><strong>1⁰¹·</strong></span> <span class='ocrx_word' id='word_1_395' title='bbox 2077 967 2172 1002; x_wconf 87' lang='lat' dir='ltr'>juillet</span> <span class='ocrx_word' id='word_1_396' title='bbox 2190 966 2266 994; x_wconf 73' lang='lat'>1234.</span> 
     </span>
    </p>
   </div>
   <div class='ocr_carea' id='block_1_24' title="bbox 1333 1034 2342 1262">
    <p class='ocr_par' dir='ltr' id='par_1_24' title="bbox 1333 1034 2342 1262">
     <span class='ocr_line' id='line_1_56' title="bbox 1369 1034 2340 1070; baseline 0.002 -10"><span class='ocrx_word' id='word_1_397' title='bbox 1369 1034 1623 1069; x_wconf 84' lang='lat' dir='ltr'>Arehiepiscopis,</span> <span class='ocrx_word' id='word_1_398' title='bbox 1645 1035 1806 1069; x_wconf 79' lang='lat' dir='ltr'>episcopis,</span> <span class='ocrx_word' id='word_1_399' title='bbox 1829 1035 1998 1067; x_wconf 79' lang='lat' dir='ltr'>abbatibus,</span> <span class='ocrx_word' id='word_1_400' title='bbox 2019 1036 2178 1070; x_wconf 85' lang='lat' dir='ltr'>prioribus,</span> <span class='ocrx_word' id='word_1_401' title='bbox 2199 1035 2340 1063; x_wconf 81' lang='lat' dir='ltr'>archidia-</span> 
     </span>
     <span class='ocr_line' id='line_1_57' title="bbox 1333 1082 2341 1119; baseline 0.003 -11"><span class='ocrx_word' id='word_1_402' title='bbox 1333 1082 1426 1114; x_wconf 82' lang='lat' dir='ltr'>conis,</span> <span class='ocrx_word' id='word_1_403' title='bbox 1443 1083 1570 1116; x_wconf 76' lang='lat' dir='ltr'>decanis,</span> <span class='ocrx_word' id='word_1_404' title='bbox 1589 1082 1761 1117; x_wconf 86' lang='lat' dir='ltr'>praepositis</span> <span class='ocrx_word' id='word_1_405' title='bbox 1777 1086 1805 1109; x_wconf 86' lang='lat' dir='ltr'>et</span> <span class='ocrx_word' id='word_1_406' title='bbox 1820 1083 1883 1109; x_wconf 79' lang='lat' dir='ltr'>aliis</span> <span class='ocrx_word' id='word_1_407' title='bbox 1900 1083 2089 1110; x_wconf 86' lang='lat' dir='ltr'>ecclesiarum</span> <span class='ocrx_word' id='word_1_408' title='bbox 2107 1084 2239 1118; x_wconf 82' lang='lat' dir='ltr'>praelatis</span> <span class='ocrx_word' id='word_1_409' title='bbox 2254 1087 2341 1119; x_wconf 84' lang='lat' dir='ltr'>atque</span> 
     </span>
     <span class='ocr_line' id='line_1_58' title="bbox 1334 1129 2342 1165; baseline 0.002 -9"><span class='ocrx_word' id='word_1_410' title='bbox 1334 1131 1482 1157; x_wconf 86' lang='lat' dir='ltr'>canonicis</span> <span class='ocrx_word' id='word_1_411' title='bbox 1494 1138 1544 1164; x_wconf 87' lang='lat' dir='ltr'>per</span> <span class='ocrx_word' id='word_1_412' title='bbox 1556 1138 1675 1164; x_wconf 86' lang='lat' dir='ltr'>regnum</span> <span class='ocrx_word' id='word_1_413' title='bbox 1689 1129 1827 1157; x_wconf 82' lang='lat' dir='ltr'>Franciac</span> <span class='ocrx_word' id='word_1_414' title='bbox 1843 1131 2010 1158; x_wconf 87' lang='lat' dir='ltr'>constitutis</span> <span class='ocrx_word' id='word_1_415' title='bbox 2024 1132 2139 1158; x_wconf 75' lang='lat' dir='ltr'>mandat</span> <span class='ocrx_word' id='word_1_416' title='bbox 2154 1136 2297 1165; x_wconf 79' lang='lat' dir='ltr'>quatenus</span> <span class='ocrx_word' id='word_1_417' title='bbox 2311 1132 2342 1158; x_wconf 87' lang='lat' dir='ltr'>in</span> 
     </span>
     <span class='ocr_line' id='line_1_59' title="bbox 1334 1178 2342 1214; baseline 0.002 -9"><span class='ocrx_word' id='word_1_418' title='bbox 1334 1178 1432 1205; x_wconf 84' lang='lat' dir='ltr'>causis</span> <span class='ocrx_word' id='word_1_419' title='bbox 1447 1187 1521 1213; x_wconf 85' lang='lat' dir='ltr'>quae</span> <span class='ocrx_word' id='word_1_420' title='bbox 1537 1187 1587 1213; x_wconf 87' lang='lat' dir='ltr'>pro</span> <span class='ocrx_word' id='word_1_421' title='bbox 1603 1187 1787 1214; x_wconf 87' lang='lat' dir='ltr'>quocumque</span> <span class='ocrx_word' id='word_1_422' title='bbox 1803 1180 1908 1206; x_wconf 84' lang='lat' dir='ltr'>clerico</span> <span class='ocrx_word' id='word_1_423' title='bbox 1920 1180 1964 1206; x_wconf 87' lang='lat' dir='ltr'>vel</span> <span class='ocrx_word' id='word_1_424' title='bbox 1979 1180 2049 1206; x_wconf 84' lang='lat' dir='ltr'>laico</span> <span class='ocrx_word' id='word_1_425' title='bbox 2064 1179 2151 1206; x_wconf 88' lang='lat' dir='ltr'>Urbis</span> <span class='ocrx_word' id='word_1_426' title='bbox 2167 1180 2276 1207; x_wconf 82' lang='lat' dir='ltr'>Romae</span> <span class='ocrx_word' id='word_1_427' title='bbox 2291 1188 2342 1207; x_wconf 91' lang='lat' dir='ltr'>co-</span> 
     </span>
     <span class='ocr_line' id='line_1_60' title="bbox 1335 1227 2342 1262; baseline 0.001 -9"><span class='ocrx_word' id='word_1_428' title='bbox 1335 1235 1393 1253; x_wconf 89' lang='lat' dir='ltr'>ram</span> <span class='ocrx_word' id='word_1_429' title='bbox 1418 1227 1491 1262; x_wconf 83' lang='lat' dir='ltr'>ipsis</span> <span class='ocrx_word' id='word_1_430' title='bbox 1517 1227 1712 1262; x_wconf 81' lang='lat' dir='ltr'>vertebantur,</span> <span class='ocrx_word' id='word_1_431' title='bbox 1738 1228 1963 1262; x_wconf 82' lang='lat' dir='ltr'>supersedeant,</span> <span class='ocrx_word' id='word_1_432' title='bbox 1989 1228 2052 1254; x_wconf 83' lang='lat' dir='ltr'>aliis</span> <span class='ocrx_word' id='word_1_433' title='bbox 2077 1228 2218 1255; x_wconf 82' lang='lat' dir='ltr'>mandatis</span> <span class='ocrx_word' id='word_1_434' title='bbox 2241 1231 2342 1255; x_wconf 82' lang='lat' dir='ltr'>contra</span> 
     </span>
    </p>
   </div>
   <div class='ocr_carea' id='block_1_25' title="bbox 1334 1324 1450 1357">
    <p class='ocr_par' dir='ltr' id='par_1_25' title="bbox 1334 1324 1450 1357">
     <span class='ocr_line' id='line_1_61' title="bbox 1334 1324 1450 1357; baseline 0 -6"><span class='ocrx_word' id='word_1_435' title='bbox 1334 1333 1359 1351; x_wconf 89' lang='lat' dir='ltr'>c.</span> <span class='ocrx_word' id='word_1_436' title='bbox 1378 1324 1450 1357; x_wconf 73' lang='lat'>138.)</span> 
     </span>
    </p>
   </div>
   <div class='ocr_carea' id='block_1_26' title="bbox 1333 1447 2342 1644">
    <p class='ocr_par' dir='ltr' id='par_1_26' title="bbox 1333 1447 2342 1644">
     <span class='ocr_line' id='line_1_62' title="bbox 1377 1447 2339 1485; baseline 0.002 -11"><span class='ocrx_word' id='word_1_437' title='bbox 1377 1459 1389 1473; x_wconf 88' lang='lat'>«</span> <span class='ocrx_word' id='word_1_438' title='bbox 1406 1447 1647 1485; x_wconf 72' lang='lat' dir='ltr'>Archiepiscopis</span> <span class='ocrx_word' id='word_1_439' title='bbox 1663 1452 1687 1476; x_wconf 80' lang='lat' dir='ltr'>ci</span> <span class='ocrx_word' id='word_1_440' title='bbox 1704 1448 1856 1485; x_wconf 81' lang='lat' dir='ltr'>episcopis,</span> <span class='ocrx_word' id='word_1_441' title='bbox 1873 1448 2039 1482; x_wconf 76' lang='lat' dir='ltr'>abbatibus,</span> <span class='ocrx_word' id='word_1_442' title='bbox 2050 1448 2217 1485; x_wconf 81' lang='lat' dir='ltr'>prioribus,</span> <span class='ocrx_word' id='word_1_443' title='bbox 2233 1448 2339 1477; x_wconf 80' lang='lat' dir='ltr'>archi-</span> 
     </span>
     <span class='ocr_line' id='line_1_63' title="bbox 1334 1500 2339 1538; baseline 0.002 -10"><span class='ocrx_word' id='word_1_444' title='bbox 1334 1500 1483 1535; x_wconf 78' lang='lat' dir='ltr'>diaconis,</span> <span class='ocrx_word' id='word_1_445' title='bbox 1501 1500 1633 1534; x_wconf 78' lang='lat' dir='ltr'>decanis,</span> <span class='ocrx_word' id='word_1_446' title='bbox 1646 1501 1807 1537; x_wconf 77' lang='lat' dir='ltr'>prepositis</span> <span class='ocrx_word' id='word_1_447' title='bbox 1821 1505 1847 1528; x_wconf 81' lang='lat' dir='ltr'>et</span> <span class='ocrx_word' id='word_1_448' title='bbox 1862 1501 1934 1529; x_wconf 81' lang='lat' dir='ltr'>aliis</span> <span class='ocrx_word' id='word_1_449' title='bbox 1948 1501 2142 1529; x_wconf 75' lang='lat' dir='ltr'>ecclesiarum</span> <span class='ocrx_word' id='word_1_450' title='bbox 2157 1501 2283 1538; x_wconf 76' lang='lat' dir='ltr'>prelatis</span> <span class='ocrx_word' id='word_1_451' title='bbox 2295 1505 2339 1530; x_wconf 77' lang='lat' dir='ltr'>at-</span> 
     </span>
     <span class='ocr_line' id='line_1_64' title="bbox 1334 1554 2341 1591; baseline 0.002 -10"><span class='ocrx_word' id='word_1_452' title='bbox 1334 1562 1390 1591; x_wconf 81' lang='lat' dir='ltr'>que</span> <span class='ocrx_word' id='word_1_453' title='bbox 1413 1554 1571 1582; x_wconf 73' lang='lat' dir='ltr'>canonicis</span> <span class='ocrx_word' id='word_1_454' title='bbox 1595 1562 1650 1590; x_wconf 75' lang='lat' dir='ltr'>per</span> <span class='ocrx_word' id='word_1_455' title='bbox 1673 1562 1801 1590; x_wconf 71' lang='lat' dir='ltr'>reymmi</span> <span class='ocrx_word' id='word_1_456' title='bbox 1826 1554 1956 1582; x_wconf 69' lang='lat' dir='ltr'>Francia</span> <span class='ocrx_word' id='word_1_457' title='bbox 1983 1554 2166 1582; x_wconf 70' lang='lat' dir='ltr'>constitutis.</span> <span class='ocrx_word' id='word_1_458' title='bbox 2193 1554 2267 1583; x_wconf 90' lang='lat' dir='ltr'>Non</span> <span class='ocrx_word' id='word_1_459' title='bbox 2291 1556 2341 1583; x_wconf 81' lang='lat' dir='ltr'>est</span> 
     </span>
     <span class='ocr_line' id='line_1_65' title="bbox 1333 1605 2342 1644; baseline 0 -9"><span class='ocrx_word' id='word_1_460' title='bbox 1333 1605 1421 1635; x_wconf 87' lang='lat' dir='ltr'>unde</span> <span class='ocrx_word' id='word_1_461' title='bbox 1442 1623 1490 1633; x_wconf 66' lang='lat'>—-</span> <span class='ocrx_word' id='word_1_462' title='bbox 1516 1605 1712 1635; x_wconf 80' lang='lat' dir='ltr'>Mandamus</span> <span class='ocrx_word' id='word_1_463' title='bbox 1729 1609 1904 1644; x_wconf 77' lang='lat' dir='ltr'>quatenus,</span> <span class='ocrx_word' id='word_1_464' title='bbox 1923 1605 1956 1634; x_wconf 93' lang='lat' dir='ltr'>in</span> <span class='ocrx_word' id='word_1_465' title='bbox 1976 1605 2086 1635; x_wconf 70' lang='lat' dir='ltr'>causis</span> <span class='ocrx_word' id='word_1_466' title='bbox 2102 1615 2165 1644; x_wconf 84' lang='lat' dir='ltr'>quo</span> <span class='ocrx_word' id='word_1_467' title='bbox 2183 1614 2241 1644; x_wconf 90' lang='lat' dir='ltr'>pro</span> <span class='ocrx_word' id='word_1_468' title='bbox 2259 1614 2342 1644; x_wconf 86' lang='lat' dir='ltr'>quo-</span> 
     </span>
    </p>
   </div>
   <div class='ocr_carea' id='block_1_27' title="bbox 1291 1657 2341 1696">
    <p class='ocr_par' dir='ltr' id='par_1_27' title="bbox 1291 1657 2341 1696">
     <span class='ocr_line' id='line_1_66' title="bbox 1291 1657 2341 1696; baseline 0.002 -10"><span class='ocrx_word' id='word_1_469' title='bbox 1291 1680 1292 1685; x_wconf 68' lang='grc'>,</span> <span class='ocrx_word' id='word_1_470' title='bbox 1335 1667 1474 1696; x_wconf 84' lang='lat' dir='ltr'>cumque</span> <span class='ocrx_word' id='word_1_471' title='bbox 1496 1657 1615 1687; x_wconf 87' lang='lat' dir='ltr'>clerico</span> <span class='ocrx_word' id='word_1_472' title='bbox 1637 1657 1687 1687; x_wconf 87' lang='lat' dir='ltr'>vel</span> <span class='ocrx_word' id='word_1_473' title='bbox 1707 1657 1791 1687; x_wconf 80' lang='lat' dir='ltr'>laico</span> <span class='ocrx_word' id='word_1_474' title='bbox 1813 1657 1913 1688; x_wconf 82' lang='lat' dir='ltr'>Urbis</span> <span class='ocrx_word' id='word_1_475' title='bbox 1936 1659 2037 1687; x_wconf 87' lang='lat' dir='ltr'>Rome</span> <span class='ocrx_word' id='word_1_476' title='bbox 2057 1657 2214 1688; x_wconf 81' lang='lat' dir='ltr'>adversus</span> <span class='ocrx_word' id='word_1_477' title='bbox 2236 1657 2341 1688; x_wconf 86' lang='lat' dir='ltr'>eccle-</span> 
     </span>
    </p>
   </div>
   <div class='ocr_carea' id='block_1_28' title="bbox 1334 1709 2340 1907">
    <p class='ocr_par' dir='ltr' id='par_1_28' title="bbox 1334 1709 2340 1907">
     <span class='ocr_line' id='line_1_67' title="bbox 1335 1709 2340 1748; baseline 0.001 -9"><span class='ocrx_word' id='word_1_478' title='bbox 1335 1711 1487 1740; x_wconf 74' lang='lat' dir='ltr'>siasticas</span> <span class='ocrx_word' id='word_1_479' title='bbox 1507 1709 1714 1740; x_wconf 85' lang='lat' dir='ltr'>secularesve</span> <span class='ocrx_word' id='word_1_480' title='bbox 1732 1719 1891 1748; x_wconf 77' lang='lat' dir='ltr'>personas</span> <span class='ocrx_word' id='word_1_481' title='bbox 1910 1719 2020 1739; x_wconf 86' lang='lat' dir='ltr'>coram</span> <span class='ocrx_word' id='word_1_482' title='bbox 2036 1710 2128 1740; x_wconf 85' lang='lat' dir='ltr'>vobis</span> <span class='ocrx_word' id='word_1_483' title='bbox 2145 1710 2340 1741; x_wconf 84' lang='lat' dir='ltr'>auctoritate</span> 
     </span>
     <span class='ocr_line' id='line_1_68' title="bbox 1335 1763 2340 1802; baseline 0.002 -10"><span class='ocrx_word' id='word_1_484' title='bbox 1335 1763 1513 1797; x_wconf 80' lang='lat' dir='ltr'>ordinaria,</span> <span class='ocrx_word' id='word_1_485' title='bbox 1535 1773 1592 1793; x_wconf 84' lang='lat' dir='ltr'>seu</span> <span class='ocrx_word' id='word_1_486' title='bbox 1611 1772 1629 1792; x_wconf 82' lang='lat' dir='ltr'>a</span> <span class='ocrx_word' id='word_1_487' title='bbox 1648 1763 1730 1793; x_wconf 86' lang='lat' dir='ltr'>Sede</span> <span class='ocrx_word' id='word_1_488' title='bbox 1749 1763 1938 1801; x_wconf 84' lang='lat' dir='ltr'>Apostolica</span> <span class='ocrx_word' id='word_1_489' title='bbox 1955 1763 2005 1793; x_wconf 88' lang='lat' dir='ltr'>vel</span> <span class='ocrx_word' id='word_1_490' title='bbox 2020 1772 2037 1793; x_wconf 89' lang='lat' dir='ltr'>a</span> <span class='ocrx_word' id='word_1_491' title='bbox 2054 1772 2261 1802; x_wconf 81' lang='lat' dir='ltr'>quocumque</span> <span class='ocrx_word' id='word_1_492' title='bbox 2275 1763 2340 1794; x_wconf 87' lang='lat' dir='ltr'>alio</span> 
     </span>
     <span class='ocr_line' id='line_1_69' title="bbox 1335 1815 2340 1855; baseline 0.002 -10"><span class='ocrx_word' id='word_1_493' title='bbox 1335 1815 1482 1853; x_wconf 81' lang='lat' dir='ltr'>delegate</span> <span class='ocrx_word' id='word_1_494' title='bbox 1499 1820 1688 1850; x_wconf 76' lang='lat' dir='ltr'>vertuntur,</span> <span class='ocrx_word' id='word_1_495' title='bbox 1707 1815 1809 1845; x_wconf 85' lang='lat' dir='ltr'>donec</span> <span class='ocrx_word' id='word_1_496' title='bbox 1826 1815 2018 1845; x_wconf 80' lang='lat' dir='ltr'>mandatum</span> <span class='ocrx_word' id='word_1_497' title='bbox 2037 1825 2055 1845; x_wconf 85' lang='lat' dir='ltr'>a</span> <span class='ocrx_word' id='word_1_498' title='bbox 2073 1815 2168 1845; x_wconf 85' lang='lat' dir='ltr'>nobis</span> <span class='ocrx_word' id='word_1_499' title='bbox 2186 1825 2340 1855; x_wconf 83' lang='lat' dir='ltr'>suscepe-</span> 
     </span>
     <span class='ocr_line' id='line_1_70' title="bbox 1334 1869 2340 1907; baseline 0.001 -10"><span class='ocrx_word' id='word_1_500' title='bbox 1334 1869 1409 1898; x_wconf 83' lang='lat' dir='ltr'>ritis</span> <span class='ocrx_word' id='word_1_501' title='bbox 1425 1869 1640 1902; x_wconf 76' lang='lat' dir='ltr'>contrarium,</span> <span class='ocrx_word' id='word_1_502' title='bbox 1659 1869 1913 1907; x_wconf 83' lang='lat' dir='ltr'>supersedentes</span> <span class='ocrx_word' id='word_1_503' title='bbox 1925 1869 2071 1904; x_wconf 89' lang='lat' dir='ltr'>omnino,</span> <span class='ocrx_word' id='word_1_504' title='bbox 2091 1869 2274 1899; x_wconf 78' lang='lat' dir='ltr'>sententias</span> <span class='ocrx_word' id='word_1_505' title='bbox 2290 1878 2340 1900; x_wconf 84' lang='lat' dir='ltr'>ex-</span> 
     </span>
    </p>
   </div>
   <div class='ocr_carea' id='block_1_29' title="bbox 1292 1921 2340 1961">
    <p class='ocr_par' dir='ltr' id='par_1_29' title="bbox 1292 1921 2340 1961">
     <span class='ocr_line' id='line_1_71' title="bbox 1292 1921 2340 1961; baseline 0 -8"><span class='ocrx_word' id='word_1_506' title='bbox 1292 1921 1293 1953; x_wconf 71' lang='lat'>}</span> <span class='ocrx_word' id='word_1_507' title='bbox 1335 1922 1663 1957; x_wconf 66' lang='lat' dir='ltr'>communicationis,</span> <span class='ocrx_word' id='word_1_508' title='bbox 1686 1922 1918 1960; x_wconf 80' lang='lat' dir='ltr'>suspensionis</span> <span class='ocrx_word' id='word_1_509' title='bbox 1939 1921 1990 1952; x_wconf 85' lang='lat' dir='ltr'>vel</span> <span class='ocrx_word' id='word_1_510' title='bbox 2008 1922 2195 1957; x_wconf 85' lang='lat' dir='ltr'>interdicti,</span> <span class='ocrx_word' id='word_1_511' title='bbox 2214 1922 2242 1952; x_wconf 90' lang='lat' dir='ltr'>si</span> <span class='ocrx_word' id='word_1_512' title='bbox 2259 1931 2340 1961; x_wconf 81' lang='lat' dir='ltr'>quas</span> 
     </span>
    </p>
   </div>
   <div class='ocr_carea' id='block_1_30' title="bbox 1289 2806 1292 2827">
    <p class='ocr_par' dir='ltr' id='par_1_30' title="bbox 1289 2806 1292 2827">
     <span class='ocr_line' id='line_1_72' title="bbox 1289 2806 1292 2827; baseline 0 0"><span class='ocrx_word' id='word_1_513' title='bbox 1289 2806 1292 2827; x_wconf 86' lang='grc' dir='ltr'>Ι</span> 
     </span>
    </p>
   </div>
   <div class='ocr_carea' id='block_1_31' title="bbox 1289 1980 1296 2886">
    <p class='ocr_par' dir='ltr' id='par_1_31' title="bbox 1289 1980 1296 2886">
     <span class='ocr_line' id='line_1_73' title="bbox 1289 1980 1296 2886; baseline 0 0"><span class='ocrx_word' id='word_1_514' title='bbox 1289 1980 1296 2886; x_wconf 95' lang='lat' dir='ltr'> </span> 
     </span>
    </p>
   </div>
   <div class='ocr_carea' id='block_1_32' title="bbox 1292 1971 2342 2013">
    <p class='ocr_par' dir='ltr' id='par_1_32' title="bbox 1292 1971 2342 2013">
     <span class='ocr_line' id='line_1_74' title="bbox 1292 1971 2342 2013; baseline 0.003 -10"><span class='ocrx_word' id='word_1_515' title='bbox 1292 1971 1293 2010; x_wconf 74' lang='lat' dir='ltr'>j</span> <span class='ocrx_word' id='word_1_516' title='bbox 1335 1975 1368 2004; x_wconf 91' lang='lat' dir='ltr'>in</span> <span class='ocrx_word' id='word_1_517' title='bbox 1387 1975 1497 2004; x_wconf 80' lang='lat' dir='ltr'>causis</span> <span class='ocrx_word' id='word_1_518' title='bbox 1514 1975 1637 2004; x_wconf 82' lang='lat' dir='ltr'>eisdem</span> <span class='ocrx_word' id='word_1_519' title='bbox 1655 1979 1766 2004; x_wconf 77' lang='lat' dir='ltr'>contra</span> <span class='ocrx_word' id='word_1_520' title='bbox 1785 1975 1889 2004; x_wconf 76' lang='lat' dir='ltr'>dictas</span> <span class='ocrx_word' id='word_1_521' title='bbox 1905 1983 2064 2013; x_wconf 80' lang='lat' dir='ltr'>personas</span> <span class='ocrx_word' id='word_1_522' title='bbox 2080 1974 2163 2005; x_wconf 78' lang='lat' dir='ltr'>latas</span> <span class='ocrx_word' id='word_1_523' title='bbox 2180 1984 2252 2005; x_wconf 86' lang='lat' dir='ltr'>esse</span> <span class='ocrx_word' id='word_1_524' title='bbox 2268 1984 2342 2006; x_wconf 87' lang='lat' dir='ltr'>con-</span> 
     </span>
    </p>
   </div>
   <div class='ocr_carea' id='block_1_33' title="bbox 280 2014 2342 2066">
    <p class='ocr_par' dir='ltr' id='par_1_33' title="bbox 280 2014 2342 2066">
     <span class='ocr_line' id='line_1_75' title="bbox 280 2014 2342 2066; baseline 0.003 -26"><span class='ocrx_word' id='word_1_525' title='bbox 280 2014 412 2042; x_wconf 80' lang='lat' dir='ltr'>Eisdem.</span> <span class='ocrx_word' id='word_1_526' title='bbox 435 2015 467 2040; x_wconf 81' lang='lat' dir='ltr'>ad</span> <span class='ocrx_word' id='word_1_527' title='bbox 491 2016 729 2049; x_wconf 64' lang='lat' dir='ltr'>supplicationem</span> <span class='ocrx_word' id='word_1_528' title='bbox 754 2017 829 2050; x_wconf 75' lang='lat' dir='ltr'>regis</span> <span class='ocrx_word' id='word_1_529' title='bbox 851 2016 991 2043; x_wconf 79' lang='lat' dir='ltr'>Castellae</span> <span class='ocrx_word' id='word_1_530' title='bbox 1007 2021 1034 2043; x_wconf 81' lang='lat' dir='ltr'>et</span> <span class='ocrx_word' id='word_1_531' title='bbox 1053 2017 1252 2051; x_wconf 53' lang='lat' dir='ltr'>legionensis,</span> <span class='ocrx_word' id='word_1_532' title='bbox 1292 2016 1293 2042; x_wconf 71' lang='grc' dir='ltr'>ἶ</span> <span class='ocrx_word' id='word_1_533' title='bbox 1335 2027 1459 2064; x_wconf 67' lang='lat' dir='ltr'>tigerit,</span> <span class='ocrx_word' id='word_1_534' title='bbox 1475 2032 1605 2065; x_wconf 59' lang='lat' dir='ltr'>recepta</span> <span class='ocrx_word' id='word_1_535' title='bbox 1621 2027 1739 2058; x_wconf 58' lang='lat' dir='ltr'>idonea</span> <span class='ocrx_word' id='word_1_536' title='bbox 1755 2027 1908 2057; x_wconf 58' lang='lat' dir='ltr'>cautione</span> <span class='ocrx_word' id='word_1_537' title='bbox 1926 2027 2023 2066; x_wconf 48' lang='lat' dir='ltr'>quod,</span> <span class='ocrx_word' id='word_1_538' title='bbox 2040 2027 2068 2057; x_wconf 62' lang='lat'>51</span> <span class='ocrx_word' id='word_1_539' title='bbox 2085 2027 2271 2058; x_wconf 58' lang='lat' dir='ltr'>eonstiterit</span> <span class='ocrx_word' id='word_1_540' title='bbox 2286 2036 2342 2058; x_wconf 71' lang='lat' dir='ltr'>eas</span> 
     </span>
    </p>
   </div>
   <div class='ocr_carea' id='block_1_34' title="bbox 1334 2079 2366 2961">
    <p class='ocr_par' dir='ltr' id='par_1_34' title="bbox 1334 2079 2366 2961">
     <span class='ocr_line' id='line_1_76' title="bbox 1335 2079 2342 2118; baseline 0.001 -9"><span class='ocrx_word' id='word_1_541' title='bbox 1335 2079 1580 2109; x_wconf 78' lang='lat' dir='ltr'>rationabiliter</span> <span class='ocrx_word' id='word_1_542' title='bbox 1605 2080 1841 2118; x_wconf 78' lang='lat' dir='ltr'>promulgatas,</span> <span class='ocrx_word' id='word_1_543' title='bbox 1867 2080 2087 2115; x_wconf 78' lang='lat' dir='ltr'>satisfaciant,</span> <span class='ocrx_word' id='word_1_544' title='bbox 2111 2089 2185 2110; x_wconf 84' lang='lat' dir='ltr'>cum</span> <span class='ocrx_word' id='word_1_545' title='bbox 2209 2090 2227 2110; x_wconf 86' lang='lat' dir='ltr'>a</span> <span class='ocrx_word' id='word_1_546' title='bbox 2248 2081 2342 2111; x_wconf 86' lang='lat' dir='ltr'>vobis</span> 
     </span>
     <span class='ocr_line' id='line_1_77' title="bbox 1336 2133 2343 2171; baseline 0.002 -9"><span class='ocrx_word' id='word_1_547' title='bbox 1336 2142 1434 2170; x_wconf 83' lang='lat' dir='ltr'>super</span> <span class='ocrx_word' id='word_1_548' title='bbox 1455 2133 1516 2162; x_wconf 85' lang='lat' dir='ltr'>hoc</span> <span class='ocrx_word' id='word_1_549' title='bbox 1538 2133 1728 2162; x_wconf 79' lang='lat' dir='ltr'>mandatum</span> <span class='ocrx_word' id='word_1_550' title='bbox 1747 2133 1889 2171; x_wconf 83' lang='lat' dir='ltr'>speciale</span> <span class='ocrx_word' id='word_1_551' title='bbox 1906 2133 2106 2171; x_wconf 81' lang='lat' dir='ltr'>receperint,</span> <span class='ocrx_word' id='word_1_552' title='bbox 2124 2142 2292 2169; x_wconf 85' lang='lat' dir='ltr'>revocare,</span> <span class='ocrx_word' id='word_1_553' title='bbox 2311 2137 2343 2164; x_wconf 81' lang='lat' dir='ltr'>et</span> 
     </span>
     <span class='ocr_line' id='line_1_78' title="bbox 1336 2185 2342 2225; baseline 0.001 -10"><span class='ocrx_word' id='word_1_554' title='bbox 1336 2185 1478 2222; x_wconf 67' lang='lat' dir='ltr'>singulis</span> <span class='ocrx_word' id='word_1_555' title='bbox 1501 2194 1541 2215; x_wconf 90' lang='lat' dir='ltr'>ne</span> <span class='ocrx_word' id='word_1_556' title='bbox 1563 2185 1760 2224; x_wconf 83' lang='lat' dir='ltr'>cuicumque</span> <span class='ocrx_word' id='word_1_557' title='bbox 1781 2185 1819 2215; x_wconf 87' lang='lat' dir='ltr'>de</span> <span class='ocrx_word' id='word_1_558' title='bbox 1839 2185 1925 2215; x_wconf 83' lang='lat' dir='ltr'>dicta</span> <span class='ocrx_word' id='word_1_559' title='bbox 1944 2186 2033 2216; x_wconf 85' lang='lat' dir='ltr'>Urbe</span> <span class='ocrx_word' id='word_1_560' title='bbox 2056 2195 2114 2224; x_wconf 89' lang='lat' dir='ltr'>pro</span> <span class='ocrx_word' id='word_1_561' title='bbox 2134 2194 2342 2225; x_wconf 80' lang='lat' dir='ltr'>quacumque</span> 
     </span>
     <span class='ocr_line' id='line_1_79' title="bbox 1335 2238 2366 2276; baseline 0 -8"><span class='ocrx_word' id='word_1_562' title='bbox 1335 2247 1433 2268; x_wconf 83' lang='lat' dir='ltr'>causa</span> <span class='ocrx_word' id='word_1_563' title='bbox 1457 2239 1655 2276; x_wconf 81' lang='lat' dir='ltr'>respondere</span> <span class='ocrx_word' id='word_1_564' title='bbox 1679 2238 1731 2268; x_wconf 84' lang='lat' dir='ltr'>vel</span> <span class='ocrx_word' id='word_1_565' title='bbox 1751 2238 1861 2269; x_wconf 85' lang='lat' dir='ltr'>debita</span> <span class='ocrx_word' id='word_1_566' title='bbox 1878 2239 2005 2269; x_wconf 85' lang='lat' dir='ltr'>solvere</span> <span class='ocrx_word' id='word_1_567' title='bbox 2022 2239 2183 2274; x_wconf 80' lang='lat' dir='ltr'>audeant,</span> <span class='ocrx_word' id='word_1_568' title='bbox 2200 2239 2342 2269; x_wconf 86' lang='lat' dir='ltr'>interdi-</span> <span class='ocrx_word' id='word_1_569' title='bbox 2363 2258 2366 2261; x_wconf 63' lang='lat'><em>‹</em></span> 
     </span>
     <span class='ocr_line' id='line_1_80' title="bbox 1336 2291 2342 2329; baseline 0.002 -10"><span class='ocrx_word' id='word_1_570' title='bbox 1336 2299 1408 2320; x_wconf 83' lang='lat' dir='ltr'>cere</span> <span class='ocrx_word' id='word_1_571' title='bbox 1425 2291 1609 2321; x_wconf 74' lang='lat' dir='ltr'>districtius</span> <span class='ocrx_word' id='word_1_572' title='bbox 1626 2291 1821 2321; x_wconf 83' lang='lat' dir='ltr'>auctoritate</span> <span class='ocrx_word' id='word_1_573' title='bbox 1838 2295 1951 2321; x_wconf 85' lang='lat' dir='ltr'>nostra</span> <span class='ocrx_word' id='word_1_574' title='bbox 1966 2291 2100 2321; x_wconf 85' lang='lat' dir='ltr'>curetis.</span> <span class='ocrx_word' id='word_1_575' title='bbox 2114 2292 2153 2321; x_wconf 90' lang='lat' dir='ltr'>Et</span> <span class='ocrx_word' id='word_1_576' title='bbox 2166 2295 2202 2320; x_wconf 89' lang='lat' dir='ltr'>ut</span> <span class='ocrx_word' id='word_1_577' title='bbox 2217 2291 2342 2329; x_wconf 80' lang='lat' dir='ltr'>predic-</span> 
     </span>
     <span class='ocr_line' id='line_1_81' title="bbox 1335 2336 2342 2382; baseline 0.001 -10"><span class='ocrx_word' id='word_1_578' title='bbox 1335 2347 1443 2373; x_wconf 79' lang='lat' dir='ltr'>tarum</span> <span class='ocrx_word' id='word_1_579' title='bbox 1460 2352 1676 2381; x_wconf 83' lang='lat' dir='ltr'>personarum</span> <span class='ocrx_word' id='word_1_580' title='bbox 1693 2347 1723 2373; x_wconf 86' lang='lat' dir='ltr'>et</span> <span class='ocrx_word' id='word_1_581' title='bbox 1741 2343 1957 2373; x_wconf 82' lang='lat' dir='ltr'>ecclesiarum</span> <span class='ocrx_word' id='word_1_582' title='bbox 1972 2336 2271 2382; x_wconf 82' lang='lat' dir='ltr'>indempnitatibus</span> <span class='ocrx_word' id='word_1_583' title='bbox 2287 2352 2342 2374; x_wconf 88' lang='lat' dir='ltr'>ca-</span> 
     </span>
     <span class='ocr_line' id='line_1_82' title="bbox 1335 2395 2342 2434; baseline 0 -9"><span class='ocrx_word' id='word_1_584' title='bbox 1335 2400 1461 2430; x_wconf 84' lang='lat' dir='ltr'>veatur,</span> <span class='ocrx_word' id='word_1_585' title='bbox 1480 2404 1612 2425; x_wconf 82' lang='lat' dir='ltr'>cursum</span> <span class='ocrx_word' id='word_1_586' title='bbox 1631 2405 1802 2433; x_wconf 85' lang='lat' dir='ltr'>penarum,</span> <span class='ocrx_word' id='word_1_587' title='bbox 1824 2395 2056 2434; x_wconf 84' lang='lat' dir='ltr'>dampnorum,</span> <span class='ocrx_word' id='word_1_588' title='bbox 2075 2400 2106 2425; x_wconf 87' lang='lat' dir='ltr'>et</span> <span class='ocrx_word' id='word_1_589' title='bbox 2123 2404 2342 2434; x_wconf 86' lang='lat' dir='ltr'>expensarum</span> 
     </span>
     <span class='ocr_line' id='line_1_83' title="bbox 1334 2448 2340 2488; baseline 0.002 -11"><span class='ocrx_word' id='word_1_590' title='bbox 1334 2448 1470 2478; x_wconf 87' lang='lat' dir='ltr'>interim</span> <span class='ocrx_word' id='word_1_591' title='bbox 1486 2448 1718 2478; x_wconf 82' lang='lat' dir='ltr'>interdicimus</span> <span class='ocrx_word' id='word_1_592' title='bbox 1732 2452 1763 2478; x_wconf 84' lang='lat' dir='ltr'>et</span> <span class='ocrx_word' id='word_1_593' title='bbox 1776 2448 1954 2488; x_wconf 82' lang='lat' dir='ltr'>cujuslibet</span> <span class='ocrx_word' id='word_1_594' title='bbox 1966 2448 2141 2478; x_wconf 84' lang='lat' dir='ltr'>interesse.</span> <span class='ocrx_word' id='word_1_595' title='bbox 2157 2449 2340 2479; x_wconf 86' lang='lat' dir='ltr'>Proventus</span> 
     </span>
     <span class='ocr_line' id='line_1_84' title="bbox 1334 2500 2341 2540; baseline 0.001 -10"><span class='ocrx_word' id='word_1_596' title='bbox 1334 2510 1411 2531; x_wconf 89' lang='lat' dir='ltr'>vero</span> <span class='ocrx_word' id='word_1_597' title='bbox 1433 2501 1687 2539; x_wconf 87' lang='lat' dir='ltr'>prebendarum,</span> <span class='ocrx_word' id='word_1_598' title='bbox 1710 2501 1959 2537; x_wconf 81' lang='lat' dir='ltr'>beneficiorum,</span> <span class='ocrx_word' id='word_1_599' title='bbox 1981 2501 2179 2540; x_wconf 88' lang='lat' dir='ltr'>pensionum</span> <span class='ocrx_word' id='word_1_600' title='bbox 2202 2505 2233 2531; x_wconf 86' lang='lat' dir='ltr'>et</span> <span class='ocrx_word' id='word_1_601' title='bbox 2258 2500 2341 2531; x_wconf 86' lang='lat' dir='ltr'>alio-</span> 
     </span>
     <span class='ocr_line' id='line_1_85' title="bbox 1335 2553 2363 2593; baseline 0.001 -10"><span class='ocrx_word' id='word_1_602' title='bbox 1335 2562 1407 2583; x_wconf 88' lang='lat' dir='ltr'>rum</span> <span class='ocrx_word' id='word_1_603' title='bbox 1432 2554 1636 2589; x_wconf 87' lang='lat' dir='ltr'>reddituum,</span> <span class='ocrx_word' id='word_1_604' title='bbox 1664 2563 1726 2593; x_wconf 84' lang='lat' dir='ltr'>que</span> <span class='ocrx_word' id='word_1_605' title='bbox 1750 2554 1785 2583; x_wconf 90' lang='lat' dir='ltr'>in</span> <span class='ocrx_word' id='word_1_606' title='bbox 1813 2553 1964 2584; x_wconf 85' lang='lat' dir='ltr'>ecclesiis</span> <span class='ocrx_word' id='word_1_607' title='bbox 1989 2554 2109 2583; x_wconf 83' lang='lat' dir='ltr'>vestris</span> <span class='ocrx_word' id='word_1_608' title='bbox 2131 2553 2183 2583; x_wconf 88' lang='lat' dir='ltr'>vel</span> <span class='ocrx_word' id='word_1_609' title='bbox 2205 2562 2224 2583; x_wconf 89' lang='lat' dir='ltr'>a</span> <span class='ocrx_word' id='word_1_610' title='bbox 2245 2553 2363 2588; x_wconf 46' lang='lat' dir='ltr'>vobisx</span> 
     </span>
     <span class='ocr_line' id='line_1_86' title="bbox 1335 2606 2339 2645; baseline 0.001 -10"><span class='ocrx_word' id='word_1_611' title='bbox 1335 2606 1413 2636; x_wconf 84' lang='lat' dir='ltr'>dicti</span> <span class='ocrx_word' id='word_1_612' title='bbox 1430 2606 1542 2636; x_wconf 85' lang='lat' dir='ltr'>clerici</span> <span class='ocrx_word' id='word_1_613' title='bbox 1558 2606 1607 2636; x_wconf 80' lang='lat' dir='ltr'>vel</span> <span class='ocrx_word' id='word_1_614' title='bbox 1621 2606 1698 2636; x_wconf 87' lang='lat' dir='ltr'>laici</span> <span class='ocrx_word' id='word_1_615' title='bbox 1712 2607 1856 2637; x_wconf 86' lang='lat' dir='ltr'>civitatis</span> <span class='ocrx_word' id='word_1_616' title='bbox 1873 2606 2020 2645; x_wconf 84' lang='lat' dir='ltr'>ejusdem</span> <span class='ocrx_word' id='word_1_617' title='bbox 2034 2606 2183 2636; x_wconf 85' lang='lat' dir='ltr'>obtinere</span> <span class='ocrx_word' id='word_1_618' title='bbox 2199 2614 2339 2636; x_wconf 87' lang='lat' dir='ltr'>noscun-</span> 
     </span>
     <span class='ocr_line' id='line_1_87' title="bbox 1335 2658 2336 2698; baseline 0.001 -10"><span class='ocrx_word' id='word_1_619' title='bbox 1335 2663 1403 2693; x_wconf 85' lang='lat' dir='ltr'>tur,</span> <span class='ocrx_word' id='word_1_620' title='bbox 1422 2659 1611 2689; x_wconf 85' lang='lat' dir='ltr'>conservari</span> <span class='ocrx_word' id='word_1_621' title='bbox 1632 2668 1705 2695; x_wconf 83' lang='lat' dir='ltr'>vos,</span> <span class='ocrx_word' id='word_1_622' title='bbox 1728 2660 1847 2689; x_wconf 85' lang='lat' dir='ltr'>fratres</span> <span class='ocrx_word' id='word_1_623' title='bbox 1866 2659 2107 2697; x_wconf 84' lang='lat' dir='ltr'>archiepiscopi</span> <span class='ocrx_word' id='word_1_624' title='bbox 2129 2662 2160 2689; x_wconf 86' lang='lat' dir='ltr'>et</span> <span class='ocrx_word' id='word_1_625' title='bbox 2181 2658 2336 2698; x_wconf 85' lang='lat' dir='ltr'>episcopi,</span> 
     </span>
     <span class='ocr_line' id='line_1_88' title="bbox 1334 2711 2340 2751; baseline 0 -9"><span class='ocrx_word' id='word_1_626' title='bbox 1334 2712 1567 2751; x_wconf 83' lang='lat' dir='ltr'>unusquisque</span> <span class='ocrx_word' id='word_1_627' title='bbox 1583 2717 1729 2742; x_wconf 83' lang='lat' dir='ltr'>vestrum</span> <span class='ocrx_word' id='word_1_628' title='bbox 1745 2712 1779 2742; x_wconf 90' lang='lat' dir='ltr'>in</span> <span class='ocrx_word' id='word_1_629' title='bbox 1797 2722 1857 2742; x_wconf 85' lang='lat' dir='ltr'>sua</span> <span class='ocrx_word' id='word_1_630' title='bbox 1872 2711 2007 2747; x_wconf 83' lang='lat' dir='ltr'>diocesi,</span> <span class='ocrx_word' id='word_1_631' title='bbox 2026 2715 2057 2742; x_wconf 85' lang='lat' dir='ltr'>et</span> <span class='ocrx_word' id='word_1_632' title='bbox 2073 2720 2141 2747; x_wconf 92' lang='lat' dir='ltr'>vos,</span> <span class='ocrx_word' id='word_1_633' title='bbox 2160 2711 2222 2740; x_wconf 86' lang='lat' dir='ltr'>filii</span> <span class='ocrx_word' id='word_1_634' title='bbox 2238 2711 2340 2742; x_wconf 84' lang='lat' dir='ltr'>abba-</span> 
     </span>
     <span class='ocr_line' id='line_1_89' title="bbox 1334 2763 2339 2803; baseline 0.001 -10"><span class='ocrx_word' id='word_1_635' title='bbox 1334 2768 1394 2799; x_wconf 85' lang='lat' dir='ltr'>tes,</span> <span class='ocrx_word' id='word_1_636' title='bbox 1410 2764 1636 2794; x_wconf 83' lang='lat' dir='ltr'>archidiaconi</span> <span class='ocrx_word' id='word_1_637' title='bbox 1653 2770 1684 2795; x_wconf 76' lang='grc'>01</span> <span class='ocrx_word' id='word_1_638' title='bbox 1700 2764 1915 2795; x_wconf 83' lang='lat' dir='ltr'>eeclesiarum</span> <span class='ocrx_word' id='word_1_639' title='bbox 1931 2763 2065 2803; x_wconf 85' lang='lat' dir='ltr'>prelati,</span> <span class='ocrx_word' id='word_1_640' title='bbox 2085 2772 2189 2803; x_wconf 83' lang='lat' dir='ltr'>usque</span> <span class='ocrx_word' id='word_1_641' title='bbox 2206 2764 2246 2794; x_wconf 88' lang='lat' dir='ltr'>ad</span> <span class='ocrx_word' id='word_1_642' title='bbox 2262 2772 2339 2794; x_wconf 88' lang='lat' dir='ltr'>nos-</span> 
     </span>
     <span class='ocr_line' id='line_1_90' title="bbox 1334 2816 2338 2856; baseline 0.001 -11"><span class='ocrx_word' id='word_1_643' title='bbox 1334 2820 1382 2846; x_wconf 89' lang='lat' dir='ltr'>tre</span> <span class='ocrx_word' id='word_1_644' title='bbox 1399 2816 1579 2847; x_wconf 84' lang='lat' dir='ltr'>voluntatis</span> <span class='ocrx_word' id='word_1_645' title='bbox 1599 2817 1859 2856; x_wconf 79' lang='lat' dir='ltr'>beneplacitum,</span> <span class='ocrx_word' id='word_1_646' title='bbox 1879 2817 2026 2852; x_wconf 81' lang='lat' dir='ltr'>faciatis,</span> <span class='ocrx_word' id='word_1_647' title='bbox 2047 2820 2098 2852; x_wconf 77' lang='lat' dir='ltr'>ut,</span> <span class='ocrx_word' id='word_1_648' title='bbox 2118 2825 2192 2847; x_wconf 88' lang='lat' dir='ltr'>cum</span> <span class='ocrx_word' id='word_1_649' title='bbox 2209 2826 2227 2846; x_wconf 88' lang='lat' dir='ltr'>a</span> <span class='ocrx_word' id='word_1_650' title='bbox 2242 2816 2338 2847; x_wconf 86' lang='lat' dir='ltr'>nobis</span> 
     </span>
     <span class='ocr_line' id='line_1_91' title="bbox 1334 2869 2338 2909; baseline 0 -11"><span class='ocrx_word' id='word_1_651' title='bbox 1334 2869 1488 2908; x_wconf 86' lang='lat' dir='ltr'>requisiti</span> <span class='ocrx_word' id='word_1_652' title='bbox 1505 2870 1648 2905; x_wconf 83' lang='lat' dir='ltr'>fueritis,</span> <span class='ocrx_word' id='word_1_653' title='bbox 1664 2871 1702 2900; x_wconf 88' lang='lat' dir='ltr'>de</span> <span class='ocrx_word' id='word_1_654' title='bbox 1718 2870 1800 2909; x_wconf 85' lang='lat' dir='ltr'>ipsis</span> <span class='ocrx_word' id='word_1_655' title='bbox 1816 2870 1911 2900; x_wconf 85' lang='lat' dir='ltr'>nobis</span> <span class='ocrx_word' id='word_1_656' title='bbox 1927 2869 2055 2907; x_wconf 86' lang='lat' dir='ltr'>integre</span> <span class='ocrx_word' id='word_1_657' title='bbox 2070 2869 2270 2907; x_wconf 84' lang='lat' dir='ltr'>respondere</span> <span class='ocrx_word' id='word_1_658' title='bbox 2285 2877 2338 2899; x_wconf 89' lang='lat' dir='ltr'>cu-</span> 
     </span>
     <span class='ocr_line' id='line_1_92' title="bbox 1334 2921 2256 2961; baseline -0.002 -10"><span class='ocrx_word' id='word_1_659' title='bbox 1334 2922 1414 2952; x_wconf 88' lang='lat' dir='ltr'>retis</span> <span class='ocrx_word' id='word_1_660' title='bbox 1430 2940 1478 2951; x_wconf 83' lang='lat'>—.</span> <span class='ocrx_word' id='word_1_661' title='bbox 1496 2923 1569 2952; x_wconf 86' lang='lat' dir='ltr'>Dat.</span> <span class='ocrx_word' id='word_1_662' title='bbox 1590 2924 1701 2959; x_wconf 83' lang='lat' dir='ltr'>Reate,</span> <span class='ocrx_word' id='word_1_663' title='bbox 1720 2922 1872 2953; x_wconf 86' lang='lat' dir='ltr'>kalendis</span> <span class='ocrx_word' id='word_1_664' title='bbox 1887 2921 1976 2961; x_wconf 84' lang='lat' dir='ltr'>julii,</span> <span class='ocrx_word' id='word_1_665' title='bbox 1995 2930 2081 2952; x_wconf 83' lang='lat' dir='ltr'>anno</span> <span class='ocrx_word' id='word_1_666' title='bbox 2099 2925 2224 2952; x_wconf 82' lang='lat' dir='ltr'>octavo.</span> <span class='ocrx_word' id='word_1_667' title='bbox 2243 2932 2256 2948; x_wconf 72' lang='lat' dir='ltr'><strong>n</strong></span> 
     </span>
    </p>
   </div>
  </div>
 </body>
</html>
