2498 3242
186 305 258 335 1141

184 370 249 398 terii
272 370 442 406 Stin-pensis.
465 379 538 405 quas
559 371 648 398 abbas
669 371 704 398 de
724 372 808 398 Albis
826 371 920 398 Petris
936 373 965 396 et
985 371 1050 404 ejus
1070 368 1198 402 collegae

185 427 242 446 non
268 422 399 454 poterant
425 420 572 454 prosequi,
597 420 761 447 committit.
788 435 820 439 —
846 419 933 449 (Rau.
963 419 1004 451 17,
1029 418 1047 444 1.
1077 417 1129 445 213
1154 423 1196 447 ro:

185 476 252 495 ann.
270 467 356 500 VIII,
372 475 397 494 c.
414 467 481 500 249;
498 482 534 488 —
550 468 669 496 Motu-:Au
687 469 764 502 1189,
781 469 800 496 f.
822 469 892 501 175.)

229 581 242 596 α
269 592 288 598 ..
313 570 447 607 episcopo
465 570 648 607 Aqennensi.
672 569 721 599 Ad
743 573 889 599 nostram
909 569 1042 599 noveris
1059 568 1199 598 audien-

187 621 268 652 tiam
284 621 477 660 pervenisse
494 622 592 660 quod,
611 631 684 651 cum
702 622 916 661 Aymericus,
935 621 993 660 qui
1006 630 1064 660 pro
1081 621 1199 652 abbate

188 674 372 713 Stirpensis
389 674 545 710 ecclesie,
568 675 696 705 ordinis
714 675 820 705 sancti
842 675 1037 713 Augustini,
1056 674 1198 704 diocesis

188 727 449 762 Lemovicensis,
468 736 503 757 se
520 727 616 765 gerit,
632 737 732 766 super
747 728 918 767 symonia,
936 727 1094 766 perjurio,
1115 726 1200 757 dila-

186 779 375 818 pidatione,
402 780 647 810 incontinentia
673 785 703 811 et
729 781 805 811 aliis
831 781 972 810 diversis
1000 779 1198 810 criminibus

187 832 280 871 gravi
309 832 449 862 infamia
476 832 652 869 laboraret,
680 833 882 863 venerabilis
909 834 1011 863 frater
1038 837 1150 863 noster
1178 855 1197 861 ..

185 885 407 916 Tornacensis
428 885 618 924 episcopus,
642 890 720 915 tunc
741 886 774 915 in
798 886 949 924 partibus
969 885 1038 915 illis
1060 886 1199 924 Aposto-

186 937 249 968 lice
266 938 361 969 Sedis
378 938 521 976 legatus,
541 939 781 969 correctionem
805 943 835 969 et
857 939 1127 969 reformationem
1149 938 1199 976 ip-

187 991 258 1021 sius
281 991 421 1021 ecclesie
449 1015 468 1020 ..
495 992 607 1021 abbati
634 992 672 1021 de
699 992 793 1021 Albis
820 992 939 1026 Petris,
964 991 1200 1023 Cisterciensis

187 1044 327 1074 ordinis.
342 1048 373 1074 et
385 1044 521 1082 collegis
533 1045 604 1075 suis
619 1044 796 1083 legationis
810 1045 1006 1075 auctoritate
1021 1044 1198 1080 commisit,

186 1097 375 1136 precipiens
389 1101 424 1127 ut
438 1098 609 1127 canonicis
626 1098 732 1136 ipsius
749 1098 888 1128 ecclesie
906 1098 1076 1136 negotium
1090 1106 1200 1136 prose-

188 1150 368 1189 quentibus
391 1151 539 1181 facerent
563 1151 601 1181 de
626 1151 722 1181 bonis
746 1151 885 1181 ecclesie
910 1151 944 1180 in
964 1150 1117 1189 expensis
1141 1159 1200 1180 ne-

188 1204 345 1234 cessariis
360 1204 539 1242 provideri.
558 1204 622 1234 Sed
640 1204 748 1234 dictus
765 1204 883 1238 abbas,
905 1208 939 1233 ut
961 1204 1201 1233 correctionem

189 1257 367 1293 effus-reret.
387 1266 464 1286 voce
482 1257 522 1286 ad
541 1265 600 1286 nos
617 1256 850 1295 appellationis
870 1257 990 1286 emissa
1011 1261 1041 1287 et
1060 1257 1201 1287 ecclesia

189 1310 320 1348 magnis
339 1309 460 1340 debitis
477 1309 634 1347 obligata.
652 1309 742 1348 ipsos
758 1310 940 1339 terroribus
954 1314 984 1340 et
1001 1310 1102 1340 minis
1119 1318 1201 1348 quo-

189 1362 339 1392 rumdam
356 1362 520 1392 nobilium
534 1371 575 1392 ne
594 1362 634 1392 ad
650 1362 877 1392 visitationem
893 1363 1120 1401 procederent,
1138 1363 1202 1392 im-

182 1415 301 1454 ·pedire
320 1416 521 1454 presumpsit
536 1426 542 1451 ς
561 1424 597 1445 38
612 1425 670 1454 per
687 1417 723 1445 G.
741 1420 894 1454 nepotem
910 1420 939 1446 et
954 1415 1107 1445 homines
1123 1425 1201 1446 51105

189 1467 341 1506 spoliatis
362 1468 563 1507 quibusdam
584 1468 716 1499 clericis
737 1468 941 1499 consiliariis
965 1469 1201 1498 canonicorum

190 1521 339 1559 ipsorum
359 1525 390 1551 et
409 1522 556 1559 graviter
578 1521 782 1556 vulneratis,
813 1522 945 1552 eosdem
969 1521 1201 1552 malefactores

189 1582 264 1604 cum
280 1573 396 1612 spoliis
414 1575 603 1613 receptavit.
625 1575 775 1614 Cumque
792 1575 872 1605 dicti
887 1575 1090 1609 visitatores,
1103 1585 1201 1614 prop-

189 1631 238 1657 ter
260 1626 391 1657 illatum
414 1627 479 1657 sibi
501 1632 644 1663 metum,
663 1628 698 1657 in
717 1628 894 1658 commisso
915 1628 979 1658 sibi
996 1628 1201 1658 visitationis

187 1679 294 1710 officio
318 1680 511 1710 nullatenus
534 1681 791 1719 processissent,
812 1681 947 1720 quidam
969 1681 1007 1711 de
1030 1682 1201 1712 canonicis

187 1733 358 1771 negotium
372 1733 482 1772 ipsum
497 1733 788 1772 prosequentibus,
806 1739 939 1772 propter
954 1734 1117 1772 premissa
1131 1744 1202 1773 per-

189 1786 309 1821 territi,
324 1795 399 1816 cum
416 1787 530 1817 eodem
548 1787 666 1818 abbate
683 1787 718 1816 in
731 1787 957 1818 venerabilem
973 1788 1111 1818 fratrem
1128 1797 1201 1818 nos-

190 1843 276 1869 trum
302 1863 321 1868 ..
348 1840 619 1870 Lemovicensem
647 1840 838 1879 episcopum
863 1845 1031 1879 tamquam
1054 1841 1089 1870 in
1112 1841 1202 1871 arbi-

190 1897 294 1927 trum,
315 1893 506 1932 juramento
529 1893 608 1923 hinc
631 1893 708 1923 inde
730 1894 868 1932 prestito
890 1894 929 1924 de
955 1894 1071 1924 stando
1095 1894 1201 1932 ipsius

188 1945 354 1975 sententie
368 1954 426 1983 pro
443 1954 478 1975 se
495 1950 526 1974 et
543 1945 619 1975 aliis
637 1945 736 1975 sociis
751 1946 833 1981 suis,
849 1955 907 1984 per
922 1951 1057 1978 metum,
1076 1947 1133 1985 qui
1147 1956 1202 1977 ca-

187 1999 264 2029 dere
281 2002 407 2037 poterat
419 1998 453 2028 in
467 2003 685 2034 constantem,
704 2000 970 2037 compromittere
988 2004 1065 2029 sunt
1083 2000 1199 2035 coacti,

187 2051 245 2082 tali
269 2051 444 2082 occasione
467 2052 702 2082 renuntiantes
725 2061 879 2090 expresse
897 2052 1019 2083 litteris
1043 2053 1201 2091 impetra-

188 2105 231 2135 tis
254 2109 285 2135 et
306 2104 406 2134 etiam
430 2104 667 2142 i1npetrandis;
695 2105 809 2144 sicque
833 2105 1017 2143 prelibatus
1041 2106 1142 2136 abbas
1166 2106 1200 2135 in

187 2157 331 2197 Helyam
352 2158 436 2187 Gros
459 2162 489 2187 ct
514 2157 674 2196 quosdam
697 2167 735 2188 ex
757 2159 828 2197 ejus
851 2159 969 2193 sociis,
988 2158 1127 2189 ecclesie
1144 2169 1201 2189 su-

186 2211 335 2250 pradicte
351 2211 534 2246 canonicis,
554 2215 624 2249 post
647 2211 903 2249 appellationem
921 2212 960 2241 ad
977 2222 1036 2241 nos
1054 2212 1201 2251 interpo-

188 2264 287 2295 sitam
314 2268 345 2294 et
372 2264 436 2294 iter
463 2263 504 2293 ab
531 2264 645 2293 eodem
675 2264 783 2303 Helya
813 2269 981 2302 arreptum
1013 2265 1052 2294 ad
1083 2266 1201 2295 Sedem

187 2316 411 2356 Apostolicam
430 2317 598 2352 veniendi,
614 2321 648 2346 ut
665 2317 713 2347 eis
725 2317 931 2355 precludcret
946 2318 1072 2347 aditum
1089 2328 1202 2357 prose-

187 2370 311 2410 quendi
334 2370 522 2408 negotium,
547 2371 901 2401 excommunicationis
924 2372 1140 2407 sententiam,
1166 2377 1202 2403 ut

187 2424 361 2460 asseritur,
386 2423 620 2462 promulgavit.
644 2423 802 2453 Volentes
825 2428 936 2454 autem
959 2433 1058 2463 super
1076 2424 1137 2455 1108
1163 2434 1201 2456 ex

187 2476 295 2507 officio
314 2480 427 2506 nostro
442 2476 631 2514 procedere,
652 2481 685 2505 ut
703 2476 811 2506 01111115
823 2481 930 2506 cesset
946 2478 1085 2508 materia
1101 2487 1202 2517 ques-

188 2529 304 2565 tionis,
337 2529 484 2568 predicto
517 2528 625 2567 Helya
656 2538 712 2567 per
741 2528 898 2558 dilectum
928 2529 1034 2559 [ilium
1064 2531 1201 2561 fratrem

188 2585 451 2624 R[aynerium]¹‚
466 2583 742 2622 penitentiarium
760 2588 922 2619 nostrum,
936 2584 1087 2615 absoluto
1099 2594 1117 2615 a
1129 2594 1201 2616 sen-

190 2638 294 2669 tentia
312 2637 505 2677 hujusmodi
526 2637 566 2667 ad
587 2637 769 2672 cautelam,
787 2655 826 2658 —
843 2638 1047 2667 fraternitati
1069 2642 1123 2668 tue
1143 2648 1202 2677 per

189 2690 371 2730 apostolica
395 2691 519 2729 scripta
545 2690 742 2721 mandamus
769 2695 952 2729 quatenus,
981 2691 1202 2729 personaliter

223 2796 242 2820 l.
260 2796 406 2821 Peut-etre
419 2795 495 2819 aussi
511 2795 758 2827 R[aymundum];
773 2796 841 2819 dans
857 2802 887 2819 cc
899 2795 1000 2819 second
1018 2803 1073 2824 835,
1086 2796 1103 2819 11
1119 2797 1201 2827 s'agi-

188 2841 241 2864 rait
261 2840 295 2864 (le
316 2840 460 2871 Raymond
483 2840 516 2864 ‹le
539 2840 685 2866 Penasort:
711 2840 778 2863 mais
801 2840 914 2863 celui-ci
936 2844 977 2863 cst
998 2840 1202 2870 generalemcut

189 2885 285 2916 appele
315 2886 480 2914 capellanus
508 2888 530 2908 et
556 2885 781 2913 pvnitentiarms
807 2887 918 2912 nnstcr,=
949 2885 1107 2908 l'existence
1137 2885 1202 2908 d'un

188 2929 365 2961 penitentier.
382 2928 396 2951 ἰι
413 2932 484 2952 cette
501 2929 587 2952 meme
603 2928 721 2959 epoque,
738 2929 774 2952 du
788 2935 849 2951 nom
867 2928 900 2952 118
914 2930 1081 2958 staffile-rius.
1099 2929 1202 2953 semble

189 2973 329 2997 d'aillcurs
346 2973 409 2996 bien
425 2972 535 2996 ctablie.

1036 293 1254 333 HUITIEME
1275 293 1436 331 ANNEE.

2217 305 2292 335 1142

1281 366 1322 397 ad
1349 367 1525 398 ecclesiam
1553 368 1660 407 ipsam
1693 368 1852 399 accedens
1884 372 1915 399 et
1946 368 2073 400 habens
2099 379 2156 408 pre
2186 369 2292 401 oculis

1281 419 1387 450 solum
1413 421 1536 456 Deum,
1563 420 1757 456 sententiis,
1784 421 1812 450 si
1836 430 1918 460 quas
1942 420 2003 451 hac
2025 422 2198 453 occasione
2220 426 2294 461 post

1280 472 1449 511 inceptum
1466 473 1636 511 negotium
1652 473 1687 503 in
1699 473 1864 512 predictos
1881 474 1987 504 socios
2004 474 2083 504 dicti
2097 475 2138 505 H.
2155 475 2293 514 protulit

1280 524 1369 555 idem
1392 525 1505 560 abbas,
1529 526 1623 564 juxta
1651 526 1790 556 formam
1816 525 1962 557 Ecclesie
1985 527 2159 563 relaxatis,
2185 532 2216 558 et
2240 528 2294 558 in-

1277 577 1393 617 juncto
1409 578 1439 608 ei
1457 578 1544 617 quod
1560 578 1688 618 dejure
1704 578 1806 608 suerit
1822 578 2076 617 injungendum,
2092 580 2163 610 vice
2180 585 2293 611 nostra

1281 630 1426 660 officium
1443 630 1646 661 visitationis
1662 630 1835 669 impendas
1850 631 1990 667 ibidem,
2009 633 2178 670 corrigens
2196 637 2227 663 ct
2240 642 2293 664 re-

1281 683 1441 718 formans,
1461 687 1528 712 tam
1550 683 1585 712 in
1602 683 1709 722 capite
1727 692 1826 722 quam
1842 684 1877 713 in
1896 684 2066 719 membris,
2085 694 2148 723 que
2165 694 2294 716 correc-

1282 735 1382 765 tionis
1395 739 1426 764 et
1437 735 1685 766 reformationis
1699 735 1806 765 officio
1819 736 1950 766 noveris
1964 736 2126 774 indigere.
2142 738 2295 768 Predicto

1282 791 1392 818 autem
1410 787 1516 826 Helye
1533 792 1564 818 et
1580 788 1639 817 uni
1656 797 1694 818 ex
1710 789 1781 827 ejus
1799 789 1898 819 sociis
1915 788 2107 827 hujusmodi
2124 790 2294 827 negotium

1282 841 1561 880 prosequentibus
1583 841 1770 871 moderatas
1794 850 1955 880 expensas
1981 842 2020 872 de
2041 842 2136 872 bonis
2162 851 2296 872 monas-

1282 894 1358 924 terii
1374 894 1477 924 facias
1496 894 1682 924 ministrari
1698 912 1747 923 —.
1768 895 1842 924 Dat.
1860 895 2004 929 Perusii,
2022 895 2118 925 XVII
2134 895 2294 926 kalendas

1282 946 1484 979 novembris,
1503 947 1714 985 pontificatus
1732 947 1837 977 nostri
1856 956 1943 977 anno
1961 952 2086 978 octavo.
2107 960 2120 974 »

1354 1146 1473 1175 2120

1320 1207 1464 1242 Episcopo
1480 1206 1674 1234 Cumanorum
1693 1207 1836 1242 significat
1853 1216 1885 1234 58
1900 1208 2071 1235 confirmare
2087 1209 2163 1243 quod
2180 1209 2296 1243 Sti-igo-

1284 1255 1396 1283 niensis
1411 1255 1660 1290 archiepiscopus,
1677 1264 1760 1288 cum,
1776 1256 1804 1282 in
1823 1256 1968 1290 provincia
1985 1256 2179 1284 Cumanorum
2196 1259 2297 1293 Apos-

1283 1304 1386 1330 tolicae
1403 1304 1487 1330 Sedis
1504 1304 1626 1338 legatus,
1645 1304 1840 1331 Cumanorum
1857 1305 2013 1332 dioecesim
2032 1305 2176 1338 limitaret,
2194 1314 2297 1341 perpe-

1283 1355 1334 1380 tuo
1363 1356 1504 1379 statuerat
1531 1353 1694 1384 observari,
1723 1353 1859 1380 videlicet
1889 1358 1919 1380 ut
1949 1354 2017 1380 nulli
2046 1355 2136 1388 laico,
2166 1355 2295 1390 patronis

1284 1402 1424 1435 exceptis,
1444 1403 1472 1427 in
1493 1401 1627 1428 ecclesiis
1648 1403 1741 1436 ipsius
1763 1402 1908 1429 dioecesis
1930 1407 2113 1437 praesentare
2132 1403 2231 1430 liceret
2246 1411 2296 1430 ca-

1283 1451 1427 1484 pellanos,
1452 1454 1481 1476 et
1507 1454 1537 1476 111
1559 1450 1727 1477 sacerdotes
1749 1455 1877 1485 quartam
1904 1451 2042 1478 haberent
2058 1451 2247 1486 decimarum,
2263 1460 2296 1479 ac

1283 1498 1423 1533 quaedam
1443 1499 1505 1530 alia,
1526 1500 1601 1525 sicut
1618 1500 1645 1525 in
1663 1499 1754 1533 ipsius
1769 1500 1980 1534 archiepiscopi
2004 1501 2106 1527 litteris
2132 1500 2197 1527 inde
2224 1508 2296 1527 con-

1282 1547 1367 1573 fectis
1393 1547 1507 1582 plenius
1533 1547 1683 1574 dicebatur
1707 1548 1859 1574 contineri.
1887 1564 1919 1567 —
1950 1548 2033 1581 (Rae.
2064 1549 2103 1580 17,
2134 1549 2151 1576 f.
2176 1549 2227 1577 ‘213
2251 1556 2295 1583 νος

1283 1603 1350 1623 ann.
1366 1595 1447 1627 VIII,
1464 1603 1490 1622 8.
1507 1595 1575 1626 ⁴250:
1592 1611 1626 1615 —
1644 1595 1790 1622 PoT'ruAs'r
1806 1588 1897 1629 9725.)

1802 1145 1939 1179 Pei-oasa,
1961 1147 1989 1172 11
2007 1146 2125 1173 octobre
2142 1147 2220 1174 1234.

1326 1709 1338 1723 «
1365 1720 1386 1725 ..
1409 1698 1543 1734 episcopo
1565 1697 1790 1727 Cumanorum.
1819 1698 1926 1728 Justis
1954 1699 2138 1736 petentium
2166 1699 2298 1729 deside-

1283 1750 1344 1780 riis
1369 1768 1416 1778 —.
1449 1751 1522 1779 Dat.
1557 1750 1708 1786 Perusii,
1733 1751 1761 1781 V
1783 1751 1858 1781 idus
1885 1751 2045 1785 octobris,
2085 1752 2297 1790 pontificatus

1284 1803 1390 1834 nostri
1407 1812 1494 1833 311110
1513 1807 1638 1833 octavo.
1659 1816 1672 1830 ι)

1356 2002 1471 2032 2¹21
1803 2001 1940 2036 Peronse,
1960 2003 1989 2030 17
2007 2004 2124 2030 octobre
2147 2004 2224 2031 1234.

1319 2064 1547 2098 Crucesignatos
1559 2069 1657 2090 contra
1671 2064 1834 2090 haereticos
1846 2064 2015 2091 Sclavoniae
2028 2067 2055 2092 in
2069 2066 2199 2100 partibus
2213 2065 2297 2092 Hun-

1284 2114 1379 2148 gariae
1399 2113 1575 2140 constitutos
1595 2121 1660 2139 cum
1680 2113 1815 2140 omnibus
1837 2113 1918 2139 bonis
1935 2114 1990 2140 sub
2011 2114 2085 2140 beati
2104 2114 2180 2140 Petri
2197 2119 2225 2141 et
2244 2122 2298 2142 sua

1284 2163 1464 2197 protectione
1480 2161 1613 2195 suscipit,
1631 2165 1765 2188 statuens
1782 2165 1823 2194 ut,
1843 2166 1994 2196 postquam
2010 2162 2184 2197 arripuerint
2201 2163 2254 2189 iter
2268 2163 2297 2190 in

1285 2211 1465 2237 Sclavoniam
1482 2214 1582 2236 contra
1601 2210 1779 2244 haereticos,
1799 2211 1928 2244 ipsorum
1946 2210 2035 2243 bona,
2055 2211 2148 2237 donec
2163 2211 2198 2237 de
2219 2213 2297 2246 ipso-

1284 2267 1347 2285 rum
1365 2259 1456 2296 reditu
1474 2259 1517 2284 vel
1533 2258 1613 2285 obitu
1633 2258 1796 2285 certissime
1813 2263 2015 2293 cognoscatur,
2034 2260 2145 2293 integra
2164 2263 2298 2287 maneant

1285 2311 1312 2334 et
1327 2307 1436 2342 quieta.
1451 2321 1488 2327 —
1508 2307 1591 2340 (aaa.
1612 2307 1641 2333 17
1654 2328 1660 2339 ,
1678 2307 1697 2333 1.
1718 2306 1770 2334 ‘213
1788 2312 1833 2338 v⁰;
1853 2316 1920 2334 ann.
1939 2307 2024 2340 VIII,
2041 2316 2065 2335 c.
2086 2309 2156 2339 ‘2513
2175 2323 2206 2328 —
2223 2307 2298 2335 Por-

1283 2364 1371 2383 THAST
1386 2356 1475 2387 9733;
1491 2370 1528 2376 —
1543 2355 1712 2382 Ronsnasno
1730 2356 1804 2389 601.)

1326 2470 1338 2485 «
1369 2458 1596 2495 Crucesiynalis
1620 2463 1728 2487 contra
1752 2459 1897 2488 hereticos
1918 2459 2078 2488 Sclaronie
2102 2459 2134 2487 in
2156 2459 2298 2496 partibus

1287 2511 1419 2549 Unyarie
1441 2511 1628 2540 constitutis.
1658 2510 1875 2541 Sacrosancta
1903 2512 2053 2541 Romana
2075 2510 2225 2541 Ecclesia
2246 2527 2295 2540 —.

1284 2565 1358 2594 Dat.
1383 2564 1533 2599 Perusii,
1562 2565 1641 2594 XVI
1666 2563 1827 2594 kalendas
1857 2564 2058 2599 novembris,
2084 2564 2296 2602 pontificatus

1284 2616 1391 2647 nostri
1410 2625 1497 2647 anno
1515 2621 1641 2647 octavo.
1664 2628 1676 2643 >⁷

1357 2809 1476 2838 2122

1322 2870 1465 2906 Episcopo
1479 2870 1665 2906 Zagabriensi
1678 2870 1712 2896 de
1726 2870 1877 2905 superiore
1889 2870 1922 2896 ad
1938 2869 2158 2903 crucesignatos
2175 2869 2298 2903 epistola

1285 2919 1446 2954 significat,
1463 2919 1548 2954 eique
1569 2919 1683 2945 mandat
1703 2922 1847 2953 quatenus
1868 2927 1922 2944 non
1941 2917 2086 2953 permittat
2102 2917 2182 2952 ipsos
2197 2921 2298 2944 contra

1287 2969 1474 3003 protectionis
1499 2971 1527 2994 et
1548 2967 1766 2994 constitutionis
1789 2966 1875 2993 Sedis
1898 2965 2083 3001 Apostolicae
2107 2969 2236 2992 tenorem
2261 2965 2296 2992 ab

1802 2807 1939 2839 Perouse,
1960 2808 1989 2834 17
2010 2807 2128 2833 octobre
2146 2806 2224 2834 1231.
