2498 3242
181 295 237 326 961

256 360 374 390 155⁰
732 359 834 387 Lan-an
846 381 852 391 ,
871 359 910 385 1⁸¹·
925 357 1029 384 sevrier
1048 354 1124 382 1234.

219 421 327 448 Abbati
343 420 539 448 Latiniacensi
557 420 672 448 mandat
686 423 832 455 quatenus
846 418 880 446 P.
896 418 932 445 de
947 416 1095 447 Cantateu,
1111 414 1148 442 G.
1162 413 1199 440 de

183 469 329 497 Bezarans
344 472 372 496 et
387 468 452 501 W„
469 469 634 504 burgenses
649 467 878 499 Latiniacenses,
895 470 924 492 et
939 465 1077 501 quosdam
1094 471 1143 498 pro
1156 462 1200 489 eis

183 518 370 554 fidejussoria
386 517 540 552 obligatos,
554 517 707 552 compellat
724 520 753 543 ut
771 515 905 542 Parentio
921 518 950 541 et
961 513 1095 541 Andreae
1107 511 1200 539 fratri-

185 567 256 599 bus,
273 567 387 594 civibus
403 565 559 598 Romanis,
576 566 611 592 de
635 565 758 600 pecunia
775 565 818 591 eis
842 563 938 590 debita
961 562 1150 589 satisfaciant.
1166 575 1199 580 —

185 615 270 648 (Ritu.
290 615 332 647 17,
350 615 368 642 f.
388 614 437 643 138
453 620 500 646 v⁰;
518 622 586 642 ann.
603 613 669 646 Vlt,
687 622 713 641 c.
731 613 804 645 50‘2.)

229 742 242 756 «
272 752 292 758 ..
317 729 420 758 abbati
442 729 661 760 Latiniacensi.
685 729 870 757 Parisionsis
889 728 1022 758 diocesis.
1047 725 1202 757 Exhibita

188 781 286 812 nobis
302 780 497 812 dilectorum
518 780 663 811 filiorum
680 780 830 811 Parentii
852 784 883 810 et
901 780 1032 810 Andree
1050 780 1200 813 fratrum,

186 834 312 865 civium
328 834 566 866 Romanorum,
587 833 703 872 petitio
719 833 909 863 continebat
922 833 1020 872 quod,
1033 841 1107 862 cum
1123 831 1202 861 olim

189 887 226 917 P.
245 886 283 916 de
303 885 482 921 Cantaleu‚
501 886 538 916 G.
563 886 602 916 dc
619 887 784 916 Bezarans
801 890 832 915 et
852 887 920 920 W.‚
940 886 1123 923 burgenses
1142 885 1203 914 La-

187 939 403 974 tiniacenses‚
421 938 626 969 Parisiensis
643 943 674 969 et
690 938 872 969 Meldensis
895 938 1082 969 diet-esum,
1101 946 1203 976 quan-

187 992 263 1023 dam
279 992 420 1031 pecunie
436 992 675 1030 quantitatem,
696 1000 795 1030 quam
819 992 1114 1029 Bonu[m]cuntrus
1131 991 1203 1021 Fri-

187 1045 292 1076 dcrici
317 1045 585 1082 crucesignatus,
612 1044 758 1074 Tui-kias
788 1048 819 1074 et
849 1053 963 1074 eorum
988 1043 1085 1078 socii.
1114 1043 1204 1074 cives

189 1097 331 1133 Lucani,
351 1097 407 1136 qui
429 1106 524 1127 suam
540 1106 640 1136 super
662 1096 723 1127 hoc
747 1101 919 1127 cesserunt
942 1096 1091 1135 plenarie
1107 1096 1204 1127 dietis

187 1150 350 1181 fratribus
372 1150 555 1185 actionem,
582 1154 678 1189 prout
700 1150 735 1179 in
762 1150 911 1180 confecto
935 1149 1052 1180 exinde
1077 1150 1204 1179 instru—

187 1208 301 1234 mento
329 1203 520 1233 continetur
546 1202 698 1241 plenius,
729 1202 929 1232 fiducialiter
958 1202 1205 1240 deposuera[n]t

189 1255 278 1294 apud
308 1264 380 1290 eos,
411 1259 527 1285 contra
552 1255 782 1294 juramentum
805 1254 981 1293 prestitum
1004 1254 1202 1289 detinerent,

188 1309 292 1339 iidem
309 1308 398 1338 cives
416 1312 480 1338 tam
498 1316 516 1337 a
533 1307 619 1337 bone
636 1307 795 1337 memorie
812 1307 959 1337 Honorio
977 1317 1071 1346 papa,
1090 1308 1205 1345 prede-

189 1369 322 1392 cessore
338 1365 462 1395 nostro,
485 1369 583 1399 quam
601 1368 619 1389 a
636 1359 732 1390 nobis
749 1359 898 1390 diversas
915 1364 1029 1389 contra
1045 1370 1100 1389 eos
1117 1360 1206 1390 litte-

190 1422 245 1444 ras
257 1413 298 1443 ad
311 1413 460 1443 diversos
469 1412 600 1451 judices
615 1411 848 1451 impetrarunt.
861 1413 1007 1443 Tandem
1019 1423 1096 1443 vero
1108 1413 1206 1443 dictis

192 1465 429 1504 burgensibus,
444 1475 503 1496 nec
519 1474 583 1496 non
601 1470 632 1496 et
649 1466 686 1496 P.
705 1466 824 1501 Morez,
844 1467 875 1496 J.
894 1466 932 1496 de
945 1466 1204 1504 Tot-ing[niaco],

145 1535 152 1541 ·
190 1518 382 1556 Rain[aldo]
399 1522 430 1549 et
449 1527 562 1548 eorum
580 1518 697 1553 sociis,
716 1518 773 1557 qui
795 1527 830 1548 se
845 1528 904 1556 pro
925 1519 972 1548 eis
998 1519 1207 1558 fidejussorio

189 1571 379 1610 obligarant
396 1575 427 1602 ct
444 1571 647 1610 principales
663 1571 907 1601 constituerant
927 1571 1109 1606 debitores,
1128 1572 1207 1610 quia

189 1624 226 1654 in
243 1624 392 1664 ejusdcm
411 1624 551 1662 pecunie
568 1623 734 1654 solutione
749 1624 942 1659 cessabant,
969 1634 1027 1663 per
1047 1624 1207 1663 quosdam

185 1677 339 1718 judicum
365 1677 590 1716 predictorum
613 1677 746 1707 vinculo
774 1678 1129 1708 excommunicationis
1153 1687 1207 1708 as—

190 1731 313 1766 trictis,
331 1735 404 1769 post
420 1730 569 1761 diversos
586 1730 719 1760 habitos
736 1730 816 1760 hinc
830 1730 908 1761 inde
924 1740 1111 1769 processus,
1127 1731 1207 1762 dicti

189 1785 294 1820 cives,
314 1793 372 1823 pro
388 1783 549 1814 varietate
573 1784 848 1813 commissionum
865 1784 1058 1823 hujusmodi
1075 1785 1207 1823 fatigati

189 1837 361 1867 laboribus
378 1841 409 1867 et
423 1837 594 1875 expensis,
613 1837 774 1875 quasdam
791 1846 809 1867 a
825 1837 921 1867 nobis
938 1838 977 1867 ad
996 1861 1013 1866 ..
1038 1842 1207 1868 cantorem

188 1891 388 1921 Trecensem
402 1898 547 1928 suosque
559 1889 703 1927 collegas
717 1889 935 1920 obtinuerunt
948 1890 1088 1926 litteras,
1105 1891 1207 1921 conti-

190 1947 309 1974 nentes
335 1947 388 1978 ut,
415 1943 578 1973 facientes
603 1943 669 1972 sibi
691 1943 843 1973 obtentas
867 1943 946 1973 hinc
974 1944 1051 1973 inde
1078 1944 1207 1974 litteras

189 1996 358 2031 exhiberi,
376 2000 486 2034 partes
503 1996 544 2025 ad
559 1995 636 2026 illos
655 1996 876 2031 remitterent,
896 1996 935 2025 ad
951 2005 1034 2035 quos
1047 1997 1207 2035 jurisdic-

191 2050 315 2079 tionem
340 2053 515 2079 noscerent
538 2049 722 2086 pertinere;
752 2049 903 2088 injuncto
926 2050 974 2079 cis
1000 2054 1034 2079 ut
1058 2050 1092 2078 in
1119 2059 1207 2079 com—

188 2102 294 2132 misso
312 2102 378 2132 sibi
394 2101 527 2139 negotio
546 2101 672 2140 absque
689 2101 865 2139 dispendio
885 2111 993 2136 more,
1013 2101 1207 2141 appellatio-

140 2166 142 2168 *
189 2155 244 2186 nis
265 2155 504 2194 impedimento
523 2159 692 2189 cessante,
712 2155 928 2193 procederent
941 2156 1035 2194 juxta
1052 2155 1206 2185 traditam

189 2209 240 2240 eis
255 2209 408 2239 formam.
426 2208 577 2247 Cumque
589 2208 710 2247 prefati
723 2208 866 2248 judices,
884 2209 968 2239 hone
982 2209 1140 2239 memorie
1152 2210 1205 2245 Pe,

189 2261 423 2301 predecessore
439 2265 505 2297 tuo,
524 2270 678 2299 expresse
695 2261 925 2292 consentiente
942 2271 979 2292 ac
993 2262 1207 2292 renuntiante

186 2314 416 2355 jurisdictioni
435 2322 534 2352 quam
553 2313 698 2343 habebat
712 2322 771 2352 per
790 2314 949 2352 quasdam
966 2314 1095 2344 litteras
1111 2323 1208 2353 apos-

190 2368 309 2400 tolicas
328 2377 428 2406 super
453 2367 513 2397 hoc
540 2367 693 2398 obtentas
721 2367 762 2397 ad
786 2367 908 2405 ipsum,
935 2367 975 2397 ad
1002 2391 1021 2396 ..
1046 2367 1207 2398 decanum

191 2420 306 2452 Sancti
321 2420 483 2459 Stephani
498 2420 674 2450 Trecensis
691 2424 722 2450 et
740 2429 817 2450 suos
831 2420 1021 2459 conjudices
1032 2424 1154 2459 partes,
1169 2420 1207 2450 de

187 2473 322 2514 juribus
343 2473 532 2504 litterarum
557 2473 699 2511 cognito,
727 2473 955 2509 remisissent,
981 2474 1068 2504 idem
1091 2473 1208 2512 prede-

191 2535 304 2557 cessor
328 2530 405 2556 tuus
429 2526 464 2555 in
491 2534 606 2556 eorum
632 2526 803 2564 presentia
826 2526 980 2565 promisit
1005 2530 1208 2565 spontaneus

191 2579 295 2620 quod,
318 2579 347 2610 si
363 2579 493 2610 civibus
508 2578 653 2618 placeret
670 2579 812 2614 eisdem,
836 2588 949 2610 eorum
971 2579 1032 2609 sub
1049 2579 1208 2619 jurisdic-

191 2633 282 2664 tione
299 2642 360 2664 sua
374 2632 583 2663 manentium
599 2631 686 2662 bona
709 2633 846 2668 sasiret,
865 2642 901 2662 ac
920 2632 968 2663 eis
987 2632 1027 2663 de
1042 2631 1208 2662 fructibus

192 2685 352 2717 satisfieri
366 2686 491 2722 faceret
504 2685 701 2722 eorundem;
718 2685 869 2725 alioquin
885 2685 982 2716 bonis
1000 2685 1083 2724 ipsis
1099 2693 1209 2724 preco-

191 2739 250 2770 nia
263 2747 344 2769 voce
357 2737 399 2768 ad
412 2737 624 2769 vendendum
640 2738 811 2777 expositis,
829 2737 904 2777 plus
917 2738 1071 2768 offerenti
1087 2737 1210 2768 faceret

191 2801 231 2823 ea
248 2791 344 2827 tradi,
361 2790 424 2826 vel,
443 2790 647 2828 emptoribus
671 2799 737 2820 non
761 2790 924 2825 inventis,
948 2789 1005 2819 illa
1028 2789 1121 2819 daret
1139 2798 1208 2820 me-

191 2843 331 2874 moratis
344 2843 473 2873 civibus
489 2843 524 2872 in
541 2842 704 2878 solutum;
723 2843 846 2882 quibus
861 2842 922 2872 hoc
940 2842 1207 2881 acceptantibus,

191 2901 224 2927 et
250 2897 285 2926 in
319 2895 498 2927 eorundem
532 2895 694 2925 bonorum
720 2895 968 2934 possessionem
999 2895 1145 2925 inductis
1173 2903 1209 2924 ac

190 2949 454 2989 percipientibus
478 2949 608 2978 fructus
637 2947 832 2987 aliquandiu
857 2957 894 2978 cx
919 2948 1061 2982 eisdem,
1082 2952 1111 2978 et
1134 2956 1209 2987 pre-

318 3007 505 3040 cans-ome
524 3014 576 3043 lx,
595 3017 614 3038 t.
634 3014 654 3038 1.

1040 280 1254 320 SEPTOEME
1275 278 1437 316 ANNEE.

2236 287 2293 317 962

1278 351 1383 382 missa
1407 352 1760 382 excommunicationis
1789 352 1955 382 sententia
1976 352 2129 382 cautione
2155 353 2293 391 prestita

1279 404 1440 440 relaxata,
1467 409 1532 434 tam
1552 404 1640 434 idem
1663 404 1765 434 abbas
1787 413 1884 443 quam
1909 404 2047 442 predicti
2071 404 2237 435 debitores
2257 414 2294 435 ac

1279 457 1512 497 fidejussores,
1544 457 1695 488 nolentes
1726 458 1813 496 quod
1841 457 2064 495 promiserant
2094 458 2292 496 adimplere.

1280 511 1426 549 prefatos
1440 511 1529 541 cives
1545 510 1584 541 de
1598 510 1760 540 bonorum
1776 510 1924 548 ipsorum
1938 510 2148 548 possessione
2166 511 2295 541 sacien-

1283 567 1331 594 tes
1357 563 1519 593 violenter
1543 562 1678 601 expelli,
1711 562 1852 601 quedam
1878 572 1914 592 ex
1939 562 1987 591 eis
2013 562 2231 592 vendiderunt
2258 563 2293 592 in

1282 616 1444 652 fraudem,
1461 616 1665 654 emptoribus
1685 615 1865 645 eorundem
1882 615 2009 644 fraudis
2024 615 2214 653 hujusntmli
2230 624 2294 645 non

1282 669 1426 707 ignaris3
1443 673 1576 707 propter
1591 668 1679 708 quod
1695 668 1826 698 eosdem
1844 668 2056 707 fidejussores
2074 679 2109 697 ae
2129 668 2295 698 debitores

1282 723 1317 752 in
1334 722 1687 753 excommunicationis
1704 721 1905 751 sententii‘tm
1926 721 2136 750 reducentes.
2158 721 2295 751 eandem

1283 775 1426 813 singulis
1442 774 1560 805 diebus
1577 774 1754 804 dominicis
1771 778 1802 803 et
1818 773 1971 803 festivis¹
1990 773 2230 802 mandaverunt
2249 773 2296 802 in-

1283 828 1398 858 novari
1419 827 1649 866 sollempniter
1665 831 1695 857 et
1711 827 1802 864 ipsos
1821 832 1976 864 tanquam
1996 826 2297 855 excommunicatos

1283 881 1324 911 ab
1339 880 1494 911 omnibus
1515 880 1620 909 artius
1641 879 1776 913 evitari,
1800 878 1939 909 heredes
1963 887 2076 908 eorum
2104 878 2160 916 qui
2186 882 2296 916 postea

1284 934 1510 968 decesserunt,
1532 933 1679 972 ipsorum
1697 932 1848 969 exigente
1868 931 2091 965 contumacia,
2111 940 2298 960 ext-ermnu-

1284 985 1463 1016 nicationis
1479 984 1612 1014 vinculo
1629 983 1870 1014 nichilominus
1887 982 2123 1019 astringentes.
2146 982 2226 1016 Sed,
2245 991 2299 1012 eo—

1285 1038 1359 1068 dem
1378 1038 1610 1077 predecessore
1632 1042 1687 1067 tuo
1704 1037 1744 1066 ad
1767 1036 1884 1067 sedem
1907 1035 2129 1074 Apostolicam
2153 1034 2194 1064 ab
2217 1035 2298 1073 ipsis

1281 1091 1468 1131 judicibus,
1493 1095 1527 1121 ut
1551 1090 1685 1125 dicitur,
1708 1089 1910 1128 appellante,
1934 1088 2103 1126 negotium
2121 1088 2229 1126 ipsum
2247 1098 2299 1117 re-

1284 1144 1409 1174 mansit
1434 1143 1595 1173 hactenus
1619 1143 1653 1172 in
1675 1151 1848 1180 suspenso.
1877 1142 1984 1178 Quare
2003 1140 2153 1179 jamdicti
2179 1141 2299 1170 fratres

1286 1197 1432 1227 nondum
1448 1199 1627 1235 potuerunt
1642 1195 1806 1235 justitiam
1823 1194 1986 1225 obtinere.
1999 1193 2083 1230 Quia
2099 1202 2174 1222 vero
2192 1193 2300 1222 tratri-

1285 1249 1347 1279 bus
1364 1249 1555 1279 memoratis
1575 1248 1609 1278 in
1627 1249 1702 1287 jure
1724 1257 1783 1277 suo
1800 1247 1914 1277 deesse
1934 1255 1997 1275 non
2023 1254 2218 1284 possumus,
2241 1245 2298 1284 qui

1286 1311 1402 1332 sumus
1421 1301 1576 1331 omnibus
1597 1301 1632 1330 in
1648 1300 1782 1340 justitia
1801 1299 1985 1333 debitores,
2005 1298 2201 1327 mandamus
2218 1306 2300 1336 qua-

2192 1356 2226 1380 ut
2250 1351 2299 1380 di-

1287 1409 1384 1443 citur,
1407 1408 1468 1438 sub
1486 1412 1543 1437 tua
1555 1407 1790 1446 jurisdictioi‘ie
1807 1406 2007 1439 1⁷·onsistant,
2031 1410 2061 1435 et
2079 1405 2112 1433 in
2130 1414 2185 1433 eos
2202 1403 2301 1442 spiri-

1286 1359 1394 1390 tenus,
1417 1355 1445 1385 si
1465 1359 1513 1384 est
1530 1355 1586 1390 ita,
1608 1364 1682 1384 cum
1701 1353 1867 1383 debitores
1885 1362 1920 1382 ac
1939 1352 2170 1391 fidejussores,

1288 1461 1412 1491 tualem
1441 1465 1471 1490 ct
1505 1460 1719 1499 temporalem
1749 1459 1872 1489 habeas
1903 1463 2116 1497 potestatem,
2149 1457 2238 1495 ipsos
2271 1461 2299 1486 et

1288 1514 1520 1544 defunctorum
1546 1513 1685 1543 heredes
1706 1517 1739 1541 ut
1765 1512 1890 1542 eisdem
1916 1511 2076 1541 Romanis
2102 1510 2140 1539 de
2163 1509 2300 1547 pecunia

1288 1567 1371 1605 ipsa,
1390 1576 1464 1596 cum
1477 1566 1578 1606 justis
1596 1570 1627 1596 ct
1647 1565 1826 1595 moderatis
1850 1564 2003 1603 expensis
2023 1568 2054 1593 et
2079 1563 2188 1593 debita
2209 1562 2302 1592 satis-

1288 1620 1433 1650 factione
1450 1619 1680 1657 dampnorum,
1698 1618 1810 1648 usuris
1827 1617 1962 1647 omnino
1974 1616 2195 1648 cessantibus,
2212 1625 2247 1644 ae
2264 1615 2302 1644 de

1288 1673 1452 1712 perceptis
1464 1672 1503 1702 de
1519 1672 1616 1702 bonis
1629 1671 1711 1710 ipsis
1723 1671 1889 1701 fructibus
1903 1679 1919 1699 a
1935 1669 2130 1709 dejectionis
2146 1673 2301 1706 tempore.

1288 1727 1323 1756 in
1354 1726 1555 1756 solutionem
1584 1725 1690 1763 ipsius
1721 1724 1861 1762 pecunie
1887 1722 2138 1756 convertendis,
2170 1722 2304 1751 satissa-

1289 1779 1396 1814 ciant‚
1427 1783 1463 1808 ut
1490 1782 1662 1813 tenentur,
1691 1777 1809 1807 tradita
1837 1776 1897 1805 tibi
1924 1779 2084 1814 potestate
2113 1774 2302 1812 compellas.

1288 1832 1448 1871 Alioquin
1475 1831 1592 1861 damus
1619 1830 1750 1860 dilectis
1775 1829 1854 1858 tiliis
1880 1852 1899 1858 ..
1925 1828 2049 1858 decano
2073 1833 2104 1858 ct
2133 1851 2152 1855 ..
2178 1827 2302 1856 cantori

1289 1884 1402 1915 Sancti
1421 1883 1593 1922 Stephani,
1612 1887 1643 1913 et
1661 1906 1682 1911 ..
1702 1882 1982 1920 archipresbitero
2005 1880 2118 1910 Sancti
2139 1879 2304 1911 Jobannis

1287 1937 1464 1967 Trecensis
1481 1936 1604 1966 nostris
1621 1935 1743 1965 litteris
1766 1935 1799 1964 in
1823 1934 2004 1966 mandatis,
2030 1938 2063 1963 ut
2086 1938 2115 1963 te
2135 1933 2174 1962 ad
2196 1932 2228 1961 id
2248 1941 2305 1969 per

1289 1998 1465 2020 censuram
1486 1984 1765 2021 ecclesiasticam,
1785 1987 2007 2025 appellatione
2024 1990 2164 2019 remota,
2189 1994 2304 2020 cogere

1290 2051 1355 2072 non
1377 2046 1586 2081 postponant,
1604 2041 1716 2071 Nullis
1735 2040 1857 2070 litteris
1880 2039 2010 2069 veritati
2033 2043 2063 2068 et
2083 2038 2214 2077 justitio·
2232 2046 2305 2075 pre-

1286 2094 1516 2135 judicantibus
1533 2098 1593 2124 etc.
1612 2094 1686 2123 Dat.
1705 2098 1738 2122 ut
1757 2102 1868 2130 supra.
1889 2104 1901 2118 »

1326 2218 1430 2242 ¹25¹.
1449 2229 1480 2233 —
1498 2213 1644 2248 Scriptum
1666 2216 1711 2239 est
1731 2213 1788 2238 iltis
1812 2212 1930 2245 [decano
1945 2215 1973 2237 et
1993 2211 2102 2237 cantori
2121 2209 2218 2236 Sancti
2240 2208 2306 2236 Ste-

1291 2263 1387 2299 phani,
1404 2268 1431 2289 et
1446 2262 1699 2297 archipresbytero
1712 2261 1810 2287 Sancti
1824 2259 1968 2286 Johannis
1983 2259 2160 2292 Treceusisl.

1365 2429 1478 2457 1752

1327 2489 1472 2525 Episcopo
1494 2489 1670 2518 Purisiensi,
1693 2488 1850 2523 postulanti
1872 2492 1902 2514 ut
1924 2487 2018 2513 abbati
2041 2486 2207 2512 monasterii
2230 2484 2306 2510 Lati-

1293 2539 1438 2566 niacensis
1449 2539 1571 2566 facultas
1584 2537 1761 2564 concedatur
1777 2536 1974 2571 praepositum
1992 2535 2095 2561 laicum
2108 2532 2302 2560 constituendi

1291 2587 1326 2615 ad
1353 2587 1497 2622 justitiam
1527 2587 1707 2613 saecularem
1739 2585 1821 2611 villae
1852 2584 2062 2610 Latiniacensis
2094 2581 2304 2608 exercendam,

1851 2426 1963 2457 Latran,
1985 2426 2013 2451 17
2025 2424 2139 2459 janvier
2159 2424 2235 2450 ¹2:34.

1292 2636 1407 2663 mandat
1421 2639 1566 2671 quatenus
1581 2643 1669 2670 super
1686 2634 1739 2660 boc
1756 2637 1863 2660 statuat
1881 2633 1956 2666 quod
1981 2625 2083 2658 viderit
2108 2630 2254 2665 expedire.
2273 2644 2305 2648 —

1292 2685 1376 2719 (Rae.
1396 2686 1438 2718 17,
1453 2685 1472 2712 f.
1492 2684 1541 2712 139
1555 2690 1598 2715 1·⁰;
1615 2692 1682 2710 ann.
1702 2681 1771 2714 VII,
1789 2691 1814 2709 c.
1833 2682 1900 2713 5033
1914 2695 1950 2701 —
1964 2681 2083 2707 Mouexu
2103 2678 2215 2710 1188,1“.
2233 2678 2303 2705 288:

1291 2749 1325 2755 —
1340 2733 1377 2761 N.
1396 2733 1512 2766 VAn01s,
1530 2734 1687 2760 Guillaume
1705 2731 1883 2764 d'ilurerqne.
1903 2740 1930 2765 p.
1948 2730 2023 2762 359.)

1334 2849 1347 2863 «
1379 2859 1398 2865 ..
1424 2837 1558 2874 episcopo
1585 2835 1766 2864 Parisiensi.
1796 2832 1951 2871 Exposita
1982 2831 2077 2861 nobis
2109 2830 2305 2860 dilectorum

1328 2955 1350 2980 t.
1370 2953 1584 2980 Suus—entendu
1601 2953 1625 2977 le
1642 2953 1713 2983 sujot
1724 2953 1846 2982 judices.

2154 3006 2180 3030 61
