2498 3242
163 294 234 325 1001

236 360 350 389 {83³2

195 422 342 455 Caesario,
360 423 467 450 vicario
482 423 659 458 Jlohannisl,
677 424 751 450 tituli
765 424 888 450 Sanctae
903 423 1040 450 Praxedis
1053 423 1172 458 presby-

749 360 862 392 Latran,
879 360 913 387 ‘20
929 368 1005 386 mars
1025 359 1098 387 1234.

160 473 213 500 teri
229 472 392 502 cardinalis.
410 473 438 499 in
451 473 578 499 Marcbia
593 473 785 504 Anconitana,
805 472 918 499 mandat
931 477 1075 506 quatenus
1089 481 1174 499 eum-

159 521 224 548 dem
244 521 413 553 Hem-icum,
430 522 464 548 ab
477 521 727 548 administratione
745 522 911 548 monasterii
930 521 1076 548 Farsensis
1092 530 1171 548 amo-

160 573 236 600 tum,
254 570 406 604 compellat
424 574 453 596 ut
473 570 508 596 de
524 574 582 597 tota
603 574 678 596 terra
694 570 826 604 ejusdem
850 571 1015 597 monasterii
1031 570 1171 598 discedat.

159 632 195 639 —
209 617 295 652 (REO.
318 619 358 650 Π,
379 618 395 644 f.
419 619 466 645 155
483 625 530 650 v⁰;
547 627 613 645 ann.
633 618 699 647 Vll,
717 626 742 645 c.
761 619 834 650 578.)

201 746 214 760 «
233 734 364 764 Cesario.
389 735 492 764 dilecti
516 734 578 772 filii
603 735 700 763 nostri
723 735 763 763 J..
790 735 876 763 tituli
895 735 1004 764 Sancte
1027 734 1172 763 Prasscdis

155 787 318 824 presbiteri
333 787 514 822 cardinalis,
536 788 568 816 in
580 787 718 816 Mar-chia
734 788 929 816 :incontinua
943 788 1070 816 vicario.
1088 786 1172 817 Cum

159 838 301 869 dilectus
313 838 403 868 filius
416 843 528 869 noster
545 839 708 877 E[gidius]
722 856 769 875 —,
786 839 839 869 cui
854 839 1024 869 Farsensis
1039 848 1172 869 monas-

161 892 237 922 terii
260 897 289 921 et
316 891 539 922 membrorum
567 892 673 930 ipsius
699 900 812 922 curam
835 892 990 921 duximus
1020 892 1171 921 commit-

160 944 304 979 tendam,
322 945 517 979 IIenricum,
538 949 614 975 tunc
629 945 780 975 abbatem
799 945 947 984 ejusdem
963 944 1169 980 monasterii,

159 997 217 1036 qui
234 1006 300 1027 non
317 997 425 1028 solum
441 997 584 1033 inutilis,
603 1006 717 1027 verum
735 998 835 1027 etiam
852 997 1013 1036 pestilens
1031 997 1172 1027 habeba-

160 1054 225 1085 tur,
253 1051 293 1080 ab
312 1051 615 1081 amministratione
634 1051 763 1081 duxerit
786 1051 1074 1089 suspendendum,
1093 1051 1169 1086 sibi,

158 1103 247 1134 inter
261 1103 326 1133 alia
343 1113 406 1143 que
425 1113 483 1142 pro
500 1103 741 1142 indempnitate
755 1103 834 1133 dicti
852 1103 1047 1133 monasterii
1064 1103 1171 1133 eidem

159 1156 529 1192 salubriter—interdixit,
540 1156 780 1186 nichilominus
789 1156 1027 1187 deliberatione
1036 1157 1171 1195 provida

158 1208 343 1240 inhibendo
353 1218 393 1239 ue
407 1209 442 1238 in
455 1208 638 1239 Marchiam
648 1209 696 1239 ire
706 1213 911 1248 presumeret
922 1209 1046 1248 absque
1060 1213 1172 1239 nostra

157 1262 294 1293 licentia
311 1262 458 1301 speciali,
477 1262 511 1291 in
528 1271 615 1297 eum,
634 1262 661 1292 si
678 1265 790 1291 contra
808 1267 1023 1300 presumeret,
1043 1272 1173 1293 excom-

158 1315 398 1346 municationis
410 1324 447 1345 ac
457 1315 635 1345 amotionis
649 1315 689 1344 ab
701 1315 1003 1345 amministratione
1017 1316 1172 1354 spiritua-

158 1368 242 1399 lium
255 1373 287 1398 et
301 1367 532 1406 temporalium
547 1367 732 1398 sententias
743 1367 1000 1406 promulgando:
1013 1369 1101 1398 idem
1116 1369 1170 1404 IL,

158 1421 246 1452 sicut
274 1421 478 1459 accepimus,
506 1421 665 1459 predictis
692 1421 869 1451 sententiis
905 1421 1097 1460 vilipensis,
1136 1422 1171 1452 in

158 1474 343 1505 Marchiam
363 1474 578 1504 temerarium
600 1473 729 1504 hahens
756 1474 947 1512 ingressum
968 1484 1005 1505 ac
1027 1475 1061 1504 in
1085 1476 1172 1515 jam-

156 1527 236 1557 dicti
252 1527 447 1557 monasterii
463 1531 571 1557 castra
588 1527 722 1557 irruens
746 1527 918 1563 violenter,
944 1528 1172 1558 amministra-

155 1581 245 1611 tione
271 1580 503 1619 temporalium
526 1585 557 1610 et
576 1580 803 1619 spiritualium
826 1581 891 1611 sihi
914 1581 1172 1620 dampnabiliter

153 1638 328 1672 usurpata,
347 1633 433 1664 bona
450 1634 598 1673 ejusdem
617 1634 814 1664 monasterii
833 1638 865 1665 et
880 1634 1105 1665 membrorum
1121 1635 1171 1673 ip-

153 1687 225 1717 sius
241 1687 367 1726 diripit,
383 1687 539 1725 dissipat.
560 1687 694 1717 devorat
711 1691 741 1717 et
757 1687 935 1717 consumit.
955 1688 1096 1725 Insuper
1112 1697 1171 1717 au-

153 1744 230 1776 tem,
248 1740 379 1779 proprie
397 1740 516 1770 salutis
532 1740 707 1770 immemor
726 1744 757 1770 et
774 1744 979 1778 contemptor
995 1740 1171 1771 ecclesias-

154 1793 217 1824 tice
234 1793 422 1832 discipline,
441 1811 480 1814 —
497 1802 532 1824 se
549 1793 760 1832 impudenter
776 1793 1003 1823 communioni
1022 1793 1171 1823 fidelium

153 1847 353 1885 ingerendo,
371 1847 405 1876 in
425 1847 577 1877 ecclesiis
597 1847 758 1885 sepedicti
774 1847 981 1883 monasterii,
1000 1856 1058 1885 per
1074 1856 1168 1886 quas,

154 1899 246 1930 cultu
267 1900 453 1930 reverentie
475 1900 637 1935 abdicato,
663 1900 832 1935 discurrit,
857 1900 921 1930 sibi
942 1900 1171 1938 sollempniter

153 1952 207 1983 vel
227 1953 337 1991 pot-ius
355 1952 613 1991 dampnabiliter
634 1953 748 1982 divina
770 1953 850 1983 facit
868 1953 974 1983 Officia
995 1953 1169 1983 celebrari.

153 2006 312 2037 Volentes
324 2006 669 2044 igiturindempnitati
679 2006 820 2044 sepefati
829 2006 1023 2036 monasterii
1034 2010 1171 2044 paterna

155 2058 382 2089 sollicitudine
412 2059 596 2097 providere,
623 2059 792 2089 universis
817 2059 1001 2093 monachis,
1026 2059 1168 2094 clericis,

156 2111 311 2142 fidelibus
333 2121 369 2142 ac
388 2112 541 2142 vassallis
558 2112 753 2142 monasterii
772 2112 943 2142 Fal-sensis
965 2112 999 2141 in
1023 2113 1170 2142 Anconi-

156 2169 233 2195 tana
251 2165 399 2195 Mai-chia
414 2165 605 2195 constitutis
622 2165 745 2195 nostris
758 2165 875 2195 danius
891 2165 1013 2195 litteris
1030 2165 1170 2196 firmiter

156 2219 191 2248 in
203 2219 367 2257 preceptis
379 2223 410 2248 et
421 2218 606 2248 districtius
618 2217 823 2253 inhibemus,
841 2222 876 2247 ut
890 2218 996 2248 eidem
1012 2219 1167 2254 Heni-ico,

156 2282 176 2302 a
191 2272 285 2311 cujus
304 2271 493 2301 obedientia
512 2276 543 2301 et
559 2271 718 2301 fidelitate
737 2272 826 2310 ipsos
845 2271 1055 2301 decernimus
1072 2271 1169 2302 abso-

154 2325 253 2360 lutos,
274 2325 416 2355 ulterius
431 2329 587 2364 tanquam
605 2324 715 2354 abbati
732 2324 924 2354 nullatenus
944 2324 1167 2360 intendentes,

155 2387 196 2409 ne
215 2387 274 2408 sua
291 2378 390 2416 digna
407 2377 541 2407 vacuari
553 2377 723 2407 temeritas
739 2381 911 2415 augeatur,
926 2381 1074 2415 prestent
1090 2386 1169 2408 con-

154 2430 280 2466 silium,
294 2430 457 2461 auxilium
471 2430 522 2461 vel
538 2430 700 2466 favore1n;
719 2430 868 2469 alioquin
886 2430 1070 2460 sententias
1085 2440 1167 2470 quas

153 2483 241 2514 idem
258 2483 438 2514 cardinalis
451 2487 584 2522 propter
603 2483 664 2513 hoc
687 2483 748 2513 rite
766 2483 843 2513 tulit
859 2482 910 2513 vel
930 2482 1044 2513 tulerit
1063 2483 1097 2512 in
1114 2493 1168 2514 re-

153 2536 274 2571 belles,
296 2541 384 2567 ratas
403 2536 576 2567 habentes.
595 2536 755 2566 faciemus
770 2545 841 2570 eas,
860 2540 993 2565 auctore
1012 2536 1164 2572 Domino,

151 2598 258 2629 usque
270 2590 309 2619 ad
323 2589 587 2619 satisfactionem
596 2589 794 2627 condignam
807 2588 1046 2619 inviolabiliter
1057 2589 1166 2619 ohser-

1017 283 1230 323 SEPTIEME
1252 286 1412 323 ANNEE.

2193 295 2267 325 1002

1256 359 1338 388 vari.
1356 358 1511 389 Ceterum
1527 369 1642 390 omnes
1659 360 1901 391 concessiones.
1922 360 2117 391 donationes
2132 366 2162 391 et
2179 361 2266 391 fran-

1256 410 1357 441 kitias
1374 421 1436 450 que
1452 421 1508 450 per
1521 413 1705 451 sepefatum
1717 413 1911 447 Heni-irum,
1926 422 1942 442 a
1960 414 2191 451 suspensionis
2208 423 2266 444 sue

1258 469 1414 503 tempore,
1428 465 1466 494 de
1481 465 1575 495 bonis
1588 465 1638 495 vel
1649 466 1782 505 juribus
1798 467 1991 496 incjniasterii
2006 467 2176 496 memorati
2195 476 2266 496 suo-

1256 526 1396 556 rumque
1407 518 1641 553 membrorum,
1653 528 1860 558 quocumque
1871 520 1965 549 niodo
1976 520 2024 549 vel
2036 520 2130 549 titulo
2145 520 2267 558 aliqui-

1256 569 1317 599 bus
1332 570 1429 605 facte,
1445 570 1578 609 scriptis
1593 571 1642 601 vel
1658 571 1782 609 absque
1797 572 1929 610 scripto,
1945 577 2096 610 poterunt
2115 573 2264 611 reperiri,

1256 622 1466 652 decernimus
1490 623 1602 653 irritas
1630 627 1661 653 et
1683 624 1819 658 inanes,
1842 634 1878 654 ex
1903 625 2024 663 quibus
2051 625 2179 654 nullum
2203 625 2266 663 ipsi

1256 676 1458 705 monasterio
1480 680 1510 705 et
1533 676 1691 706 membris
1711 677 1781 716 ejus
1801 677 1833 706 in
1855 682 2022 715 posterum
2046 678 2266 717 prejudicium

1256 732 1453 765 generetur,
1478 733 1509 758 et
1531 738 1646 759 omnes
1668 734 1856 759 contractus
1875 731 1981 759 mutui
2004 731 2060 769 qui
2077 731 2117 760 al»
2137 732 2206 769 ipso
2224 731 2264 760 H.

1255 789 1361 819 usque
1378 781 1472 811 modo
1490 782 1582 811 suere
1597 781 1647 812 vel
1665 792 1701 812 ex
1717 792 1803 812 nunc
1820 783 1956 817 fuerint,
1973 793 2181 822 quacumque
2198 793 2267 822 spe-

1256 833 1305 863 cie
1326 833 1377 863 vel
1399 834 1520 869 forma,
1547 835 1770 873 presunipti1,
1796 835 1921 866 nullius
1944 836 2116 866 obtineant
2140 836 2266 866 roboris

1255 887 1446 917 firmitatem
1463 898 1468 923 ;
1500 888 1540 917 ad
1570 897 1711 927 qnorum
1726 890 1738 908 ²
1765 888 1966 918 solutionem
1991 889 2078 919 idem
2105 894 2267 919 monaste-

1254 940 1341 970 rium
1368 940 1419 970 vel
1441 940 1589 971 membra
1610 941 1758 981 ejusdem
1778 941 1930 972 volumus
1954 951 2019 972 non
2040 943 2158 972 teneri.
2179 943 2267 979 Quo-

1255 994 1343 1024 circa
1377 994 1574 1024 mandamus
1605 999 1769 1034 quatenus
1786 1018 1792 1030 ,
1828 995 2009 1025 IIenriculn
2039 996 2266 1034 supradictum

1255 1047 1342 1086 quod
1359 1047 1397 1077 de
1412 1047 1490 1077 dicti
1508 1048 1702 1078 monasterii
1720 1052 1786 1078 tota
1804 1052 1891 1078 terra
1907 1048 1979 1079 sine
2000 1058 2091 1078 mora
2107 1049 2265 1083 discedat,

1255 1100 1434 1138 spirituali,
1447 1105 1496 1134 et,
1520 1101 1548 1130 si
1565 1110 1701 1131 necesse
1718 1101 1830 1136 suerit,
1853 1101 1979 1140 adjecta
1996 1101 2179 1140 temporali,
2199 1102 2267 1132 dis-

1256 1153 1419 1189 trictione,
1449 1153 1669 1191 appellatione
1694 1158 1839 1189 remota,
1869 1154 2090 1193 compellans,
2120 1159 2267 1185 tenorem

1254 1206 1471 1244 presentium,
1496 1216 1552 1245 per
1575 1211 1696 1237 terram
1714 1208 1852 1237 candem
1869 1213 1935 1237 tam
1958 1218 2014 1247 per
2037 1212 2067 1238 te
2088 1218 2187 1248 quam
2211 1218 2267 1247 per

1255 1259 1338 1289 alios
1364 1259 1426 1289 tide
1447 1259 1565 1297 dignos
1586 1259 1815 1298 sollempniter
1839 1260 2055 1299 publicatum,
2073 1261 2107 1290 in
2124 1260 2267 1297 singulis

1254 1311 1335 1342 locis
1357 1317 1442 1343 terre
1463 1313 1569 1351 ipsius
1587 1313 1694 1351 redigi
1712 1313 1815 1343 facias
1838 1322 1895 1352 per
1911 1323 2030 1344 manus
2051 1314 2268 1344 tabellionum

1255 1365 1290 1394 in
1307 1365 1439 1403 publica
1454 1366 1673 1400 munimenta,
1692 1376 1733 1396 ne
1749 1368 1833 1397 sorte
1851 1367 1884 1396 in
1903 1371 2070 1405 posterum
2087 1367 2120 1396 in
2135 1376 2267 1397 excusa-

1253 1417 1356 1448 tionis
1370 1418 1558 1448 subsidium
1572 1419 1612 1448 ab
1624 1419 1736 1458 aliquo
1749 1419 1939 1457 ignorantia
1953 1421 2177 1458 pretendatur.
2192 1421 2263 1450 Dat.

1253 1475 1289 1501 ut
1306 1481 1417 1510 supra.
1438 1484 1450 1498 ›>

1328 1658 1444 1686 1838

1291 1720 1520 1755 Arcliiepiscopo
1537 1720 1716 1753 Senonensi,
1734 1725 1762 1747 et
1779 1721 1915 1756 episcopo
1932 1721 2098 1756 (lecanoque
2113 1721 2266 1748 Treccnsi-

1254 1769 1309 1795 bus
1333 1769 1448 1795 mandat
1469 1773 1631 1803 quatenus,
1656 1784 1692 1790 —
1716 1778 1782 1796 cum
1808 1769 1870 1804 ipse
1896 1778 1966 1804 papa
1989 1770 2082 1796 eidem
2105 1770 2265 1804 archiepis-

1253 1825 1326 1852 copo
1342 1817 1451 1844 litteras
1468 1826 1536 1844 suas
1552 1818 1708 1845 direxisset
1721 1823 1820 1845 contra
1836 1818 1995 1845 Guarinum
2012 1819 2160 1851 clericum,
2177 1827 2266 1854 super

1253 1866 1427 1900 quibusdam
1445 1867 1558 1901 probris
1579 1871 1607 1893 et
1628 1867 1817 1902 blasphemiis
1833 1868 1859 1894 in
1877 1876 1951 1902 quae
1968 1868 2043 1894 idem
2060 1868 2182 1894 clericus
2200 1876 2265 1902 pro-

1254 1919 1380 1949 ruperat,
1407 1915 1510 1941 eodem
1536 1924 1602 1942 vero
1630 1915 1757 1942 Guarino
1786 1916 2010 1942 misericordiam
2037 1917 2206 1951 implorante
2236 1920 2265 1943 et

1816 1659 1929 1691 Latran,
1948 1659 1981 1685 ‘20
1996 1660 2100 1686 sevrier
2119 1659 2194 1687 1234.

1253 1969 1418 1998 exponente
1439 1964 1514 1998 qnod
1539 1964 1654 1998 quidam
1681 1964 1772 1998 ipsius
1796 1965 2007 2000 archiepiscopi
2035 1973 2192 1999 germanus
2213 1966 2263 1992 ad-

1253 2011 1400 2038 versarius
1415 2020 1488 2039 suus
1503 2017 1562 2038 erat
1580 2017 1608 2038 et
1624 2013 1696 2038 bonu
1708 2020 1761 2038 sna
1773 2013 1917 2039 detinebat
1936 2013 2085 2045 violenter,
2099 2028 2131 2034 -—
2146 2014 2169 2039 si
2188 2023 2265 2048 prae-

1254 2060 1343 2087 missa
1361 2068 1427 2086 vera
1443 2061 1511 2092 sint,
1529 2061 1658 2095 injuncta
1674 2061 1767 2087 eidem
1781 2061 1886 2087 clerico
1898 2062 2096 2088 satisfactione
2108 2062 2261 2096 condigna.

1253 2116 1318 2135 cum
1336 2116 1370 2135 eo
1387 2109 1612 2135 misericorditer
1627 2113 1732 2143 agant:
1757 2110 1881 2143 alioquin
1904 2115 2002 2136 contra
2018 2119 2084 2136 eum
2101 2111 2262 2137 secundum

1253 2157 1379 2192 priorum
1414 2158 1571 2184 litterarum
1601 2158 1809 2184 continentiam
1840 2159 2006 2193 procedant.
2035 2174 2067 2179 —
2096 2159 2178 2193 (Reo.
2212 2159 2240 2185 17
2255 2181 2261 2190 ,

1252 2206 1568 2239 f.1561·0;ann.V11,
1585 2215 1611 2234 c.
1628 2208 1697 2234 579:
1716 2223 1747 2226 —
1766 2207 1884 2235 Monam
1904 2208 1979 2235 118³.
1998 2208 2015 2234 f.
2033 2208 2106 2240 348.)

1295 2327 1306 2341 «
1329 2337 1346 2343 ..
1369 2315 1594 2353 archiepiscopo
1613 2315 1795 2351 Senonensi,
1821 2320 1846 2345 et
1870 2338 1888 2344 ..
1911 2317 2044 2354 episcopo
2065 2321 2091 2345 et
2112 2339 2131 2344 ..
2151 2316 2263 2345 decano

1254 2368 1458 2398 Trecensibus.
1481 2368 1565 2399 Cum
1588 2373 1701 2399 contra
1723 2369 1909 2399 Guarinum
1933 2386 1981 2398 —.
2000 2370 2070 2399 Dat.
2095 2369 2261 2404 Laterani,

1250 2420 1282 2450 X
1296 2419 1457 2451 kalendas
1473 2421 1597 2452 martii.
1616 2430 1702 2452 anno
1719 2421 1868 2460 septimo.
1890 2434 1902 2448 n

1283 2553 1304 2577 1.
1321 2555 1370 2578 Ms-
1388 2560 1393 2578 :
1411 2557 1579 2585 presumpte.

1281 2597 1304 2621 Q,
1321 2600 1370 2622 Ms.
1389 2605 1394 2622 ε
1412 2599 1499 2629 cujus.
