2498 3242
162 348 221 378 513

229 431 303 463 824
719 430 843 465 Spolete,
864 432 894 457 ιο
909 430 1005 466 juillet
1026 432 1100 458 ¹232.

195 512 327 547 Capitulo
345 513 484 540 ecclesiae
501 512 671 540 Valentinae
690 513 819 548 indulget
836 516 876 545 ut,
897 522 962 541 eum
984 514 1107 542 ecclesia
1125 522 1171 542 ea-

160 560 226 587 dem
246 561 334 588 tantis
352 564 550 596 praemerctur
565 561 680 594 debitis,
700 562 773 596 quod
791 562 835 589 vix
853 563 1019 590 crederetur
1039 563 1169 590 sufficere

160 609 342 644 voraginibus
358 617 524 644 usurarum,
541 610 730 637 creditoribus
748 610 885 637 eeclesiae
903 611 1057 646 assignatis
1076 611 1168 638 reddi-

158 657 236 684 tibus
251 657 382 692 capituli,
400 658 535 693 compelli
551 658 585 685 ad
602 658 654 685 hoc
671 658 795 693 amplius
811 667 867 686 non
883 660 1004 693 possint,
1020 667 1071 687 nec
1088 668 1168 694 prae-

157 704 225 732 fatis
253 706 442 733 creditoribus
469 714 555 741 super
583 707 687 734 debitis
712 707 789 734 ultra
815 710 922 734 sortem
952 711 979 734 ct
1007 708 1168 735 moderatas

157 761 297 788 expensas
316 757 470 783 teneantur
490 756 611 783 ulterius
630 757 811 791 respondere.
832 770 866 775 —-
883 757 960 792 (REG.
980 758 1021 789 16,
1038 756 1058 783 f.
1076 757 1109 783 20
1127 761 1168 790 r⁰;

157 809 227 830 ann.
242 802 289 836 Vl,
306 810 331 830 c.
346 803 407 837 40.)

201 906 216 922 α
241 894 386 935 Capitale
404 895 525 926 ecclesie
549 896 714 928 Valentine.
734 897 822 936 Erga
839 899 1051 928 Valentinani
1070 898 1170 929 eccle-
1198 932 1199 944 ἵ

158 947 242 978 siam
259 965 308 977 —.
328 948 404 979 Dat.
423 948 561 988 Spoleti,
577 949 624 980 VI
639 949 714 980 idus
725 949 815 989 julii,
835 959 920 981 anno
937 952 1041 981 sexto.
1068 962 1082 978 n

227 1106 300 1139 825
719 1106 842 1141 Spolete,
864 1108 894 1133 ¹2
906 1107 1002 1142 juinet
1022 1108 1097 1134 1232.

193 1187 333 1223 Episcopo
349 1188 542 1216 Maurianensi
563 1191 591 1216 et
607 1189 702 1216 abbati
720 1189 802 1216 Altae
817 1190 942 1217 Cumbae
963 1190 1083 1216 mandat
1104 1198 1171 1224 qua·
1198 1222 1199 1227 ¹

155 1238 240 1264 tenus
257 1244 312 1263 non
330 1237 502 1272 permittant
517 1237 677 1272 capitulum
694 1237 880 1265 Valentinum
899 1246 985 1272 super
1001 1238 1169 1272 praemissis

157 1285 192 1312 ab
211 1284 356 1319 aliquibus
377 1285 537 1312 molestari.
556 1300 591 1305 —-
611 1286 690 1319 (Rae.
712 1287 752 1317 16,
770 1285 788 1312 f.
808 1287 842 1313 20
859 1290 901 1320 r⁰;
917 1294 986 1312 aun.
1005 1287 1050 1316 Vl,
1069 1294 1093 1312 c.
1112 1286 1169 1314 41.)
1198 1296 1199 1302 ’

197 1389 213 1406 c<
238 1400 258 1408 ..
274 1377 414 1416 episcopo
429 1377 638 1407 Maurianensi
655 1383 682 1407 ee
702 1401 722 1407 ..
740 1377 845 1407 abbati,
868 1377 939 1407 Alte
968 1377 1091 1413 Cuinbc,
1118 1377 1169 1407 Ge-

155 1429 310 1460 bennensis
325 1430 460 1460 diocesis.
481 1430 565 1469 Erga
592 1430 806 1461 Valentinam
837 1430 1012 1461 ecclesiam
1027 1449 1075 1460 —.
1092 1430 1167 1461 Dat.

153 1482 292 1523 Spoleti,
308 1483 376 1514 1111
392 1483 470 1513 idus
480 1483 571 1522 julii,
589 1491 676 1514 anno
693 1484 797 1514 sexto.
820 1494 836 1510 »

225 1655 299 1687 82ss

190 1735 292 1762 Abbati
304 1735 400 1762 Sancti
412 1734 554 1762 Benedicti
565 1734 599 1761 de
608 1734 773 1766 Qninciaco,
785 1737 814 1761 et
833 1735 995 1769 praeposito
1011 1737 1038 1762 et
1059 1736 1169 1763 cantori

157 1784 371 1812 Pictavensibus
395 1785 514 1811 mandat
535 1786 676 1818 quatenus
700 1783 730 1810 in
753 1784 875 1810 ecclesia
894 1784 1118 1819 Engolismensi,
1141 1785 1169 1811 in

737 1653 860 1688 Spolete,
877 1654 892 1679 9
905 1653 1001 1689 juillet
1020 1655 1099 1681 1232.

155 1841 212 1869 qua
229 1834 385 1869 vigesimus
405 1834 523 1868 quintus
542 1836 605 1860 erat
623 1833 827 1861 canonicorum
848 1842 987 1860 numerus
1009 1834 1170 1867 institutus,

155 1890 278 1918 quorum
309 1883 354 1909 vix
376 1882 542 1917 quindecim
571 1882 759 1909 residentiam
788 1882 941 1915 faciebant,
971 1883 1038 1917 quia
1059 1885 1170 1915 tamen,

155 1931 386 1958 excrescentibus
409 1931 499 1965 ipsius
523 1931 660 1958 ecclesiae
685 1930 882 1963 facultatibus,
906 1939 1096 1965 personarum
1121 1940 1171 1958 nu-

157 1987 256 2006 merus
275 1982 337 2006 erat
358 1980 516 2014 augendus,
537 1979 574 2006 ad
592 1979 685 2014 ipsam
702 1979 855 2006 ecclesiam
879 1980 1073 2013 personaliter
1089 1987 1169 2006 acee-

155 2027 266 2061 dentes,
279 2028 390 2055 institui
403 2028 510 2055 saciant
522 2030 562 2054 tot
574 2028 649 2055 viros
662 2028 778 2054 idoneos
794 2028 822 2054 in
834 2028 986 2055 canonicos
999 2029 1067 2062 quot
1082 2027 1170 2061 ipsius

157 2076 341 2105 facultatibus
364 2077 482 2104 honeste
505 2079 622 2111 possent
643 2075 812 2104 sustentari.
827 2091 862 2096 —
879 2077 957 2109 (Περ.
982 2078 1023 2108 16,
1041 2076 1062 2103 s.
1080 2077 1114 2102 20
1129 2080 1170 2109 r⁰;

158 2133 227 2153 ann.
245 2125 291 2157 Vl,
308 2133 333 2153 c.
351 2126 411 2159 42.)

202 2226 218 2242 «
243 2238 263 2245 ..
280 2213 382 2243 abbati
405 2214 513 2243 Sancti
539 2213 696 2243 Benedicti
719 2213 755 2243 de
779 2213 956 2250 Quinciaco,
980 2213 1172 2253 ..preposito

159 2273 187 2297 et
210 2290 232 2298 ..
254 2267 372 2296 cantori
398 2266 635 2296 pictavensibus.
662 2267 712 2296 Ex
738 2268 889 2306 suscepte
915 2266 1173 2297 administratio-

160 2321 214 2351 nis
231 2337 279 2349 —.
298 2320 373 2350 Dat⁴
392 2320 530 2359 Spoleti,
550 2320 614 2350 VII
631 2320 705 2349 idus
720 2319 810 2359 Julii,
827 2327 913 2349 anno
931 2320 1034 2349 sexto.
1061 2331 1076 2346 »

229 2480 301 2511 827
742 2477 866 2511 Spofflte,
883 2477 899 2503 9
911 2476 1007 2512 juillet
1025 2479 1104 2511 ¹232.

195 2562 334 2597 Episcopo
354 2561 555 2588 Cameracensi
576 2562 677 2588 notum
700 2560 768 2587 facit
791 2568 821 2587 se
845 2561 976 2595 episcopo
998 2562 1174 2595 Belvacensi,

160 2611 209 2646 qui
225 2619 275 2645 pro
291 2611 432 2637 solutione
449 2610 536 2636 debiti
552 2618 606 2643 quo
625 2609 748 2636 ecclesia
765 2617 816 2636 sua
833 2609 996 2642 tenebatur,
1014 2610 1067 2637 tria
1083 2610 1177 2637 millia

162 2659 302 2686 librarum
321 2658 529 2685 Purisiensium
546 2665 633 2692 usque
649 2658 684 2684 ad
700 2657 922 2691 quadriennium
941 2658 1052 2685 solvere
1069 2666 1176 2685 annua-

162 2707 215 2734 tim
244 2707 375 2739 debebat,
405 2705 580 2740 percipiendi
611 2706 723 2741 integre
752 2714 801 2740 per
833 2706 992 2733 triennium
1019 2710 1175 2741 proventus

161 2756 350 2790 dignitatum,
366 2757 572 2788 personatuum
588 2756 616 2780 et
625 2753 855 2788 praebendarum
869 2762 956 2789 usque
970 2755 1005 2781 ad
1015 2757 1073 2781 tres
1086 2764 1176 2782 anuos

162 2804 329 2831 vacantium
350 2803 476 2830 civitatis
500 2805 528 2828 et
548 2801 686 2829 dioecesis
708 2809 775 2828 suae
795 2803 969 2829 concessisse
994 2803 1176 2837 facultatem,

163 2859 219 2880 non
234 2852 366 2878 obstante
381 2852 490 2877 statuto
507 2850 581 2885 quod
599 2859 612 2875 α
629 2849 785 2877 soraneitas
802 2860 816 2874 »
832 2850 990 2885 vulgariter
1003 2851 1178 2886 appellatur,

163 2900 238 2936 quod
263 2899 393 2926 videlicet
411 2898 570 2933 capitulum
595 2898 774 2925 Belvacensis
799 2898 936 2925 ecclesiae
963 2899 1178 2934 fruetus-prae-

165 2948 274 2976 bendae
289 2947 420 2974 canonici
442 2946 575 2980 percipit,
593 2946 640 2980 qui
654 2946 781 2972 debitam
799 2946 988 2974 residentiam
1006 2956 1060 2974 uon
1079 2947 1180 2975 fecerit

166 2997 195 3024 in
219 2997 332 3027 eadem,
359 2995 399 3022 itu
424 2997 521 3022 tamen
548 2994 623 3029 quod
644 2994 784 3023 ,annualia
808 2997 1025 3023 reservarentur
1050 2997 1179 3024 ecclesiis

297 3032 487 3064 onnoomn
503 3037 552 3067 ix,
565 3039 584 3062 t.
601 3037 626 3062 1.

1020 341 1206 378 simmia
1230 341 1395 379 ANNEE.

2178 357 2237 386 51⁴

1197 433 1200 443 ¹
1231 439 1301 466 quae
1322 433 1383 467 ipsa
1403 433 1547 467 percipere
1567 435 1782 468 consueverint;
1795 436 1819 462 ci
1837 444 1946 470 quoque
1964 437 2080 463 maudut
2096 441 2235 472 quatenus

1231 480 1408 515 praedictum
1423 481 1588 516 episcopum
1602 490 1656 508 non
1674 483 1822 517 permittat
1839 492 1924 518 super
1944 486 2113 519 praemissis
2128 487 2163 512 ab
2183 487 2236 513 ali-

1230 529 1331 563 quibus
1355 529 1514 556 molestari.
1536 545 1567 548 —
1582 530 1662 565 (Rae.
1680 532 1720 563 16,
1734 531 1752 558 t'.
1766 532 1799 557 20
1814 536 1858 566 v03
1879 540 1946 559 ann.
1961 533 2004 565 Vl,
2024 542 2047 560 c.
2062 534 2111 567 43;
2127 550 2160 554 —
2176 535 2236 563 Mo-

1230 585 1298 604 ιιΕΑυ
1314 578 1392 611 1187,
1410 578 1430 605 s.
1449 577 1524 613 271.)

1269 680 1284 696 «
1311 692 1330 700 ..
1350 670 1490 710 episcopo
1510 670 1730 703 Cameracensi.
1747 673 1830 703 Cum
1851 674 2052 705 venerabilis
2068 676 2167 708 frater
2184 695 2232 708 —.

1229 721 1305 751 Dat.
1331 722 1468 761 Spoleti,
1491 723 1554 753 VII
1578 724 1652 754 itlus
1671 724 1760 762 julii,
1785 726 1995 763 pontificatus
2022 730 2123 758 nostri
2149 739 2235 760 anno

1229 775 1333 805 sexto.
1357 786 1372 801 »

1295 920 1369 951 828

1264 989 1409 1016 Universis
1432 989 1561 1017 fidelibus
1585 991 1722 1018 eeclesiae
1743 992 1919 1019 Coloniensis
1943 994 2056 1020 mandat
2084 998 2235 1029 quatenus,

1229 1037 1294 1064 licet
1310 1041 1410 1065 contra
1421 1039 1619 1065 Coloniensem
1631 1040 1878 1075 archiepiscopum
1892 1042 2108 1076 inquisitionem
2123 1044 2237 1070 duxerit

1228 1087 1481 1119 committendam,
1498 1090 1596 1114 tamen
1609 1089 1742 1115 eamdem
1755 1090 1907 1116 ecclesiam
1920 1093 2021 1117 contra
2036 1092 2235 1119 molestatores

1229 1134 1388 1167 defensent,
1400 1136 1509 1162 nullam
1523 1136 1728 1163 alienationem
1741 1145 1836 1164 rerum
1851 1139 1940 1172 ipsius
1953 1139 2012 1165 sieri
2024 1141 2236 1173 permittentes.

1229 1197 1263 1201 —
1279 1183 1358 1217 (Rae.
1377 1185 1419 1216 16,
1434 1183 1454 1210 f.
1472 1185 1506 1210 20
1522 1190 1566 1218 v03
1582 1193 1648 1211 ann.
1669 1185 1712 1217 vl,
1728 1193 1753 1212 c.
1771 1186 1819 1219 423
1836 1202 1868 1206 —
1885 1186 2048 1214 nonsxnmm
2066 1188 2140 1219 472.)

1787 922 1911 956 Sponte,
1929 925 1959 949 12
1972 924 2067 957 ,juillet
2089 927 2162 951 1232.

1271 1275 1284 1288 κ
1309 1262 1468 1292 ΔΥοὸίίίόιιε
1484 1265 1558 1293 viris
1577 1265 1748 1299 baronibus,
1767 1266 1923 1301 militibus,
1945 1267 2058 1296 civibus
2077 1267 2233 1297 Colonien-

1229 1314 1319 1350 sibus,
1349 1316 1596 1345 rninislerialibns
1617 1322 1643 1346 et
1668 1319 1813 1347 wilrersis
1835 1318 1974 1357 fidelibus
1998 1319 2119 1349 ecclc-sle
2146 1320 2234 1350 Colo-

1230 1368 1351 1397 mensis.
1388 1369 1477 1399 Licet
1507 1371 1621 1399 contra
1658 1371 1881 1401 venerabilem
1910 1389 1958 1402 —.
1990 1373 2064 1403 Dat.
2099 1373 2236 1411 Spoleti,

1230 1420 1296 1450 IIII
1311 1420 1386 1450 idus
1399 1421 1488 1460 julii,
1506 1431 1591 1452 anno
1608 1425 1711 1453 sexto.
1736 1435 1751 1451 »

1295 1569 1368 1600 829

1266 1637 1485 1672 Archiepiscopo
1507 1639 1706 1672 Bracharensi,
1723 1641 1770 1674 qni
1787 1649 1878 1675 nuper
1897 1650 1912 1667 a
1934 1641 2002 1668 Sede
2025 1643 2186 1676 Apostolica
2205 1643 2241 1669 ad

1230 1686 1380 1713 eeclesiam
1405 1687 1631 1714 Bracharensem
1653 1696 1795 1723 reversus,
1819 1698 1905 1724 super
1925 1691 2105 1724 promotione
2129 1691 2242 1725 illegiti—

1231 1742 1345 1760 morum
1366 1734 1503 1768 inquisita
1525 1736 1656 1769 veritate,
1679 1736 1824 1763 invenerat
1847 1738 1874 1764 in
1896 1738 1957 1764 sola
1976 1738 2098 1765 dioecesi
2118 1739 2242 1765 llraclia-

1230 1783 1307 1809 rensi
1328 1782 1408 1809 mille
1429 1784 1624 1819 septingentos
1645 1786 1835 1820 quadraginta
1851 1794 1901 1812 sex
1922 1786 2100 1821 illegitimos,
2119 1795 2240 1822 quorum

1230 1831 1346 1865 quidam
1366 1833 1540 1866 sacerdotes,
1557 1833 1673 1867 quidam
1690 1834 1813 1867 diaconi,
1835 1835 1964 1862 nonnulli
1982 1844 2046 1862 vero
2065 1836 2240 1869 subdiaconi,

1230 1888 1262 1907 ac
1278 1880 1327 1906 alii
1344 1880 1372 1907 in
1394 1880 1553 1908 minoribus
1566 1884 1652 1908 erant
1671 1883 1818 1909 ordinibus
1836 1883 1995 1915 constituti,
2018 1884 2197 1917 praelaturas
2214 1886 2239 1909 et

1231 1928 1367 1955 beneficia
1383 1929 1410 1955 in
1424 1930 1552 1956 ecclesiis
1566 1931 1740 1964 obtinentes,
1756 1932 1888 1965 quamvis
1906 1940 2005 1959 omnes
2022 1933 2091 1959 tales
2108 1932 2240 1967 suspensi

1790 1571 1916 1605 Spolete,
1935 1573 1964 1598 13
1978 1572 2074 1607 juillet
2094 1574 2169 1603 1232,

1230 1976 1352 2003 fuissent
1373 1977 1407 2003 ab
1431 1977 1532 2004 officiis
1559 1981 1583 2004 et
1611 1979 1755 2006 beneficiis
1779 1988 1828 2014 per
1851 1980 2039 2007 sabinensem
2065 1981 2240 2014 episcopum,

1231 2033 1296 2051 cum
1323 2025 1350 2051 in
1379 2025 1435 2051 illis
1464 2026 1593 2060 partibus
1619 2027 1769 2061 legationis
1795 2027 1888 2054 ostis-io
1916 2028 2093 2063 fungeretur,
2122 2028 2240 2054 mandat

1231 2075 1372 2107 quatenus
1398 2081 1464 2100 cum
1490 2075 1661 2108 supradietis
1687 2076 1821 2102 omnibus
1848 2084 1935 2110 snper
1959 2076 2070 2102 defectu
2101 2076 2241 2102 natalium

1232 2120 1387 2155 dispenset.
1405 2137 1440 2141 —
1455 2122 1532 2156 (Rea.
1554 2124 1594 2155 16,
1610 2123 1629 2149 s.
1646 2124 1679 2150 20
1696 2128 1739 2157 v⁰;
1755 2132 1822 2150 ann.
1842 2124 1886 2156 vt,
1903 2132 1927 2150 c.
1946 2125 2002 2152 45.)

1275 2211 1288 2226 «
1314 2223 1334 2230 ..
1354 2199 1577 2240 archiepiscopo
1602 2201 1816 2232 Bracharensi.
1847 2202 1938 2233 Sicut
1966 2211 2007 2232 ex
2038 2203 2167 2232 tuarum
2193 2220 2242 2232 —.

1232 2252 1308 2282 Dat.
1329 2253 1464 2291 SpoletI‚
1484 2254 1532 2284 ΙΙΙ
1551 2254 1625 2284 idus
1638 2254 1725 2292 julii,
1743 2264 1829 2285 aimo
1847 2257 1952 2285 sexto.
1978 2268 1992 2281 n

1301 2397 1376 2428 830
1397 2397 1401 2400 ’

1272 2471 1491 2505 Archiepiscopo
1517 2471 1719 2505 Strigoniensi,
1743 2471 1770 2497 in
1797 2472 1937 2499 Cumania
1966 2473 2143 2507 Apostolicae
2167 2474 2246 2501 Sedis

1236 2519 1340 2554 legato,
1356 2519 1475 2546 mandat
1490 2522 1632 2553 quatenus
1647 2519 1723 2546 circa
1735 2521 2044 2548 excommunicationis
2058 2524 2086 2548 et
2101 2522 2247 2549 interdicti

1236 2568 1396 2594 sententias
1420 2576 1489 2602 quas
1518 2568 1545 2594 in
1577 2562 1739 2595 familiares
1766 2568 1927 2603 liuuguriac
1967 2570 2041 2604 regis
2070 2573 2096 2595 ct
2125 2579 2245 2605 reguum

1832 2397 1916 2429 ltieti,
1931 2398 1964 2423 22
1979 2397 2075 2432 juillet
2096 2401 2172 2427 ¹232.

1204 2634 1205 2642 1
1238 2616 1325 2650 ipsius
1347 2616 1423 2642 idem
1441 2616 1676 2651 archiepiscopus
1693 2616 1802 2649 tulerit,
1821 2618 2004 2650 postmodum
2021 2620 2118 2644 nutem
2135 2619 2170 2644 ad
2186 2627 2246 2646 cer--

1237 2667 1298 2691 tum
1320 2667 1434 2699 tempus
1452 2665 1637 2695 revocaverit,
1653 2664 1846 2698 supersedeat,
1863 2673 1928 2690 cnm
1946 2665 2004 2699 ips·¹
2023 2674 2092 2700 papa
2110 2667 2175 2692 velit
2195 2666 2246 2693 lior

1238 2713 1384 2747 negotium
1403 2720 1451 2747 per
1469 2712 1671 2739 Penestrinum
1692 2712 1829 2744 electum,
1853 2712 1889 2738 ad
1913 2716 2006 2746 partes
2030 2714 2188 2747 llungariuc
2208 2715 2246 2740 le—

1206 2777 1207 2784 1
1239 2762 1350 2795 gatum,
1371 2761 1535 2787 terminari.
1556 2775 1589 2779 —
1607 2760 1687 2794 (nm.
1719 2762 1759 2792 16,
1785 2760 1803 2786 s.
1830 2762 1858 2786 21
1889 2763 1932 2793 r⁰3
1953 2769 2021 2787 ann.
2041 2762 2085 2794 vt,
2103 2770 2126 2787 c.
2146 2764 2192 2790 413:
2215 2778 2248 2782 —

1240 2809 1356 2836 Monetae
1375 2810 1452 2842 1187,
1470 2809 1490 2837 f.
1509 2810 1573 2835 277:
1597 2823 1629 2827 —-
1647 2809 1792 2836 Porrimsr
1809 2809 1901 2844 8973.)

1280 2900 1295 2915 a
1321 2911 1341 2919 ..
1361 2887 1586 2927 archiepiscopo
1605 2886 1820 2925 fflriqmiensi,
1847 2887 1875 2915 in
1902 2886 2050 2916 Cumania
2073 2887 2247 2927 Apostolico‘

1239 2939 1328 2970 Sedis
1357 2940 1467 2979 leqaco.
1504 2940 1586 2971 Cum
1620 2940 1777 2970 dilectum
1810 2939 1915 2969 filium
1944 2957 1993 2970 --.
2028 2940 2101 2970 Dat⁴
2135 2940 2246 2975 Reate,

1241 2993 1290 3024 XI
1305 2993 1467 3024 kalendas
1481 2992 1624 3031 augusti,
1641 3000 1727 3023 anno
1746 2993 1849 3023 sexto.
1875 3003 1889 3020 ιι

2108 3042 2142 3068 33
