2498 3242
212 279 286 310 1213
1065 271 1281 311 HUITIEME
1303 273 1464 310 ANNEE.
2246 288 2321 318 1214

209 350 262 376 tus
293 355 387 381 vero,
417 346 579 385 requisito
610 347 770 377 canonico
800 347 947 386 predicto
975 351 1005 377 et
1035 346 1159 376 monito
1189 349 1252 386 ut?

209 399 402 430 ascenderet
419 399 458 429 ad
471 409 582 429 sacros
594 400 739 435 ordines,
755 405 848 439 prout
866 410 945 430 cura
963 400 1069 438 ipsius
1085 398 1224 428 ecclesie

207 451 417 491 requirebat,
436 462 511 482 cmn
528 453 569 482 ad
593 453 653 483 hoc
671 453 784 483 induci
803 453 1008 492 nequiverit,
1030 453 1138 492 ipsum
1155 453 1224 492 pri-

208 505 297 536 vavit
315 505 428 535 eadem
449 505 600 540 eeclesia,
619 511 648 536 et
667 515 738 537 eam
753 507 791 535 de
810 516 893 536 novo
910 507 1068 543 magistro
1085 506 1226 535 contulit

210 559 415 598 supradicto:
429 568 527 598 quein
542 559 581 590 de
596 559 651 590 illa
669 560 885 598 corporaliter
899 560 1128 590 investientes.
1147 568 1225 588 auc-

209 613 342 643 toritate
360 613 466 651 ipsius
484 613 594 651 legati,
612 614 815 643 venerabilis
833 615 935 643 frater
948 618 1059 643 noster
1074 637 1094 642 ..
1109 614 1226 643 Lemo-

209 666 356 696 vicensis
374 666 548 704 episcopus
565 667 704 705 ejusque
718 666 842 703 colleg-*a
859 667 890 696 in
909 667 1032 696 dictum
1045 666 1224 696 Geraldum

211 719 249 749 de
266 719 330 748 Bre
348 722 376 749 et
396 719 502 757 ipsius
520 719 708 757 complices,
724 729 781 758 pro
798 719 934 759 eoquod
953 729 986 749 se
1004 724 1153 758 proterve
1168 729 1225 758 op—

210 771 403 811 poneba[n]t
418 772 536 806 eidem,
553 777 583 802 et
598 773 630 801 in
647 772 853 802 celebrantes
867 777 897 802 ct
915 772 1088 802 audientes
1103 772 1136 802 in
1153 772 1225 811 ipsa

212 829 243 855 et
259 825 387 864 capella
410 825 576 863 ejusdem,
597 826 669 854 sine
691 825 824 855 licentia
845 826 963 864 prefati
983 826 1150 863 magistri.
1175 825 1225 854 di-

210 878 299 907 vina.
314 878 680 909 excommunicationis.
694 879 751 916 [et]
767 879 798 907 in
813 878 932 908 dictam
946 878 1121 908 ecclesiam
1133 882 1161 907 et
1175 887 1225 908 ca-

209 931 331 970 pellam
348 931 518 961 interdicti
531 931 716 961 sententias
731 931 994 970 promulgarunt.
1014 933 1099 961 Sane
1117 932 1224 961 dictus

209 983 404 1014 canonicus.
417 983 604 1013 insistendo
618 984 751 1022 injurie.
761 984 848 1023 juris
861 985 1020 1021 sull'ragio
1031 984 1223 1019 destitutus,

207 1036 326 1066 frivole
351 1036 585 1075 appellationis
611 1041 777 1075 pretextu,
804 1046 903 1076 quain
929 1047 963 1066 se
990 1037 1159 1067 asserebat
1184 1038 1223 1067 ad

207 1090 326 1121 Sedem
345 1089 567 1127 Apostolicam
586 1089 750 1124 emisisse,
770 1089 951 1128 capellanis
971 1090 1122 1127 magistri
1140 1091 1223 1130 ejus-

207 1143 282 1173 dcm
302 1143 380 1172 inde
398 1142 560 1172 violenter
577 1143 708 1181 ejectis.
730 1152 788 1181 per
805 1143 1093 1179 conducticiones,
1114 1154 1224 1173 saeer-

206 1196 298 1226 dotes
316 1195 448 1225 vinculo
461 1196 815 1225 excommunicationis
828 1197 993 1228 astrictos,
1009 1198 1084 1226 facit
1099 1197 1222 1227 ibidem

205 1249 318 1279 divina
336 1248 498 1279 celebrari
515 1248 621 1278 officia
639 1248 691 1278 vel
708 1249 819 1278 verius
837 1249 1049 1288 prophanari.
1068 1251 1223 1281 preterea

205 1302 349 1332 diversis
363 1301 546 1339 rescriptis,
564 1310 630 1331 uno
644 1301 797 1331 videlicet
811 1302 850 1331 ad
862 1302 1045 1332 ..abbatem
1058 1307 1088 1333 et
1105 1327 1124 1332 ..
1138 1304 1223 1341 prio-

205 1364 274 1386 rem
286 1354 408 1385 Riomi.
420 1358 450 1384 et
463 1353 529 1383 alio
541 1354 580 1383 ad
593 1354 827 1392 ..prepositum
841 1355 1072 1385 Brivatensem
1085 1357 1223 1395 ejusque

205 1407 360 1445 collegas,
379 1406 667 1437 claromontensis
686 1407 840 1441 diocesis.
860 1412 888 1437 et
909 1408 1005 1437 tertio
1021 1408 1054 1437 in
1072 1418 1136 1447 quo
1154 1413 1223 1438 erat

205 1459 355 1490 clausula
373 1459 431 1489 illa
448 1460 575 1497 quidam
591 1461 661 1494 alii,
678 1468 736 1498 per
753 1469 852 1498 quam
869 1460 956 1490 idem
975 1465 1098 1491 tractus
1116 1461 1224 1491 extitit

206 1513 247 1544 ad
261 1514 312 1552 [..]
326 1512 478 1543 abbatem
496 1517 527 1542 et
544 1513 594 1550 [..]
612 1512 757 1551 priorem
774 1513 889 1543 Fontis
905 1514 1111 1549 Gumbaudi,
1128 1514 1224 1544 Bitu-

205 1566 349 1597 ricensis
365 1565 520 1598 diocesis.
537 1574 555 1595 a
571 1565 655 1595 Sede
670 1565 860 1604 Apostolica
877 1566 1075 1604 impetratis.
1091 1576 1127 1596 ac
1144 1576 1225 1604 pen—

205 1619 305 1650 dente
321 1619 374 1649 die
391 1627 502 1648 coram
519 1642 536 1647 ..
555 1618 673 1649 abbate
691 1623 721 1648 et
738 1620 788 1657 [..]
803 1619 912 1657 priore
928 1619 1039 1649 Riomi
1057 1620 1095 1649 ad
1114 1620 1225 1650 seren—

207 1672 282 1702 dam
298 1671 602 1707 interlocutoriam,
621 1680 662 1701 an
683 1671 771 1701 idem
792 1672 982 1710 Stephanus
998 1673 1226 1703 restituendus

207 1730 295 1757 esset
311 1725 352 1755 ad
369 1725 544 1755 ecclesiam
565 1724 781 1760 antedictam,
800 1734 817 1755 a
837 1725 982 1755 residuis
996 1726 1167 1765 judicibus
1185 1727 1226 1757 ad

207 1779 339 1809 diversa
353 1778 425 1808 loca
442 1778 530 1808 inter
546 1787 580 1808 se
597 1787 661 1808 non
676 1778 840 1808 modicum
858 1778 1018 1808 distantia
1037 1779 1132 1809 citari
1146 1780 1225 1810 fecit

207 1831 362 1862 eundem.
383 1831 546 1870 Cumque,
567 1831 719 1869 partibus
744 1831 1013 1870 comparentibus
1039 1832 1078 1862 ad
1101 1833 1222 1862 dictam

205 1884 493 1915 interlocutoriam
518 1884 734 1919 audiendam,
754 1884 815 1914 sub
832 1894 888 1923 spe
914 1885 1005 1923 pacis
1030 1886 1224 1916 convenerit

205 1937 430 1969 amicabiliter
447 1937 534 1967 inter
551 1947 618 1973 eas,
638 1938 725 1977 qnod
736 1947 842 1977 usque
857 1938 897 1968 ad
913 1943 1039 1969 certum
1056 1944 1185 1978 ternpus
1205 1949 1221 1969 a

205 2001 305 2022 cause
325 1991 557 2030 prosecutione
574 1995 743 2021 cessarent
763 2001 768 2020 :
787 1991 920 2021 demum
937 1992 1024 2022 infra
1043 1993 1224 2022 terminum

205 2045 315 2084 ipsum
333 2053 351 2073 a
369 2043 662 2083 Brivaten[sibus].
681 2043 722 2073 ad
738 2044 933 2073 instantiam
953 2045 1057 2083 partis
1073 2045 1222 2075 adverse.

205 2097 247 2127 ad
263 2101 389 2127 certum
409 2097 497 2127 diem
515 2096 705 2135 Stephanus
726 2096 796 2135 ipse
820 2097 966 2127 secundo
988 2097 1125 2132 citatus,
1146 2098 1224 2128 licet

206 2160 320 2182 eorum
348 2150 462 2180 citatio
490 2149 530 2179 acl
561 2158 636 2179 eum
668 2158 733 2179 non
758 2150 964 2188 pervenerit,
992 2160 1067 2180 cum
1091 2151 1157 2181 sibi
1184 2151 1223 2182 de

206 2203 323 2234 fraude
347 2203 539 2242 hujusmodi
564 2212 628 2233 non
653 2207 799 2238 caveret,
819 2203 904 2233 diem
923 2204 1030 2242 ipsum
1051 2214 1130 2234 casu
1148 2214 1224 2244 pre-

206 2258 358 2292 veniens,
388 2257 581 2295 excipiendo
611 2257 781 2295 proposuit
807 2266 916 2287 coram
942 2257 1070 2288 duobus
1096 2267 1221 2295 eorum,

207 2311 306 2341 tertio
329 2309 466 2340 absente
492 2309 635 2347 collega,
661 2310 746 2348 quod
771 2319 835 2339 non
862 2310 1000 2341 debebat
1027 2320 1084 2350 per
1111 2311 1223 2341 dolum

208 2363 392 2394 adversarii
408 2363 458 2393 vel
472 2372 529 2402 per
544 2363 687 2393 directas
699 2363 737 2393 ad
755 2372 810 2394 eos
824 2363 964 2399 litteras,
982 2374 1046 2394 non
1061 2365 1223 2396 facientes

208 2417 411 2448 mentionem
431 2416 469 2445 de
487 2415 638 2455 reliquis.
657 2420 768 2455 utpote
786 2417 978 2455 impetratas
994 2427 1094 2456 super
1110 2418 1225 2449 eodem

208 2471 359 2509 negosso,
377 2470 465 2499 infra
482 2469 583 2500 unius
604 2470 728 2499 mensis
751 2470 894 2509 spatium
912 2471 1058 2509 fatigari.
1083 2472 1136 2502 Set
1155 2472 1222 2509 illi,

209 2523 401 2562 exceptione
418 2523 609 2562 hujusmodi
625 2532 690 2553 non
705 2523 861 2559 admissa,
881 2529 950 2562 post
969 2524 1225 2563 appellationem

209 2578 250 2608 ab
267 2577 338 2616 ipso
357 2576 606 2615 interpositam.
625 2576 658 2606 in
681 2577 823 2607 eundem
845 2577 1057 2615 magistrum.
1078 2579 1113 2608 P.
1132 2588 1224 2618 pres-

207 2630 353 2661 biterum
377 2634 407 2660 et
430 2629 513 2659 alios
535 2629 607 2668 ejus
634 2630 799 2664 fautores,
824 2634 859 2659 ut
882 2630 1015 2661 dicitur.
1041 2631 1223 2668 interdicti,

208 2682 566 2714 excommunicationis
580 2686 609 2712 et
628 2682 860 2721 suspensionis
877 2683 1061 2713 sententias
1078 2685 1226 2722 promul-

213 2741 350 2775 garunt,
375 2740 406 2767 et
428 2736 569 2766 irritatis
589 2736 745 2766 omnibus
766 2745 829 2775 que
849 2736 934 2766 facta
958 2737 1088 2767 fuerant
1113 2743 1227 2769 aucto-

209 2789 309 2819 ritate
332 2789 472 2828 predicti
495 2788 614 2827 legati,
638 2788 696 2818 lite
718 2797 782 2819 non
805 2793 988 2820 contestata
1008 2790 1145 2830 ipsoque.
1168 2792 1226 2822 ab-

211 2846 323 2877 sente,
354 2841 587 2881 adjudicarunt
624 2841 799 2872 ecclesiam
836 2842 996 2873 canonico
1031 2849 1224 2875 memorato.

209 2895 367 2927 Ceterum
390 2894 579 2933 sepedictus
604 2894 764 2930 clericus,
791 2894 831 2924 ad
856 2895 1079 2934 Apostolicam
1107 2897 1226 2927 Sodem

211 2948 374 2979 accedens
400 2952 431 2979 et
460 2956 586 2978 moram
609 2947 655 2977 ibi
679 2947 876 2986 protrahens
901 2948 1101 2986 longiorem,
1130 2950 1226 2981 nobis

1307 345 1689 387 humilitersupplicavit
1707 355 1739 380 ut
1758 360 1940 389 congruum
1958 361 2057 390 super
2074 353 2139 382 hiis
2159 354 2318 385 adhibere

1307 400 1490 430 remedium
1508 401 1734 439 dignaremur.
1752 404 1834 433 Cum
1851 404 1953 440 igitur
1969 415 2026 443 per
2042 406 2198 436 dilectum
2213 407 2318 437 filiun·

1308 452 1443 482 fratrem
1464 455 1516 487 R„
1537 455 1810 493 penitentem-ium
1827 462 1988 490 nostrum,
2007 458 2101 489 abeo
2118 460 2156 488 de
2174 461 2319 498 parendo

1307 506 1474 535 mandatis
1495 508 1617 537 nostris
1639 518 1739 547 super
1761 508 1827 537 hiis
1847 519 1905 547 pro
1928 511 2049 549 quibus
2068 512 2265 543 interdictus
2289 518 2316 543 et

1308 559 1613 589 excommunicatus
1636 561 1770 596 (licitur,
1793 562 1954 600 juratoria
1982 565 2117 601 prestita
2149 566 2318 596 cantione.

1309 611 1416 649 ipsum
1442 622 1457 641 a
1482 613 1659 643 sententiis
1683 613 1743 643 hae
1766 615 1938 644 occasione
1961 616 2096 654 prolatis
2114 618 2146 646 in
2169 628 2243 647 euin
2262 619 2319 648 ab-

1309 663 1391 693 solvi
1422 665 1600 695 fecerimus
1631 667 1670 695 ad
1697 667 1876 698 cautelam.
1904 668 2097 698 discretioni
2126 675 2231 701 vestre
2262 681 2320 710 per

1309 717 1486 754 apostolica
1505 719 1625 757 scripta
1645 720 1840 749 mandamus
1857 721 2027 759 quatinus,
2046 723 2206 752 facientes
2226 724 2318 753 vobis

1308 770 1484 800 universas
1505 770 1633 800 litteras
1655 772 1852 810 apostolicas
1876 778 1904 803 et
1930 783 2103 812 processus
2127 785 2226 813 snper
2245 786 2320 814 pre-

1308 823 1421 851 missis
1434 823 1564 853 habitos
1577 824 1738 855 exhiberi.
1753 826 1860 855 audiat
1870 827 1896 855 is
1909 827 2033 865 absque
2046 837 2135 856 mors·
2147 828 2321 866 dispendio

1308 885 1371 914 que
1397 881 1506 914 partes
1532 877 1609 907 hinc
1634 878 1709 907 inde
1737 879 1891 908 duxerint
1917 881 2138 918 proponenda.
2161 886 2202 912 et.
2228 883 2255 912 si
2281 883 2319 911 de

1308 929 1451 966 partium
1477 929 1646 959 voluntats¹
1673 932 1888 969 processerit,
1911 942 2044 962 cansam
2070 934 2133 963 fine
2160 935 2320 965 canonico

1307 982 1506 1012 terminetis.
1530 983 1691 1013 facientes
1713 988 1773 1013 etc.
1793 985 1950 1024 Alioquin
1974 996 2044 1015 eam
2069 987 2107 1016 ad
2125 997 2184 1016 nos
2206 989 2320 1018 remit-

1308 1034 1384 1064 tetis
1407 1035 1613 1065 sufficienter
1634 1036 1847 1068 instructam.
1867 1040 2065 1076 preth-‘entes
2085 1041 2235 1078 partibus
2254 1046 2320 1071 ter-

1306 1088 1434 1117 minum
1453 1093 1705 1127 competentem,
1724 1099 1788 1129 quo
1807 1100 1865 1129 per
1882 1100 1916 1120 se
1935 1092 1984 1120 vel
2003 1098 2230 1130 procuratores
2248 1094 2319 1124 ido-

1640 1152 1645 1171 :
1671 1148 1851 1181 recepturo.
1871 1145 1985 1174 Testes
2008 1150 2067 1175 ete.
2092 1147 2185 1183 Quod
2208 1147 2318 1178 sinon

1306 1204 1421 1224 omnes
1438 1199 1499 1224 etc.
1517 1212 1565 1224 —.
1590 1196 1664 1225 Dat.
1687 1197 1836 1233 Perusii,
1855 1198 1920 1228 XII
1941 1198 2098 1228 kalendas
2117 1201 2316 1230 novembris.

1306 1248 1517 1285 pontificatus
1536 1249 1639 1278 nostri
1657 1258 1743 1279 anno
1760 1255 1884 1280 octavo.
1906 1264 1917 1277 n

1308 1150 1386 1170 neos
1408 1146 1481 1177 etc„
1508 1151 1614 1181 usque

1377 1420 1499 1448 2295
1823 1421 1963 1455 l’erousffi
1981 1424 2013 1450 *271
2032 1426 2150 1451 octobre
2171 1426 2245 1452 5234.

1343 1481 1517 1508 Abbatissac
1534 1487 1561 1508 et
1578 1483 1752 1510 monialibus
1768 1484 1865 1510 Sancti
1883 1485 2057 1520 Sebastiam,
2075 1487 2220 1514 Alatrinae
2236 1488 2318 1515 dloe·

1307 1531 1395 1562 cesis,
1408 1532 1789 1559 confirmatconcessionem
1803 1533 1970 1567 eissactam‚
1983 1542 2058 1560 anno
2074 1535 2147 1566 1233,
2161 1539 2320 1572 menseJu-

1309 1580 1365 1612 nio,
1382 1589 1397 1605 a
1420 1579 1569 1614 [Johanne]
1594 1581 1732 1616 episcopo
1755 1586 1783 1607 et
1805 1591 1820 1607 a
1841 1583 1966 1616 capitulo
1989 1583 2138 1616 Aluti-inis,
2160 1585 2193 1611 ad
2216 1595 2318 1620 preces

1308 1628 1482 1663 S[tephani1,
1501 1629 1574 1656 tituli
1591 1629 1715 1656 Sanctae
1732 1630 1837 1657 Mariae
1853 1630 2058 1658 'I'ranstiberim
2079 1634 2239 1668 presbyteri
2255 1644 2320 1662 cnr-

1307 1676 1424 1709 dinalis,
1444 1678 1479 1704 de
1495 1678 1620 1704 ecclesia
1637 1678 1734 1705 Sancti
1752 1678 1902 1706 Benedicti
1924 1680 1958 1706 ‹le
1978 1680 2073 1715 [angis
2089 1690 2154 1708 cum
2173 1683 2320 1717 pertinen-

1307 1726 1356 1753 tiis
1370 1726 1447 1757 suis;
1466 1726 1575 1753 inserto
1592 1727 1646 1753 sub
1663 1735 1715 1754 sua
1732 1728 1807 1754 bulla
1825 1731 1925 1754 tenore
1942 1729 2104 1764 praedictae
2119 1732 2319 1759 concessionis

1307 1775 1475 1801 eorumdem
1489 1775 1618 1810 episcopi
1631 1779 1658 1802 et
1669 1776 1796 1810 capituli.
1809 1792 1841 1796 —
1853 1776 1936 1809 (Rae.
1952 1778 1993 1806 17„
2008 1778 2024 1804 f.
2037 1778 2089 1806 ‘230
2102 1785 2143 1806 t·⁰:
2157 1788 2223 1807 ann.
2240 1780 2318 1811 VIII,

1306 1831 1332 1850 c.
1350 1823 1415 1855 34&
1433 1839 1465 1843 -
1483 1823 1632 1852 ΡοτἹΗΛετ
1647 1825 1739 1857 9751.)

1349 1937 1362 1951 «
1381 1948 1400 1953 ..
1415 1926 1562 1955 abbatisse
1575 1931 1601 1955 et
1614 1928 1802 1956 monialibus
1820 1929 1999 1958 monasterii
2013 1930 2121 1959 Sancti
2133 1931 2317 1966 Sebastiani,

1306 1979 1448 2008 Alatrine
1471 1979 1607 2009 diocesis.
1631 1979 1721 2010 Solet
1743 1989 1891 2009 annuere
1915 1986 1976 2011 etc.
1999 1999 2048 2010 —.
2074 1983 2147 2012 Dat.
2173 1984 2317 2020 Perusii,

1306 2031 1387 2061 VIII
1404 2031 1564 2061 kalendas
1584 2032 1788 2067 novembris,
1811 2033 2022 2071 pontiticatus
2039 2035 2143 2065 nostri
2163 2045 2250 2066 anno
2265 2046 2321 2067 oc·

1307 2088 1390 2114 lavo.
1415 2097 1428 2111 ³>

1377 2257 1495 2286 229ss

1342 2319 1482 2353 Magistro
1498 2319 1639 2352 Johanni,
1656 2321 1796 2347 canonico
1811 2320 1963 2353 Toletano,
1983 2321 2112 2355 indulget
2130 2327 2174 2355 ut,
2194 2332 2249 2350 non
2267 2324 2320 2350 ob-

1307 2372 1402 2394 stante
1421 2368 1543 2395 ecclcsia
1564 2377 1649 2404 quam
1667 2374 1735 2396 tunc
1751 2369 1914 2402 obtinebat,
1931 2371 2139 2405 quinquaginta
2157 2372 2244 2399 libras
2258 2372 2322 2400 Tu—

1307 2417 1442 2443 ronensis
1464 2421 1595 2444 monetae
1614 2418 1762 2445 annuatim
1784 2419 1896 2445 valente
1921 2423 1949 2446 et
1969 2428 2066 2446 curam
2090 2421 2250 2448 animarum
2268 2422 2319 2448 ba-

1307 2465 1403 2499 bente,
1421 2470 1606 2501 personatum
1624 2466 1667 2493 vel
1685 2467 1767 2493 aliam
1783 2467 1949 2500 ecclesiam,
1966 2470 1990 2496 si
2007 2469 2032 2495 ei
2051 2471 2188 2497 canonice
2203 2471 2321 2498 conser-

1307 2517 1396 2546 retur,
1415 2514 1545 2549 recipere
1562 2515 1664 2541 valeat.
1680 2515 1809 2550 -(Rso.
1824 2517 1864 2545 17,
1878 2516 1896 2544 f.
1909 2517 1960 2544 239
1973 2525 2015 2545 vo:
2029 2527 2095 2545 ann.
2112 2518 2190 2550 vin,
2203 2527 2228 2545 c.
2245 2519 2319 2551 349.)

1790 2258 1927 2291 Permise,
1948 2260 1984 2285 lt·r
1999 2259 2152 2286 decembre
2170 2261 2244 2289 1234.

1349 2628 1362 2642 «
1378 2617 1523 2654 Mayislro
1537 2617 1684 2653 Jolmnni,
1703 2619 1852 2648 canonico
1870 2619 2019 2648 Toletano.
2039 2620 2102 2649 Eos
2118 2620 2175 2658 qui
2191 2619 2320 2651 littera-

1307 2677 1381 2698 rum
1397 2686 1446 2698 —-.
1465 2669 1539 2699 Dat.
1558 2670 1702 2706 Perusii,
1721 2670 1873 2701 kalendis
1889 2671 2086 2707 decembris,
2106 2673 2319 2711 pontificatus

1308 2721 1413 2752 nostri
1430 2730 1517 2752 anno
1534 2726 1660 2753 octavo.
1677 2734 1691 2750 ι»

1381 2893 1498 2922 229¹?

1345 2954 1548 2991 Areliiesisco¹
1561 2964 1577 2983 ο
1592 2956 1730 2984 Toletano
1745 2958 1878 2984 concedit
1897 2962 1927 2984 ut
1941 2959 2048 2993 quibus
2056 2958 2115 2986 lam
2131 2959 2212 2988 laicis
2226 2961 2322 2997 ipsius

1790 2894 1926 2928 I‘erouse,
1948 2897 1984 2923 l·¹·
1999 2896 2152 2924 decembre
2171 2898 2248 2927 1234.
