2498 3242
236 237 295 266 289

238 331 253 346 υ
275 318 441 350 tenebitur
452 325 550 348 suum
558 316 702 355 prestare
712 323 923 349 consensum,
934 315 963 345 si
971 315 1040 354 ipse
1049 314 1149 344 vellet
1158 314 1249 352 ipsos

239 383 254 400 »
278 370 452 402 redimere.
479 370 517 400 In
535 368 600 399 hiis
627 368 716 398 enim
743 368 813 407 ipse
845 368 1022 407 episcopus
1052 367 1247 406 prefer-etur.

239 437 254 452 »
278 422 372 455 Hanc
388 424 498 453 autem
514 421 756 452 ordinationem
772 422 883 459 partes
899 421 1002 450 ratam
1019 419 1207 449 habuerunt
1218 419 1249 448 et

238 488 254 503 n
276 483 433 514 expresso
455 475 695 504 consenserunt
714 473 747 503 in
766 473 882 511 ipsam.
902 473 971 502 Nos
990 481 1078 508 vero,
1101 472 1248 502 volentes

240 541 254 555 »
279 527 384 567 ipsius
407 526 626 558 ordinationis
652 526 799 556 notitiam
825 526 865 555 ad
887 526 1036 564 posteros
1062 524 1248 563 pervenire,

240 594 254 608 ι)
278 582 313 611 ut
330 580 451 610 futuris
473 579 678 618 temporibus
702 578 939 608 inviolabiliter
955 578 1160 611 observetur,
1178 584 1249 616 pre-

240 646 254 660 »
278 634 403 663 sentem
436 632 591 670 paginam
625 631 745 661 exinde
782 630 963 661 confectam
995 629 1105 667 sigillo
1139 631 1250 659 nostro

240 698 254 713 n
278 685 436 715 duximus
459 685 690 715 roborandam.
708 684 827 714 Actum
847 683 977 717 Meldis,
1001 691 1087 713 anno
1114 682 1250 712 Domini

240 751 254 766 n
279 737 481 773 MCCXXV,
509 745 621 767 mense
652 736 860 771 novembris,
899 735 1109 774 pontificatus
1136 735 1249 766 domni

242 806 254 819 υ
279 791 420 822 Honorii
438 799 521 830 pape
540 790 589 821 111
606 798 692 820 anno
708 789 849 820 decimo.
863 802 876 815 υ

308 952 382 984 448
840 949 956 982 Latrau,
979 951 1004 975 Η
1025 948 1084 976 mai
1102 949 1177 975 1230.

283 1034 466 1061 Abbatissam
482 1036 511 1060 et
527 1033 668 1060 moniales
686 1033 853 1060 monasterii
870 1034 991 1060 Sanc-tae
999 1033 1104 1060 Mariae
1112 1033 1147 1059 de
1165 1034 1251 1060 Ponte

245 1082 382 1110 Presaiol.
402 1082 511 1110 nassae
527 1081 681 1109 Traburiae
704 1082 756 1108 sub
774 1082 846 1108 beati
874 1081 948 1108 l’etri
965 1083 993 1108 et
1009 1089 1059 1108 sua
1076 1081 1251 1115 protectione

241 1130 374 1166 suscipit,
400 1132 429 1157 et
453 1138 553 1156 earum
572 1130 766 1163 possessiones
789 1131 816 1155 et
837 1129 989 1163 privilegia
1014 1129 1178 1162 contii-mul,
1196 1137 1252 1156 uua

243 1179 315 1206 libra
340 1186 422 1206 cerae
442 1179 538 1204 curiae
561 1177 732 1212 apostolieae
747 1179 861 1212 propter
882 1177 934 1204 hoe
964 1178 1114 1204 annuatim
1141 1178 1252 1212 persol-

242 1227 342 1254 venda.
359 1242 394 1246 —-
411 1227 493 1261 (ltizc.
512 1227 551 1258 ¹5,
569 1225 589 1252 s.
607 1225 640 1252 11
658 1230 710 1259 v⁰;
727 1233 795 1253 ann.
813 1225 858 1258 lv,
876 1233 899 1252 c.
921 1227 1018 1258 17;—
1036 1226 1155 1253 Monam
1176 1227 1251 1259 1186,

243 1274 262 1302 t.
283 1275 342 1306 25.)

282 1378 295 1393 «
311 1391 329 1396 ..
347 1366 494 1396 abbatisse
507 1366 681 1395 monaslerie'
698 1364 812 1395 Sancte
825 1365 923 1394 Μαι-ἑο
941 1365 976 1394 de
991 1365 1088 1395 Ponte
1104 1366 1251 1397 l’resaiol.

244 1420 341 1450 Masso
358 1419 513 1455 Trabarie,
526 1419 649 1459 ejusque
665 1418 817 1448 sororibus
830 1424 890 1448 tam
901 1418 1090 1458 presentibus
1107 1420 1254 1458 quamsit-

243 1473 319 1503 τιινὶε
332 1471 499 1512 regularem
518 1472 608 1501 vitum
623 1471 784 1512 professis,
800 1472 828 1501 1'71
845 1477 1037 1511 perpolitum.
1051 1472 1255 1511 Religiosaln

244 1527 347 1556 vitam
357 1525 557 1564 eligentibus
571 1543 620 1555 —.
638 1526 833 1563 Eapropter„
849 1525 966 1555 dilecte
982 1525 1016 1555 in
1028 1525 1159 1555 Christo
1176 1526 1255 1559 filie,

245 1579 365 1609 vestris
390 1578 491 1617 justis
513 1578 795 1617 postulationibus
810 1578 988 1608 clementer
1006 1578 1198 1613 annuimus,
1227 1580 1258 1608 et

244 1632 483 1663 monasterium
500 1632 618 1662 Sancte
636 1631 739 1661 Marie
758 1631 797 1661 de
825 1631 930 1661 Ponte
961 1631 1124 1661 Presaiol.
1149 1632 1257 1661 Masse

245 1685 403 1716 Trabarie
431 1685 534 1722 injus
552 1685 583 1714 et
599 1684 833 1723 proprietatem
851 1683 999 1714 Ecclesie
1018 1684 1168 1714 Romane
1186 1693 1258 1714 sus-

245 1739 376 1777 ceptum
395 1747 413 1768 a
429 1738 536 1772 nobis,
554 1737 587 1767 in
608 1746 673 1776 quo
696 1737 835 1767 Domini
855 1737 936 1767 estis
955 1737 1114 1776 obsequio
1134 1738 1257 1767 manci-

246 1793 332 1831 pate,
354 1800 428 1821 eum
445 1791 542 1821 bonis
561 1790 630 1820 suis
648 1790 709 1820 sub
732 1790 820 1820 beati
839 1790 931 1821 Petri
948 1792 979 1820 et
1006 1792 1117 1820 nostra
1134 1792 1258 1829 protec—

246 1844 334 1875 tione
351 1843 565 1882 suscipimus,
579 1845 609 1873 et
624 1844 786 1881 presentis
803 1843 916 1882 scripti
929 1843 1103 1882 privilegio
1116 1852 1260 1874 commu-

249 1896 382 1932 nimus,
400 1896 435 1926 in
453 1896 572 1934 primis
594 1896 759 1934 siquidem
776 1896 956 1926 statuentes
973 1897 1007 1925 ut
1031 1897 1110 1927 ordo
1130 1905 1258 1927 monas-

247 1949 332 1980 ticus
345 1949 401 1987 qui
418 1949 600 1978 secundum
611 1949 718 1979 Deum
730 1950 761 1979 et
776 1948 863 1978 beati
878 1949 1047 1979 Benedicti
1060 1950 1207 1988 regulam
1227 1950 1261 1980 in

249 2003 365 2033 eodem
380 2002 451 2032 loeo
466 2001 636 2031 institutus
653 2010 726 2031 esse
745 2001 939 2037 dinoscitur,
957 2002 1125 2041 perpetuis
1137 2002 1261 2033 ibidem

249 2054 456 2094 temporibus
470 2054 708 2084 inviolabiliter
724 2054 929 2085 observetur.
946 2055 1139 2085 Fornmlam
1156 2055 1260 2085 nichi-

251 2107 399 2138 lominus
423 2107 488 2137 vite
508 2108 627 2140 vestre.
651 2116 750 2145 quam
775 2116 793 2137 a
817 2107 923 2143 nobis,
947 2108 980 2137 in
1002 2108 1124 2138 minori
1152 2108 1259 2138 adhuc

252 2160 362 2192 officio
385 2160 586 2194 constitutis,
604 2160 776 2190 humiliter
795 2160 978 2199 recepistis,
995 2169 1071 2190 eum
1092 2161 1176 2191 beati
1201 2162 1261 2191 Be-

253 2213 373 2244 nedicti
391 2213 503 2251 regula
512 2213 680 2251 perpetuis
693 2213 897 2251 temporibus
911 2222 1043 2243 manere
1053 2214 1262 2244 decernimus·

254 2266 432 2297 illibatam:
458 2265 568 2296 locuni
594 2267 741 2295 vestrum
767 2274 841 2295 cum
866 2266 1022 2296 omnibus
1054 2267 1263 2305 pertinentiis

253 2319 324 2350 suis
341 2321 371 2349 et
387 2319 500 2349 omnia
513 2327 575 2357 que
586 2320 674 2356 juste
694 2319 723 2348 et
741 2319 897 2349 canonice
914 2319 1103 2358 possidetis,
1123 2320 1217 2349 vobis
1233 2322 1263 2351 et

252 2380 311 2411 per
325 2380 384 2402 vos
397 2371 460 2401 biis
475 2380 537 2410 «pie
556 2371 650 2401 vobis
667 2371 825 2401 canonice
838 2372 1058 2403 successeriiit
1069 2372 1264 2403 confirman-

252 2426 313 2456 tes.
332 2425 442 2455 Liceat
458 2433 589 2463 quoque
610 2424 707 2454 vobis
724 2433 885 2463 personas
902 2425 1024 2455 liberas
1042 2427 1074 2455 et
1094 2425 1264 2456 absolutas

253 2478 328 2513 etc„
346 2486 450 2516 usque
468 2478 620 2507 retinere.
634 2477 857 2508 Proliibemus
871 2478 1008 2517 insuper
1023 2479 1057 2508 ut
1074 2478 1157 2508 nulli
1174 2488 1263 2509 soro-

255 2539 328 2561 rum
340 2532 526 2561 vestrarum
539 2531 613 2565 etc„
628 2539 733 2569 usque
746 2531 926 2561 discedere.
938 2531 1173 2562 Discedentem
1187 2541 1265 2563 vero

254 2585 328 2619 etc.‚
344 2592 449 2622 usque
462 2583 615 2614 retinere.
626 2584 691 2614 Pro
706 2584 1011 2614 consecrationibus
1024 2592 1101 2615 vero
1112 2585 1266 2616 altarium

255 2636 309 2668 vel
325 2636 462 2666 ecclesie
486 2638 608 2671 vestre,
627 2637 698 2667 sive
720 2645 780 2675 pro
797 2637 868 2668 oleo
895 2638 1020 2673 sancto,
1039 2637 1092 2668 vel
1120 2639 1268 2676 quolibet

255 2689 480 2720 ecclesiastico
496 2690 715 2726 sacramento,
742 2689 855 2720 nullus
883 2700 901 2721 a
926 2690 1022 2721 vobis
1048 2689 1110 2721 sub
1124 2691 1268 2728 *obtentu

256 2741 509 2772 consuetudinis
525 2743 600 2778 ete„
614 2750 720 2781 usque
736 2742 913 2781 episcopus
925 2743 1124 2774 diocesanus
1142 2743 1267 2783 impen-

257 2794 323 2825 dat.
337 2793 497 2833 Alioquin
514 2794 610 2825 liceat
623 2795 719 2825 vobis
730 2795 788 2825 hec
798 2795 990 2827 auctoritate
1002 2797 1115 2827 nostra
1124 2797 1269 2836 recipere

259 2855 278 2877 a
293 2855 502 2886 quocumque
520 2847 705 2878 malueritis
728 2848 889 2879 catholico
904 2848 1061 2884 antistite,
1085 2849 1224 2889 gratiam
1239 2851 1271 2882 et

260 2899 529 2930 communionem
538 2899 634 2930 Sedis
644 2900 833 2939 Apostolice
843 2900 1023 2932 obtinente.
1031 2901 1127 2937 Quod
1136 2901 1165 2932 si
1174 2902 1270 2934 sedes

369 2947 692 2982 GREGOIREIX,2.1.

1065 222 1329 266 QUATRIEME
1353 223 1519 260 ANNEE.

2260 242 2320 270 290

1311 314 1480 345 diecesani
1500 315 1646 354 episcopi
1667 316 1749 346 forte
1767 318 1933 348 vacaverit
1949 320 2023 355 etc.,
2042 329 2146 359 usque
2170 324 2317 362 possitis,

1310 367 1357 396 sic
1373 368 1482 397 tamen
1500 369 1534 397 ut
1551 376 1591 397 ex
1606 367 1666 397 hoe
1682 369 1815 408 proprio
1832 371 1985 410 episeopo
2003 374 2181 410 superbiis
2197 375 2230 404 in
2247 384 2319 414 pos·

1311 418 1416 448 terum
1435 418 1564 448 nullum
1583 420 1803 457 prejudicium
1821 426 2006 459 generetur.
2027 426 2110 461 Quia
2125 435 2202 458 vero
2221 428 2319 460 inter·

1310 470 1389 500 dum
1416 472 1541 510 proprii
1563 473 1709 512 episcopi
1740 475 1869 513 copiam
1902 485 1966 507 non
1999 478 2140 514 habetis,
2164 480 2191 510 si
2220 489 2319 519 quem

1309 523 1503 562 episcopum
1518 524 1669 555 Romane
1688 526 1796 560 sedis,
1815 529 1849 557 ut
1865 528 2021 566 diximus,
2039 532 2177 569 gratiam
2190 534 2221 562 et
2236 542 2319 564 cem-

1312 576 1506 607 munionem
1523 577 1712 612 habentem,
1725 580 1755 608 et
1768 579 1806 608 de
1819 588 1883 617 que
1895 581 2025 618 plenam
2037 583 2185 614 notitiam
2200 584 2318 616 habea-

1313 629 1367 664 tis,
1385 637 1444 668 per
1459 637 1516 659 vos
1535 630 1675 660 transire
1691 631 1875 669 contigerit,
1893 633 1932 662 ab
1949 644 1986 663 eo
2003 634 2248 667 benedictiones
2267 646 2320 668 va-

1313 690 1426 713 sorum
1436 684 1467 712 et
1486 683 1639 718 vestium,
1657 685 1921 715 consecrationes
1940 686 2104 723 altarium,
2121 689 2320 721 benedictio-

1313 744 1371 766 nes
1391 736 1600 770 monialium,
1619 737 1811 768 auctoritate
1834 738 2022 776 Apostoliee
2044 742 2151 775 sedis,
2177 743 2320 781 recipere

1312 788 1460 819 valeatis.
1474 789 1576 818 l’orro
1585 789 1613 818 si
1623 790 1769 828 episcopi
1784 791 1835 820 vel
1845 784 2125 824 aliieeclesiarum
2136 796 2278 826 rectores
2288 796 2321 827 in

1312 841 1549 871 monasterium
1560 843 1707 872 vestrum
1722 843 1773 873 vel
1785 852 1944 881 personas
1956 845 2036 874 inibi
2045 847 2239 877 constitutas
2247 856 2320 878 sus-

1311 894 1495 933 pensionis,
1515 895 1868 925 excommunicationis
1880 897 1933 926 vel
1949 897 2112 928 interdicti
2125 901 2321 932 sententiam

1312 947 1608 985 promulgaverint,
1621 948 1892 987 ipsamtanquam
1907 951 2020 980 contra
2029 952 2124 982 Sedis
2134 953 2322 991 Apostolice

1314 999 1440 1030 indulta
1455 1000 1617 1038 prolatam
1631 1001 1840 1032 decernimus
1858 1011 1922 1032 non
1937 1004 2058 1034 tenere.
2077 1005 2231 1036 Preterea
2247 1014 2322 1036 cum

1314 1062 1488 1083 commune
1515 1053 1725 1084 interdictum
1747 1056 1832 1085 terre
1850 1055 1960 1092 fuerit,
1981 1057 2077 1087 liceat
2101 1059 2196 1088 vobis
2221 1059 2324 1090 nichi-

1316 1106 1462 1136 lominus
1480 1107 1513 1136 in
1532 1109 1642 1137 vestro
1666 1109 1876 1144 monasterio,
1897 1110 2042 1140 exclusis
2060 1114 2324 1144 exeommunica-

1317 1159 1357 1188 tis
1369 1160 1400 1189 et
1417 1159 1611 1194 interdictis,
1630 1161 1744 1191 divina
1758 1161 1868 1191 oslieia
1886 1163 2064 1194 celebrare.
2080 1163 2229 1196 Obeunte
2245 1174 2324 1197 vero

1316 1213 1594 1251 te—providerint
1605 1213 1804 1251 eligendam.
1821 1215 1898 1245 Paci
1909 1225 2040 1254 quoque
2053 1218 2084 1246 et
2094 1219 2325 1256 tranquillitati

1316 1266 1423 1294 vestre
1437 1266 1512 1300 ete„
1524 1274 1628 1303 usque
1640 1267 1856 1305 probibemus
1867 1270 1901 1297 ut
1915 1268 2002 1298 infra
2014 1269 2186 1300 clausuras
2197 1280 2324 1302 monas-

1317 1318 1389 1347 terii
1406 1318 1506 1347 vestri
1522 1318 1634 1348 nullus
1644 1319 1794 1357 rapinam
1810 1329 1868 1350 seu
1884 1320 2007 1351 furtum
2023 1323 2325 1362 l'acereetc.,us‹1ue

1318 1370 1436 1400 audeat
1449 1378 1612 1400 exercere.
1627 1373 1654 1401 A
1663 1373 1863 1410 prestatione
1877 1374 2163 1405 verodecimarum
2174 1376 2326 1408 clausuro

1319 1424 1427 1452 vestre
1439 1424 1469 1452 et
1482 1423 1647 1453 fruetuum
1663 1425 1809 1454 ortorum
1826 1428 1857 1455 et
1870 1435 2044 1464 pomorum
2066 1430 2252 1458 vestroruin
2268 1438 2327 1461 vos

1318 1484 1391 1505 esse
1408 1476 1617 1506 decernimus
1635 1478 1827 1507 auctoritate
1840 1479 1957 1517 pagine
1969 1481 2132 1518 presentis
2149 1482 2326 1513 immunes.

1319 1527 1384 1558 Pro
1403 1529 1468 1558 hiis
1484 1530 1593 1559 autem
1611 1531 1642 1559 et
1667 1530 1742 1559 aliis
1758 1531 1793 1560 in
1811 1531 1933 1569 quibus
1959 1533 2098 1563 eeclesia
2123 1535 2232 1564 vestra
2258 1535 2328 1574 lege

1319 1581 1497 1611 diocesana
1522 1582 1635 1613 forsan
1658 1584 1844 1614 (lastellane
1872 1585 2008 1615 ecclesie
2031 1588 2208 1622 teneretur,
2228 1596 2328 1618 unam

1321 1634 1441 1664 libram
1457 1644 1530 1665 cere
1547 1637 1673 1666 tantum
1692 1637 1724 1666 et
1742 1645 1806 1667 non
1820 1637 1911 1667 aliud
1928 1638 1960 1667 in
1980 1638 2062 1668 festo
2078 1640 2329 1678 Assumptionis

1320 1687 1461 1726 gloriose
1480 1688 1631 1726 Virginis
1647 1689 1685 1719 de
1702 1691 1841 1728 augusto
1858 1691 2044 1721 Castellano
2060 1693 2215 1731 episcopo
2232 1694 2330 1724 annis

1321 1741 1463 1779 singulis
1489 1741 1698 1779 persolvetis.
1723 1742 1790 1773 Nee
1809 1743 1906 1773 liceat
1927 1744 2003 1774 aliis
2032 1746 2183 1784 personis
2202 1746 2329 1785 ingredi

1320 1794 1504 1824 claustrum
1515 1796 1674 1832 vestrum,
1692 1797 1801 1833 preter
1817 1796 1892 1827 illas
1906 1797 2077 1835 dequibus
2094 1797 2260 1829 licentiam
2273 1800 2328 1829 lia-

1322 1846 1461 1876 bueritis
1475 1847 1665 1885 specialem.
1683 1848 1809 1879 Electio
1822 1858 1951 1888 quoque
1969 1850 2135 1881 abbatisse
2149 1853 2255 1883 vestre
2266 1853 2329 1883 1³10-

1322 1908 1420 1930 mano
1437 1900 1654 1930 Pontilicivel
1671 1901 1776 1939 legato
1793 1902 1833 1931 ab
1847 1902 1919 1939 ejus
1936 1903 2035 1934 latere
2049 1904 2329 1939 destinato,autei

1322 1953 1375 1982 cui
1407 1953 1579 1983 Romanus
1599 1954 1755 1984 Pontifex
1771 1954 1964 1994 injunxerit,
1988 1959 2239 1994 presentetur‚a
2265 1968 2329 1997 quo

1322 2006 1422 2035 electe
1430 2005 1695 2036 confirmationis
1708 2009 1737 2037 et
1747 2007 2328 2049 benedic-tioriisgratiaimpendatur.

1323 2058 1551 2088 Correctiones
1560 2058 1696 2097 insuper
1704 2060 1769 2088 tam
1777 2060 1892 2097 eapitis
1902 2069 2001 2098 quam
2010 2062 2221 2092 menbrorum
2231 2072 2331 2101 super

1322 2111 1478 2140 omnibus
1497 2111 1608 2149 quein
1626 2113 1736 2141 vestra
1757 2112 1897 2142 ecelesia
1912 2113 2035 2144 suerint
2056 2115 2250 2153 corrigenda
2267 2116 2330 2146 soli

1322 2164 1474 2194 Romano
1491 2164 1763 2198 l‘ontilici‚'velei
1779 2166 1931 2204 quemad
1949 2167 2008 2196 hoe
2025 2167 2094 2206 ipse
2110 2168 2329 2207 deputaverit,

1323 2225 1543 2247 reservamus.
1570 2217 1763 2255 Specialiter
1789 2220 1898 2249 autem
1930 2219 2120 2250 inhibemus
2148 2230 2187 2251 ne
2215 2231 2330 2252 usura-

1324 2270 1402 2305 rios,
1416 2270 1730 2304 excommunicatos,
1746 2273 1800 2301 aut
1813 2271 1987 2308 hereticos,
2003 2274 2058 2303 aut
2074 2274 2114 2304 de
2127 2275 2235 2304 heresi
2253 2275 2333 2305 inta-

1324 2324 1441 2357 matos,
1460 2324 1491 2352 et
1508 2323 1703 2353 nominatim
1726 2333 1743 2353 a
1763 2324 1950 2355 Castellana
1970 2327 2108 2356 ecclesia
2130 2328 2332 2365 interdictos,

1323 2376 1523 2415 presumatis
1542 2376 1575 2405 in
1596 2377 1663 2406 vita
1678 2377 1731 2407 vel
1748 2377 1781 2407 in
1800 2379 1904 2408 morte
1924 2380 2171 2417 quomodolibet
2190 2382 2333 2420 recipere

1324 2428 1365 2458 ad
1378 2428 1502 2458 divina.
1520 2428 1588 2458 Nec
1605 2428 1700 2459 liceat
1718 2429 1812 2459 vobis
1827 2431 2031 2469 sepulturam
2047 2433 2178 2468 babere,
2196 2434 2260 2464 nisi
2277 2443 2335 2473 pro

1327 2481 1421 2511 vobis
1437 2482 1468 2510 et
1481 2481 1556 2511 aliis
1567 2482 1719 2520 personis
1735 2491 1798 2521 que
1812 2483 1853 2513 ad
1866 2485 2010 2514 vestrum
2024 2485 2146 2517 suerint
2163 2487 2337 2517 servitium

1326 2534 1491 2572 deputate.
1523 2534 1575 2564 Ad
1598 2534 1758 2565 indicium
1781 2538 1891 2566 autem
1914 2537 2012 2576 hujus
2033 2541 2184 2578 percepte
2204 2549 2222 2569 a
2253 2540 2336 2571 Sede

1326 2587 1701 2626 Apostoliealibertatis,
1718 2589 1943 2620 unamlibram
1955 2600 2026 2621 cere
2041 2591 2136 2621 nobis
2150 2593 2336 2631 nostrisque

1328 2640 1579 2671 suecessoribus
1602 2641 1700 2670 annis
1721 2641 1864 2680 singulis
1885 2644 2092 2681 persolvetis.
2118 2645 2336 2676 Decernimus

1328 2701 1405 2732 ergo
1423 2693 1459 2722 ut
1475 2692 1559 2722 nulli
1575 2693 1710 2723 omnino
1727 2693 1899 2724 hominum
1916 2695 2012 2725 liceat
2030 2696 2194 2733 prefatum
2207 2705 2338 2727 monas-

1328 2746 1448 2777 terium
1463 2747 1585 2775 temere
1612 2746 1804 2784 perturbare
1821 2748 1895 2781 etc.,
1916 2756 2019 2785 usque
2038 2749 2220 2786 profutura.
2237 2750 2338 2780 Salva

1330 2799 1427 2831 Sedis
1451 2798 1640 2837 Apostoliee
1658 2799 1863 2829 auctoritate.
1884 2800 1919 2830 Si
1935 2808 1999 2838 qua
2015 2801 2115 2839 igitur
2139 2801 2170 2832 iu
2190 2802 2338 2833 futurum

1332 2853 1392 2883 etc.
1409 2851 1545 2883 Cunctis
1561 2852 1670 2882 autem
1687 2855 1747 2881 etc.
1770 2852 1844 2882 Dat.
1860 2852 2026 2888 Laterani,
2045 2861 2103 2892 per
2118 2862 2253 2884 manum
2271 2863 2338 2885 ma-

1333 2902 1431 2943 gistri
1441 2902 1715 2938 Martini,Sancte
1733 2902 1882 2933 Romane
1900 2903 2047 2934 Ecclesie
2065 2904 2340 2940 vicecancellarii,

2185 2959 2216 2985 ¹⁹
