2498 3242
158 330 231 361 1281
1014 318 1231 358 nuirmnn
1252 318 1412 356 ANNEE.
2192 324 2266 354 1282

156 404 232 426 cum
242 395 323 426 olim
337 404 394 426 vos
408 400 439 426 et
452 395 658 434 Stephanum
681 419 687 431 ,
701 396 807 426 civem
816 397 1026 429 Trecensem,
1040 392 1172 423 ..abbas

157 453 191 480 et
207 453 390 480 conventus
413 449 608 479 monasterii
632 450 671 480 de
689 449 781 480 Cella
805 448 992 483 'l'recensis,
1015 456 1114 486 super
1136 455 1173 477 eo

158 502 248 541 quod
273 502 415 532 eundem
446 502 678 540 S[teplianum]
708 502 874 541 quandam
899 500 1060 540 capellam
1086 500 1175 529 infra

159 554 286 584 limites
298 555 628 594 parrochieipsorum
644 555 783 586 ecclesie
798 554 911 585 Sancti
922 553 1051 583 Andr-ee
1061 556 1175 582 contra

161 610 311 638 tenorem
328 616 441 637 eorum
463 607 631 646 privilegii
648 607 892 642 construxisse,
910 610 941 636 et
957 615 1014 635 vos
1034 606 1069 634 in
1087 614 1124 634 ea
1141 605 1175 634 in

161 660 311 698 ipsorum
333 661 554 700 prejudicium
570 661 719 691 inti-usas
736 670 808 691 esse
829 660 997 695 dicebant,
1017 658 1176 697 capellam

162 713 302 743 eandem
321 713 411 743 dirui
433 717 464 743 et
485 723 542 743 vos
565 713 665 744 etiam
688 713 805 743 exinde
829 712 990 743 removeri
1014 715 1175 750 petentes,

164 766 362 796 auctoritate
376 770 487 797 nostra
497 775 607 796 coram
622 790 641 795 ..
655 766 772 796 abbate
785 765 897 796 Sancti
912 764 1027 796 Jacobi
1042 764 1080 793 de
1094 765 1177 794 Pru-

164 818 244 849 vino
258 823 290 848 et
305 841 324 847 ..
343 818 457 849 Sancti
473 819 589 850 Jacobi
607 823 639 849 et
658 842 677 848 ..
697 818 737 849 de
755 818 919 849 Calestria
936 819 1040 848 Parva
1057 816 1178 855 priori-

165 871 240 906 bus,
254 871 459 902 Senonensis
471 871 624 906 diocesis,
637 871 816 901 traxissent
827 871 862 900 in
875 879 1020 902 causam,
1033 873 1064 899 et
1077 869 1178 899 iidem

160 923 293 963 judices
316 933 450 954 causam
478 924 584 962 ipsam
609 924 807 953 instructam
833 923 872 953 ad
895 923 1014 953 Sedent
1040 923 1180 960 Aposto-

163 976 265 1007 licam
282 977 492 1007 remisissent
513 987 519 1006 :
538 986 597 1007 nos
614 977 776 1015 partibus,
794 977 916 1015 111-011110
933 975 1075 1005 termino
1091 983 1180 1004 com-

164 1030 361 1069 parentibus
374 1038 483 1060 coram
500 1030 607 1065 nobis,
621 1029 777 1060 dilectum
790 1029 895 1059 filium
914 1033 1064 1058 nostrum
1081 1027 1181 1065 S[ini-

163 1082 325 1122 baldum],
342 1082 431 1112 tituli
447 1083 561 1113 Sancti
581 1082 753 1112 Laurentii
765 1082 799 1111 in
816 1082 943 1112 Lucina
958 1081 1182 1120 presbiterum

165 1135 382 1171 cardinalem,
401 1136 552 1166 dedimus
569 1136 765 1171 auditorem,
786 1136 860 1174 qui,
881 1135 1057 1174 utriusque
1078 1134 1182 1172 partis

166 1189 355 1219 rationibus
379 1188 558 1227 diligenter
580 1189 719 1222 auditis,
742 1198 799 1219 vos
822 1192 852 1218 et
877 1188 1011 1218 nomine
1031 1191 1139 1217 vestro
1160 1211 1179 1216 ..

165 1246 414 1280 procuratorem
431 1247 578 1272 vestrum
597 1242 631 1271 in
650 1242 808 1281 predictis
829 1242 870 1271 ab
888 1241 1096 1280 impetitione
1113 1241 1182 1270 dic-

167 1297 278 1323 torum
300 1293 430 1324 abbatis
453 1298 484 1324 et
500 1298 684 1323 conventus
700 1293 793 1323 duxit
809 1292 1054 1323 sententialiter
1073 1291 1182 1321 absol-

168 1346 311 1381 vendas,
337 1351 434 1384 prout
457 1346 491 1375 in
516 1346 637 1376 litteris
662 1345 844 1375 cardinalis
867 1345 1016 1384 ejusdem
1039 1344 1182 1374 inferius

167 1399 338 1430 annotatis
362 1398 495 1437 plenius
523 1398 725 1428 continetur.
751 1399 820 1428 Nos
850 1398 955 1433 enim,
982 1398 1183 1428 sententiam

166 1451 468 1489 cardinalisipsius
482 1455 586 1480 ratam
599 1450 771 1486 habentes,
789 1460 858 1480 eam
875 1451 1070 1481 auctoritate
1088 1460 1184 1489 apos-

166 1503 267 1534 tolica
283 1503 519 1534 confirmamus
536 1507 567 1534 et
582 1504 749 1542 presentis
765 1504 880 1542 scripti
896 1504 1080 1542 patrocinio
1095 1513 1183 1534 eom-

167 1556 360 1592 munimus3
386 1560 534 1586 tenorem
560 1555 750 1586 litterarum
776 1556 925 1594 ipsarum
953 1557 992 1587 de
1017 1557 1116 1587 verbo
1143 1557 1184 1586 ad

166 1609 307 1640 verbum
322 1609 536 1648 presentibus
552 1609 751 1645 inserentes,
770 1609 828 1648 qui
843 1609 920 1640 talis
937 1613 986 1639 est
1006 1619 1012 1638 :

208 1754 346 1788 [2458]
390 1753 494 1786 Rome,
509 1754 907 1787 Saint-Martiti-des—Monts,
927 1755 958 1782 16
975 1763 1051 1782 mars
1068 1755 1146 1782 1234.

208 1814 369 1849 [Sententia
389 1815 544 1851 Sinibaldi,
561 1816 636 1844 tituli
653 1816 751 1844 Sancti
767 1816 914 1844 Laurentii
929 1817 957 1844 111
975 1817 1082 1845 Lucina
1099 1826 1184 1853 pres-

170 1863 265 1899 byteri
284 1864 453 1899 cardinalis,
471 1864 638 1899 priorissam
655 1869 684 1892 et
698 1866 838 1892 moniales
854 1867 1020 1893 monasterii
1041 1866 1076 1893 de
1098 1866 1183 1894 Prato

171 1910 280 1939 Beatae
295 1911 403 1939 Mariae
415 1914 500 1947 juxta
515 1913 621 1940 Trecas
637 1914 671 1940 ab
686 1914 868 1949 impetitione
884 1914 996 1941 abbatis
1013 1919 1041 1942 et
1056 1923 1184 1942 conven-

171 1963 220 1987 tus
245 1961 412 1988 monasterii
434 1961 541 1995 [Sancti
559 1961 645 1996 Petri]
665 1962 701 1989 de
720 1962 797 1989 Cella
812 1962 968 1990 Trecensis
983 1963 1181 1997 absolventis]

211 2061 225 2075 α
247 2048 464 2084 Sinibaldus,
488 2050 549 2079 Dei
570 2050 677 2087 gratia
700 2050 790 2080 tituli
817 2051 931 2081 Sancti
952 2052 1126 2082 Laurentii
1148 2053 1184 2082 in

212 2102 339 2132 Lucina
356 2102 521 2141 presbiter
537 2103 736 2139 cardinalis,
756 2104 926 2134 universis
942 2109 1114 2142 presentes
1129 2105 1186 2135 lit-

211 2158 299 2185 teras
317 2155 520 2194 inspecturis
544 2156 685 2187 salutem
701 2157 737 2186 in
754 2157 906 2187 Domino.
929 2158 1129 2188 Constitutis
1150 2159 1184 2188 in

209 2208 379 2247 presentia
397 2213 509 2239 nostra
533 2210 635 2240 fratre
651 2209 821 2246 Johanne,
839 2210 1001 2241 monacho
1021 2216 1051 2241 et
1067 2221 1186 2250 procu-

210 2265 319 2291 ratore
335 2261 531 2292 monasterii
548 2262 643 2292 Beati
662 2262 751 2293 Petri
767 2262 806 2293 de
822 2262 915 2294 Cella
929 2264 1122 2300 Trecensis,
1147 2274 1185 2295 ex

210 2318 304 2352 parte
320 2323 398 2349 una,
417 2318 448 2344 ct
463 2314 604 2350 Jacob0‚
626 2319 739 2345 curato
755 2315 794 2346 (10
811 2315 1048 2352 Collaverzeio,
1068 2327 1186 2356 procu-

212 2371 321 2396 ratore
340 2389 360 2395 ..
378 2367 537 2405 priorisse
549 2372 580 2398 et
596 2367 793 2398 monialium
809 2368 848 2399 de
865 2370 963 2399 Prato
980 2370 1099 2400 Sancte
1116 2372 1186 2401 Ma-

212 2419 261 2449 rie
275 2419 367 2458 juxta
385 2420 522 2455 Trecas,
550 2430 588 2450 ex
610 2420 729 2455 altera,
757 2421 845 2452 idem
869 2422 1040 2453 Johannes
1055 2433 1114 2462 pro
1130 2424 1188 2454 ab·

213 2471 288 2502 bate
320 2476 351 2502 et
381 2477 547 2503 conventu
577 2473 760 2512 supradicti
790 2475 986 2505 monasterii
1017 2477 1189 2515 proposuit

212 2525 316 2564 quod,
334 2533 409 2555 cuni
427 2525 507 2555 olim
529 2525 658 2556 litteras
681 2526 879 2565 apostolicas
895 2527 1131 2566 impetrassent
1147 2530 1188 2560 ad

214 2600 232 2607 ..
255 2577 408 2609 abbatem
425 2578 538 2609 Sancti
554 2578 670 2609 Jacobi
692 2579 926 2611 Pruvinicnsis
945 2585 975 2611 et
997 2582 1187 2621 conjudices

213 2640 291 2662 suos
307 2631 342 2661 in
358 2631 420 2661 bac
436 2631 543 2662 forma
559 2641 565 2661 :

173 2642 188 2658 Β
172 2589 187 2605 S
173 2536 187 2552 υ
173 2483 188 2499 ὓ
172 2431 186 2446 S
172 2378 186 2393 θ
172 2325 186 2340 Ε
170 2272 185 2287 :¹5
170 2219 184 2234 ἕ
171 2166 186 2181 δ
170 2113 185 2129 S

246 2775 383 2810 124291
763 2777 876 2811 Lati-an,
894 2779 908 2806 3
921 2779 1018 2814 juillet
1037 2780 1112 2808 ¹230.

212 2839 382 2874 [Gregorius
399 2848 471 2874 papa
492 2847 587 2867 nonus
607 2840 703 2867 abbati
719 2840 818 2868 Sancti
833 2841 934 2869 Jacobi
953 2842 1142 2870 Pruvinensis
1158 2848 1187 2871 et

172 2887 272 2914 Sancti
294 2887 397 2914 Jacobi
420 2892 449 2914 et
470 2887 506 2914 de
529 2888 671 2916 Calestria
693 2888 782 2916 Parva
806 2892 850 2924 (=
873 2890 1187 2926 chalautre-lamento)

208 2989 230 3013 1.
247 2988 286 3014 De
301 2987 405 3020 campo
420 2988 557 3014 Guidonis
575 2991 619 3021 (cs.
638 2998 736 3021 snpra,
753 2995 781 3014 n·
800 2991 858 3016 ¹900
873 2995 900 3016 et
917 2993 1001 3023 infra,
1017 2997 1046 3016 n·
1059 2992 1139 3023 2479).

296 3039 484 3072 0110001111]
502 3047 554 3077 ix,
572 3050 591 3073 t.
611 3049 632 3072 1.

1256 391 1403 426 prioribus
1423 392 1567 426 querelam
1589 391 1701 417 abbatis
1724 394 1752 416 et
1772 393 1933 416 conventus
1957 389 2122 416 monasterii
2139 389 2174 416 de
2190 388 2268 416 Cella.

1256 439 1410 466 Trecensis
1429 444 1528 466 contra
1547 439 1726 473 Stephanum
1743 438 1777 464 de
1794 437 1901 472 Campo
1917 437 2069 468 (tuatonis,
2089 438 2181 464 civem
2197 437 2269 464 Tre-

1257 496 1391 518 ceusem,
1413 489 1569 514 committit
1593 487 1814 514 decernendam.
1842 501 1870 506 —-
1896 486 2054 518 (Pontus-r
2073 487 2159 517 85773
2176 501 2212 506 —
2230 487 2267 513 cf.

1258 544 1353 570 supra,
1374 542 1403 562 n⁰
1421 536 1519 570 1900„

1906 622 2014 651 abbati
2028 622 2140 653 Sancti
2153 622 2270 652 Jacobi

1651 676 1764 706 Sancti
1790 675 1905 705 ι111001ιί
1935 679 1965 704 01
1993 697 2014 703 ..
2041 674 2079 704 (10
2107 674 2271 705 Calestria

1263 742 1275 756 ι(
1303 731 1407 759 Parva
1427 729 1609 767 prioribus,
1635 728 1839 759 Senonensis
1863 727 2022 762 diocesis,
2047 727 2188 756 salutem
2207 731 2269 757 etc.

1302 636 1314 650 ιι
1335 624 1516 661 Gregorius
1531 629 1604 657 etc..
1623 623 1753 653 dilectis
1770 623 1848 652 tiliis
1868 646 1886 651 ..

1262 689 1274 703 a
1301 676 1339 706 de
1368 677 1514 706 Pruvino
1540 681 1571 706 01
1603 699 1621 705 ..

1263 796 1276 810 α
1301 782 1477 819 Querclam
1495 782 1689 812 dilectorum
1705 781 1848 810 filiorum
1863 804 1882 809 ..
1898 780 2027 810 abbatis
2044 784 2075 810 et
2089 783 2272 810 conventus

1263 848 1276 863 α
1302 835 1544 865 monasteriitle
1554 833 2272 871 CellaTrecensisrecepimus,continentem

1264 901 1277 915 «
1303 889 1389 927 quod
1406 887 1618 926 St[cphanus]
1639 887 1677 916 de
1696 887 1818 924 Campo
1835 885 2009 920 Guidonis.
2031 885 2113 915 civis
2129 886 2273 915 Trecen-

1265 954 1277 968 α
1303 941 1350 971 sis
1364 964 1370 976 ,
1393 941 1480 970 infra
1500 940 1623 970 limites
1642 939 1815 978 parrochie
1835 939 1982 977 ipsorum
2004 938 2142 968 ecclesie
2159 938 2273 967 Sancti

1265 1007 1278 1021 «
1304 994 1434 1024 Andree
1453 993 1618 1032 quandam
1635 992 1806 1031 capellam,
1825 1000 1938 1021 eorum
1956 995 1985 1021 et
2002 990 2178 1029 presbiteri
2197 999 2274 1028 par-

1266 1060 1278 1074 «
1304 1046 1462 1077 rochialis
1493 1046 1686 1085 irrequisito
1714 1054 1896 1078 consensu,
1927 1043 2130 1078 construxit,
2159 1047 2274 1072 contra

1267 1113 1279 1128 «
1305 1109 1439 1130 suorum
1459 1099 1710 1138 privibrgiorum
1729 1102 1874 1127 tenorem
1894 1102 2016 1126 temere
2034 1096 2213 1130 veniendo,
2237 1095 2273 1124 in

1268 1166 1280 1180 ι(
1306 1163 1371 1192 qua
1393 1153 1532 1191 quedam
1555 1152 1728 1183 mulieres,
1752 1160 1815 1190 que
1837 1150 1919 1180 Filie
1941 1150 2001 1180 Dei
2020 1149 2200 1187 vulgariter
2217 1158 2274 1188 ap-

1267 1219 1280 1233 «
1306 1206 1483 1245 pellantur,
1502 1205 1697 1235 auctoritate
1714 1204 1845 1242 propria
1863 1213 1896 1233 se
1915 1208 2035 1233 temere
2052 1203 2274 1237 intruserunt,

1269 1272 1280 1286 t(
1307 1259 1341 1288 111
1358 1268 1470 1288 corum
1488 1257 1707 1296 prejudicium
1727 1261 1757 1286 et
1774 1266 1961 1294 gravamen.
1982 1256 2124 1293 Ideoque
2142 1255 2275 1284 manda-

1268 1324 1281 1338 «
1306 1320 1380 1341 nius
1397 1315 1577 1350 quatenus,
1597 1310 1720 1339 vocatis
1739 1309 1796 1348 qui
1814 1309 1936 1339 suerint
1955 1308 2112 1338 evocandi
2132 1312 2206 1342 ete,
2229 1308 2275 1337 sa·

1269 1377 1281 1391 κ
1307 1365 1433 1394 cientes
1453 1368 1514 1393 etc.
1532 1363 1645 1393 Testes
1664 1367 1724 1392 etc.
1745 1361 1838 1398 Quod
1855 1361 1881 1390 si
1902 1370 1966 1390 non
1984 1369 2098 1390 omnes
2115 1364 2176 1390 etc.
2201 1360 2273 1389 Dat.

1269 1430 1282 1444 α
1307 1417 1479 1451 Laterani,
1496 1417 1524 1446 V
1541 1424 1645 1445 nonas
1661 1415 1753 1454 julii,
1772 1424 1858 1444 anno
1875 1418 1991 1452 quarto
2011 1423 2042 1448 »;

1310 1529 1322 1543 α
1339 1521 1369 1546 01
1385 1525 1494 1545 coram
1513 1515 1636 1544 eisdem
1651 1514 1820 1552 judicibus
1839 1512 1988 1542 libellum
2001 1511 2225 1550 porrexissent
2241 1511 2277 1540 in

1269 1582 1282 1596 ³)
1307 1569 1369 1599 hac
1385 1569 1491 1598 forma
1509 1577 1514 1596 :

1343 1726 1476 1761 {2480}

1307 1789 1442 1823 [Libellus
1463 1788 1574 1815 abbatis
1594 1791 1622 1814 et
1641 1790 1804 1813 conventus
1824 1785 1923 1811 Sancti
1945 1784 2020 1811 Petri
2042 1784 2077 1810 de
2097 1783 2191 1816 Cella,
2207 1783 2280 1810 Tre-

1267 1837 1366 1865 censis
1381 1837 1538 1867 dioecesis,
1557 1839 1657 1862 contra
1673 1834 1873 1869 Stlephanum]
1893 1833 1928 1859 de
1943 1832 2050 1868 Campo
2066 1832 2219 1866 Gutdonis,
2236 1833 2278 1859 ci-

1266 1894 1331 1913 vem
1349 1883 1548 1920 Trecensem.]

1310 1993 1322 2008 α
1345 1980 1469 2010 Dicunt
1495 1979 1596 2009 abbas
1620 1983 1649 2008 et
1668 1981 1850 2008 conventus
1872 1977 1985 2007 Sancti
2002 1976 2092 2007 Petri
2113 1976 2151 2005 de
2169 1975 2279 2011 Cella⁷

1269 2046 1282 2061 (ι
1307 2032 1482 2064 Trecensis
1507 2031 1667 2066 diocesis,
1694 2035 1807 2061 contra
1834 2029 2065 2068 St[cphanum]
2091 2029 2129 2059 de
2157 2029 2280 2067 Campo

1269 2099 1282 2114 α
1308 2085 1488 2120 Guidonis,
1507 2085 1612 2115 civem
1628 2085 1844 2118 Trecensem,
1869 2083 1956 2122 quod
1972 2083 2042 2121 ipse
2059 2082 2226 2121 quandam
2245 2082 2279 2111 in

1269 2152 1282 2167 «
1308 2138 1445 2177 grangia
1483 2147 1542 2167 sua
1579 2136 1739 2175 capellam
1774 2136 1838 2166 sita
1871 2136 1960 2165 insra
1992 2137 2074 2165 tines
2106 2134 2280 2173 parrochie

1269 2205 1282 2219 «
1308 2191 1422 2221 Sancti
1442 2191 1587 2220 Andree.
1615 2190 1729 2228 adjus
1755 2193 1948 2227 patronatus
1972 2188 2120 2226 ipsorum
2147 2186 2281 2217 Cellen-

1270 2257 1282 2271 «
1309 2244 1396 2274 sium
1412 2243 1629 2282 pertinentis,
1649 2251 1762 2272 eornm
1786 2250 1926 2271 assensu
1947 2241 2085 2270 minime
2104 2239 2278 2279 requisito,

1270 2310 1283 2325 ι(
1308 2297 1503 2331 construxit,
1521 2301 1634 2326 contra
1651 2294 1902 2334 privilegiorum
1920 2302 2055 2323 suorum
2073 2298 2218 2323 tenorem
2237 2296 2280 2322 te-

1270 2363 1283 2378 «
1309 2360 1398 2381 inere
1416 2349 1589 2380 veniendo.
1612 2349 1706 2380 Unde
1729 2353 1841 2387 petunt
1861 2346 2045 2386 (1111·1111111111
2067 2346 2153 2385 quod
2171 2345 2282 2375 taliter

1270 2417 1283 2432 «
1310 2408 1359 2435 051
1376 2403 1566 2434 edificatum
1583 2402 1622 2432 ab
1640 2402 1722 2440 ipso,
1741 2401 1950 2431 demoliatur.

1311 2470 1323 2484 «
1346 2458 1467 2488 Petunt
1490 2466 1507 2486 a
1530 2455 1729 2495 quibusdam
1752 2454 1918 2491 religiosis
1941 2452 2138 2482 mulieribus
2158 2451 2281 2481 ibidem

1271 2523 1284 2538 u
1310 2510 1506 2541 auctoritate
1523 2508 1655 2548 propria
1671 2507 1812 2537 intrusis
1825 2511 1857 2535 ut
1871 2506 1909 2536 de
1927 2506 2013 2535 dicto
2027 2505 2096 2535 loco
2113 2504 2278 2536 recedant.

1271 2576 1284 2591 ι(
1310 2568 1341 2594 01
1357 2563 1480 2593 ibidem
1499 2562 1537 2592 de
1555 2565 1663 2591 cetero
1681 2560 1794 2589 divina
1814 2568 1877 2588 non
1896 2558 2043 2587 audiant.
2067 2566 2140 2586 cum
2160 2556 2220 2586 hoc
2238 2555 2282 2585 sit

1272 2628 1284 2643 «
1311 2616 1344 2645 in
1363 2614 1584 2654 prejudicium
1600 2612 1764 2644 Cellensis
1780 2611 1919 2641 ecclesie
1937 2614 1966 2640 et
1984 2618 2174 2647 gravamen.

1313 2681 1325 2695 α
1345 2669 1466 2699 Petunt
1487 2671 1596 2696 autem
1614 2675 1631 2695 a
1648 2664 1832 2704 presbitero
1849 2663 1973 2693 ibidem
1992 2666 2104 2691 contra
2121 2661 2195 2700 jura
2212 2661 2281 2691 dic-

1271 2734 1284 2748 «
1312 2726 1419 2752 torum
1437 2719 1642 2751 Cellensium
1659 2717 1858 2751 celebrante,
1877 2715 1964 2754 quod
1977 2715 2010 2743 10
2029 2713 2141 2744 eodem
2158 2712 2228 2743 loco
2242 2713 2281 2743 de

1272 2787 1284 2802 «
1311 2779 1420 2805 cetero
1436 2773 1549 2802 divina
1566 2780 1631 2801 non
1648 2774 1817 2809 presumat
1836 2768 2015 2799 celebrare.

1312 2840 1324 2854 u
1342 2828 1410 2857 IIec
1422 2825 1534 2855 omnia
1549 2828 1663 2863 petunt
1679 2823 1757 2853 dicti
1775 2821 1945 2853 Cellenscs
1962 2830 1979 2850 a
1997 2819 2196 2858 supradictis
2212 2828 2280 2857 per-

1271 2893 1285 2908 α
1311 2879 1414 2914 sonis,
1432 2878 1522 2908 salvo
1535 2877 1609 2916 jure
1627 2875 1779 2910 addendi,
1798 2873 1981 2908 minuendi,
1996 2872 2145 2902 mutandi
2163 2876 2191 2901 et
2210 2880 2282 2901 cor-

1272 2945 1284 2960 «
1310 2931 1442 2970 rigendi
1467 2935 1497 2961 et
1525 2930 1625 2960 etiam
1654 2927 1843 2959 declarandi
1875 2935 1978 2965 usque
2007 2926 2047 2955 ad
2075 2924 2281 2955 definitivam

1272 2996 1286 3012 α
1312 2982 1514 3014 sententiani
1534 2993 1547 3008 v,
1564 2991 1569 3016 3

2127 3042 2154 3066 81
