2498 3242
205 314 263 343 293

201 391 369 430 quondam
386 391 618 429 predecessore
635 399 695 420 suo
712 392 856 420 castrum
870 390 1047 420 Bellicadri
1063 391 1093 420 et
1112 391 1211 419 totam

200 443 393 482 Argentiam
410 451 483 473 cum
499 443 708 482 pertinentiis
732 444 802 473 suis
820 444 851 473 et
868 443 1019 473 districtu
1040 443 1160 480 recepit
1179 443 1211 472 in

198 496 349 530 feudum,
372 504 431 535 pro
445 505 509 535 quo
526 496 853 533 fidelitatemjuravit
875 498 905 526 et
927 496 1116 534 homagium
1138 495 1213 525 fecit

198 549 317 579 eidem.
338 549 402 578 Pro
422 549 482 579 hoc
504 549 603 579 etiam
626 549 716 579 mille
741 558 868 579 marcas
892 558 949 587 pro
967 548 1117 578 emendis
1139 557 1212 586 pos-

197 601 405 632 sessionibus
423 602 463 631 ad
486 610 584 632 usum
603 610 717 632 mense
742 602 1034 640 archiepiscopalis
1053 601 1117 630 sibi
1134 601 1211 630 dare

197 653 323 687 debuit,
347 655 434 692 quod
458 656 568 685 tamen
592 656 724 685 efficere
746 655 960 693 pretermisit.
987 653 1144 683 Promisit
1166 654 1213 683 in-

197 707 604 746 supersequejuramento
615 708 783 742 astrinxit,
797 709 928 738 centum
944 715 1073 736 marcas
1084 706 1210 744 argenti

1032 304 1296 347 QUATROEME
1320 305 1485 343 ANNiti-J.

198 760 331 790 nomine
347 769 468 790 census
492 761 590 790 annis
610 761 754 799 singulis
774 769 808 791 se
833 769 890 799 pro
909 760 994 790 dicto
1014 759 1111 789 feudo
1130 759 1210 788 Are-
1239 778 1240 784 ,

197 812 317 843 latensi
342 813 593 852 archiepiscopo
621 814 823 847 soluturum:
856 814 941 843 sicut
964 813 1025 842 boc
1048 813 1150 842 totum
1178 811 1211 841 in

198 865 419 895 instrumento
437 865 513 896 inde
529 865 678 896 contecto
704 866 800 896 nobis
817 866 964 896 exhibito
987 864 1119 903 plenius
1134 872 1210 894 con-

197 918 330 948 tinetur.
360 918 443 948 Cum
470 920 580 949 autem
604 919 740 949 feudum
767 919 878 957 ipsum
901 926 958 957 per
980 917 1160 947 triennium
1180 918 1211 946 ct

197 970 342 1008 amplius
362 971 508 1001 tenuisse
528 971 650 1001 dicaris
663 972 695 1001 et
712 971 814 1001 nichil
833 980 891 1009 pro
913 979 950 1000 eo
970 970 1088 1000 secisse
1106 968 1210 998 archi-

196 1023 351 1062 episcopo
370 1025 563 1059 memorato,
580 1024 668 1054 idem
693 1026 803 1054 nostre
827 1023 1080 1054 interventionis
1098 1022 1211 1052 suffra-

196 1076 287 1114 gium
300 1076 501 1115 imploravit.
521 1077 682 1112 Quocirca
696 1077 907 1107 serenitatem
922 1077 1011 1106 tuam
1029 1075 1209 1113 rogandam

196 1129 354 1160 duximus
365 1130 565 1168 propensius
577 1131 606 1160 et
622 1130 818 1160 hortandam
831 1130 1006 1168 quatenns,
1024 1137 1081 1166 pro
1094 1127 1211 1157 divina

197 1186 228 1213 et.
247 1185 358 1213 nostra
373 1182 569 1213 reverentia.
588 1192 699 1212 amore
711 1191 842 1221 quoque
855 1182 984 1220 justitie
1003 1190 1101 1220 quam
1121 1181 1209 1210 tene-

196 1235 241 1265 ris
255 1235 405 1266 ecclesiis
418 1235 606 1274 specialiter
618 1244 827 1269 conservare,
840 1235 947 1264 taliter
962 1234 1088 1273 prefato
1107 1232 1210 1263 archi-

195 1288 350 1327 episcopo
372 1296 473 1326 super
496 1287 556 1318 hoc
579 1288 754 1326 providere
770 1296 939 1327 procures,
959 1287 1047 1325 quod
1064 1286 1115 1316 vel
1131 1294 1208 1315 con-

195 1341 369 1371 ventiones
403 1341 483 1371 inite
507 1340 592 1370 inter
614 1341 724 1379 ipsum
750 1342 780 1371 et
804 1340 958 1371 comitem
982 1339 1209 1378 supradictum

193 1396 369 1425 serventur
388 1394 507 1428 eidem,
530 1394 583 1424 vel
606 1394 704 1432 plena
727 1394 757 1424 ei
777 1395 833 1424 liat
861 1393 1025 1424 restitutio
1046 1392 1209 1431 predicto-

197 1456 283 1478 rum.
311 1447 363 1478 Sic
386 1455 464 1477 vero
488 1455 601 1485 preces
624 1448 655 1477 et
678 1447 878 1477 monitiones
907 1447 1036 1476 nostras
1059 1447 1209 1478 admittat

2221 317 2279 345 294

1271 390 1370 416 vendo.
1392 405 1426 410 —
1441 391 1520 424 (neu.
1536 392 1576 422 ¹5,
1600 391 1619 417 Γ.
1643 392 1671 417 11
1689 400 1809 425 1·«»;ε11111.
1828 394 1873 425 lv,
1899 403 1923 420 c.
1942 396 1992 426 Ὦς
2007 410 2040 414 —
2058 395 2174 422 Monam
2204 397 2278 427 1186,

1270 437 1290 465 f.
1307 439 1369 471 ¹033
1382 453 1417 457 ——
1434 439 1575 465 Pomm-r
1588 440 1677 473 8530.)

1309 544 1323 558 «
1343 555 1362 562 ..
1381 532 1519 561 ministro
1535 532 1652 561 ordinis
1670 535 1802 572 fratrum
1820 535 1973 565 Μήιον-11111
1990 537 2113 576 ejusque
2129 538 2280 576 fratribus

1270 584 1457 613 morantibus
1472 585 1557 624 apud
1571 586 1725 615 ecelesiam
1744 586 1824 616 beati
1843 588 2010 626 blant-issi,
2036 590 2064 618 in
2085 590 2148 619 lan-0
2165 592 2218 630 qui
2233 592 2277 620 ‹li-

1269 637 1348 666 ciem·
1367 636 1460 667 Collis
1477 638 1630 676 paradisi,
1650 645 1709 668 lam
1724 640 1914 679 presentibus
1930 652 2017 680 quam
2033 644 2149 680 falaris
2162 644 2278 682 rae‘yula-

1269 699 1329 719 rem
1349 691 1439 719 vllam
1461 691 1616 730 professis,
1643 692 1670 720 in
1686 698 1879 732 perpetuum.
1897 694 1930 723 Is
1948 695 2002 732 *lui
2031 696 2209 726 1·ζ1·1;11·51;1111
2228 714 2276 727 —·.

1270 742 1343 773 Dat.
1370 743 1535 778 Laterani,
1563 754 1620 783 per
1647 754 1783 775 manum
1808 747 1958 783 magistri
1985 747 2131 782 Martini,
2160 750 2278 780 Sancte

1268 795 1418 826 Romane
1434 796 1582 827 Ecclesie
1599 797 1873 828 vicecancellarii.
1896 813 1909 825 »

1335 999 1407 1030 454
1864 1001 1980 1033 Latran,
1999 1003 2028 1028 ¹7
2047 1003 2105 1030 mai
2128 1005 2202 1031 ¹230.

1303 1082 1442 1116 Episcopo
1468 1083 1675 1110 Silvanectensi
1698 1084 1857 1110 committit
1886 1085 2095 1113 examinandas
2123 1087 2278 1115 electiones

1268 1130 1359 1158 saclas
1377 1131 1405 1158 in
1421 1131 1587 1166 episcopum
1605 1132 1812 1159 Nivernensem
1830 1133 1863 1160 de
1880 1134 1987 1160 decano
2004 1135 2173 1163 Nivernensi
2188 1145 2204 1163 a
2222 1140 2276 1164 tre-

1236 1175 1237 1181 *
1267 1180 1359 1206 decim
1377 1180 1559 1211 electoribus,
1577 1189 1611 1207 ex
1622 1189 1678 1207 una
1692 1184 1782 1215 parte,
1799 1184 1825 1208 et
1840 1182 1873 1208 de
1888 1185 2003 1209 cantore
2018 1184 2186 1212 Nirernensi
2201 1194 2217 1212 a
2229 1188 2278 1213 dc·

1267 1235 1331 1254 cem
1352 1231 1377 1254 el
1394 1231 1468 1260 octo,
1487 1237 1520 1254 ex
1534 1228 1637 1255 altera.
1654 1243 1688 1249 —
1709 1230 1786 1263 (llice.
1812 1232 1853 1262 15,
1872 1230 1890 1257 t'.
1913 1231 1941 1257 ¹4
1960 1236 2007 1264 v0;
2031 1240 2098 1259 ann.
2120 1233 2166 1266 ll',
2179 1241 2204 1260 c.
2227 1235 2275 1268 23;

1267 1291 1300 1296 —
1318 1277 1433 1303 Monam
1454 1279 1527 1310 1186,
1546 1277 1564 1304 1“.
1583 1278 1631 1304 161]
1645 1286 1650 1310 ;
1665 1293 1698 1297 —
1714 1279 1750 1305 ct'.
1770 1279 1909 1305 l'orrttAsT
1927 1279 2019 1314 9523.)

1307 1387 1321 1401 «
1349 1398 1369 1404 ..
1403 1375 1542 1414 episcopo
1565 1375 1794 1405 silvanectensi.
1833 1378 2037 1415 congregato
2072 1378 2275 1410 Nivernensi

1238 1450 1239 1455 ,
1267 1428 1411 1466 capitulo
1429 1428 1468 1457 ad
1487 1428 1680 1458 electionem
1699 1429 1800 1458 suturi
1822 1430 1974 1467 pastoris,
1994 1439 2032 1460 ne
2057 1431 2146 1461 tieret
2163 1432 2279 1463 electio

197 1500 287 1538 regia
300 1499 474 1533 celsitudo,
488 1500 577 1538 quod
589 1500 660 1530 Deo
674 1501 705 1530 et
720 1499 816 1530 nobis
827 1508 899 1530 esse
908 1499 1014 1538 possit
1027 1501 1209 1538 acceptum,
1238 1513 1239 1522 1

196 1554 227 1583 et
249 1553 424 1592 providere
454 1552 517 1591 ipsi
546 1552 794 1591 archiepiscopo
822 1552 919 1582 aliter
946 1561 1011 1582 non
1039 1560 1208 1590 cogamur.

1238 1551 1239 1554 =
1266 1534 1375 1572 posita
1392 1542 1433 1563 ex
1448 1535 1539 1572 parte
1562 1556 1581 1563 ..

196 1606 272 1636 Dat.
289 1606 456 1640 Laterani,
481 1605 510 1635 V
528 1605 603 1636 idus
629 1606 720 1640 maii,
749 1606 961 1644 pontificatus
990 1606 1093 1635 nostri
1122 1614 1209 1636 anno
1238 1629 1239 1640 ,

196 1660 324 1698 quarto.
350 1671 365 1686 n

266 1841 339 1872 4²52

801 1839 919 1872 Latran,
937 1839 967 1865 11
984 1839 1042 1866 mai
1059 1840 1136 1865 1230.

233 1923 360 1956 ltodoll'o,
380 1923 498 1957 plebano
517 1923 652 1949 ecelesiae
669 1923 702 1950 de
719 1923 847 1950 Porzeim
870 1923 914 1958 (z
929 1923 1090 1949 Pt'orzheim
1101 1924 1208 1955 ‘?),con⁴

198 1971 270 1998 cedit
287 1974 315 1998 ut
337 1971 490 1998 ecclesiam
509 1972 642 1998 eamdem
666 1980 732 1998 cum
757 1972 879 1998 ecelesia
910 1972 1006 1999 Sancti
1026 1971 1155 2002 Quintini
1175 1972 1208 1997 de

199 2021 343 2055 Magantia
363 2028 453 2054 nuper
470 2020 495 2047 ei
516 2020 756 2047 collataretinere
779 2021 879 2054 possit,
903 2028 959 2047 nou
981 2021 1110 2047 obstante
1128 2027 1208 2047 cons-

198 2069 330 2096 titutione
351 2069 462 2096 concilii
485 2069 637 2103 generalis.
669 2084 702 2088 —
728 2069 808 2103 (lice.
838 2071 879 2100 15,
899 2068 918 2096 f.
945 2070 974 2095 13
1002 2076 1050 2101 v0;
1072 2077 1140 2095 ann.
1166 2069 1210 2099 IV,

199 2119 287 2151 0215
308 2133 341 2137 -
357 2118 477 2144 Monmu
498 2117 612 2149 1186,1“.
631 2119 677 2150 -37;
696 2132 726 2136 -
746 2118 888 2144 ΡοττΒΑετ
904 2117 997 2147 8351.)

242 2225 256 2238 «1
276 2211 417 2250 ltodolso,
427 2211 555 2251 plebano
566 2210 686 2241 ecclesie
697 2211 733 2241 de
750 2211 897 2241 Porzeim.
913 2211 975 2247 Qui
990 2211 1122 2250 proprie
1138 2220 1210 2250 pro-

198 2265 310 2295 bitatis
325 2282 374 2293 —.
395 2265 470 2295 Dat.
489 2265 653 2299 Laterani,
669 2265 698 2294 V
715 2264 789 2294 idus
805 2264 896 2301 maii,
908 2264 1121 2304 pontificatus
1139 2273 1211 2295 nos-

200 2318 240 2348 tri
259 2327 344 2348 anno
361 2319 488 2357 quarto.
506 2331 519 2344 υ

266 2499 338 2530 453
742 2498 858 2531 Lau-an,
876 2497 922 2533 [⁶22
942 2497 1014 2524 avril
1034 2497 1138 2533 12301.]

235 2582 364 2609 Ministro
382 2582 492 2609 ordinis
510 2581 634 2609 fratrum
652 2581 792 2609 Miuorum
809 2582 926 2617 ejusque
944 2582 1081 2609 fratribus
1097 2590 1211 2609 moran-

199 2630 274 2657 tibus
289 2630 364 2665 apud
374 2630 527 2658 ecclesiam
547 2631 619 2658 beati
646 2631 802 2664 Francisci,
820 2631 848 2657 in
866 2631 926 2658 loeo
942 2631 989 2666 qui
1006 2631 1111 2658 dicitur
1124 2631 1210 2658 Collis

201 2679 339 2711 l'aradisi,
358 2681 458 2706 notum
476 2679 543 2706 t'acit
560 2687 589 2706 se
605 2680 738 2706 eamdem
755 2679 907 2707 ecclesiam
923 2680 1132 2715 protegendam
1149 2688 1210 2707 sus-

198 2727 305 2762 cipere,
322 2730 452 2755 statuens
469 2730 501 2755 ut
514 2728 636 2755 ecclesia
649 2728 711 2763 ipsa
725 2728 795 2755 nulli
812 2729 866 2755 nisi
884 2729 1012 2755 Romano
1027 2728 1155 2756 Pontifici
1173 2729 1211 2756 sit

199 2775 337 2811 subjecta,
355 2778 383 2803 et
398 2776 508 2803 ordinis
529 2777 655 2803 fratrum
673 2776 814 2804 Minerum
837 2779 920 2811 caput
937 2776 1079 2803 habeatur
1095 2779 1124 2803 et
1144 2784 1211 2803 ma-

199 2827 258 2858 ler3
282 2825 318 2852 ad
344 2825 482 2852 iudicium
503 2828 601 2852 autem
625 2825 709 2861 hujus
735 2825 876 2853 libertatis
897 2825 933 2852 ab
953 2825 1118 2860 Apostolica
1140 2825 1210 2852 Sede

201 2876 361 2908 perceptae,
382 2874 466 2901 unius
491 2873 582 2901 librae
598 2881 680 2900 cerae
699 2881 786 2901 censu
813 2874 908 2902 curiae
935 2874 1086 2901 annuatim
1105 2874 1212 2908 persol-

226 2976 257 3000 1.
273 2976 349 3000 cette
363 2974 426 2999 date
439 2977 482 2999 est
498 2974 660 3005 ampruntee
673 2974 690 2998 a
704 2973 843 3000 Potthast.
872 2982 875 2986 ·

1269 1480 1335 1510 nisi
1352 1481 1511 1510 canonica
1525 1481 1633 1510 extitit
1649 1482 1862 1520 appellatum,
1880 1483 2086 1521 appelatione
2103 1484 2167 1514 alia
2182 1485 2280 1515 inter-

1602 1534 1728 1570 ‹lecani‚
1748 1543 1788 1564 110
1808 1535 1887 1573 quid
1910 1536 2041 1566 deberet
2060 1537 2093 1567 in
2107 1537 2280 1576 dignitatis

1268 1595 1327 1616 sue
1352 1587 1575 1626 prejudicium
1596 1587 1792 1626 attemptari.
1822 1588 1971 1618 Tandem
1993 1591 2280 1622 consentientibus

1238 1647 1239 1656 ¹
1268 1639 1442 1669 universis
1458 1640 1546 1678 quod
1563 1640 1761 1669 scrutinium
1773 1640 1877 1675 fieret,
1892 1642 1922 1670 et
1935 1650 1973 1670 eo
1985 1641 2069 1672 facto
2084 1652 2119 1672 ac
2135 1645 2278 1682 postmo-

1268 1692 1346 1722 dum
1360 1692 1540 1731 publicato,
1558 1701 1615 1731 per
1629 1692 1838 1723 collationem
1857 1694 2009 1732 apparuit
2025 1696 2112 1732 quod
2125 1697 2280 1728 tredecim

1268 1746 1302 1775 in
1321 1746 1494 1780 decanum,
1519 1747 1549 1775 et
1565 1745 1678 1775 decem
1700 1747 1730 1776 et
1754 1747 1838 1780 octo,
1858 1748 2043 1785 computato
2069 1751 2279 1786 procuratore

1269 1799 1443 1837 cujusdam
1460 1799 1616 1828 absentis.
1632 1800 1856 1829 convenerant
1873 1799 1906 1829 in
1919 1801 2098 1830 cantorem.
2110 1802 2185 1837 Qui,
2205 1811 2279 1833 cum

1268 1852 1381 1890 plures
1405 1852 1439 1881 in
1458 1860 1534 1881 eum
1551 1853 1581 1881 et
1598 1852 1772 1890 pauciores
1790 1852 1823 1882 in
1850 1852 1963 1888 alium,
1987 1854 2071 1884 sicut
2102 1856 2280 1893 apparebat

1269 1913 1311 1934 ex
1327 1905 1443 1935 eodem
1459 1905 1633 1941 scrutinio,
1656 1914 1717 1935 sua
1731 1905 1897 1935 desideria
1913 1906 2125 1943 direxissent,
2144 1917 2162 1937 a
2188 1910 2279 1947 parte.

1268 1966 1329 1987 sua
1351 1958 1475 1988 electus
1498 1958 1605 1988 extitit
1635 1958 1667 1988 in
1691 1959 1857 1997 pastorem
1882 1959 2018 1989 ecclesie
2046 1960 2279 1991 Nivernonsis.

1268 2011 1484 2040 Postmodum
1503 2011 1655 2040 credente
1672 2012 1763 2049 parte
1786 2011 1902 2041 decani
1919 2012 2006 2049 quod
2021 2012 2078 2041 alii
2098 2013 2279 2052 plurimum

1269 2063 1489 2102 deliquissent
1512 2063 1664 2102 eligendo
1689 2072 1865 2102 personam
1890 2065 2025 2094 scientie
2053 2065 2205 2096 litteralis
2225 2075 2279 2096 ex-

1268 2119 1407 2154 pertem,
1421 2117 1556 2146 deinum
1572 2116 1633 2145 zeli
1649 2116 1689 2146 ad
1708 2116 1815 2145 zelum
1828 2117 1858 2146 et
1871 2117 1979 2146 meriti
1991 2117 2030 2146 ad
2044 2119 2199 2148 meritum
2215 2119 2278 2149 col-

1269 2168 1393 2199 latione
1409 2168 1593 2207 prehabita,
1609 2169 1771 2199 decanum
1795 2169 1905 2208 ipsum
1921 2169 2020 2207 quiin
2038 2178 2112 2200 011111
2130 2180 2189 2200 sua
2207 2173 2280 2201 vota

1270 2222 1472 2256 dii-exerant,
1492 2222 1525 2251 in
1548 2230 1646 2251 suum
1670 2222 1861 2261 episcopum
1887 2222 2067 2260 elegerunt,
2091 2224 2132 2253 ad
2161 2224 2279 2254 Sedent

1270 2275 1496 2314 Apostolicam
1530 2274 1747 2313 appellantes.
1780 2275 2057 2306 Procuratoribus
2086 2277 2184 2314 igitur
2207 2286 2280 2316 par-

1269 2328 1350 2358 tium
1382 2328 1415 2357 in
1449 2328 1560 2358 nostra
1570 2327 1739 2366 presentia
1759 2328 1956 2364 constitutis,
1978 2329 2151 2367 petebatur
2179 2339 2197 2359 a
2226 2339 2280 2360 no-

1268 2380 1321 2411 bis
1340 2382 1386 2415 ut,
1403 2382 1532 2410 cassato
1550 2380 1638 2419 qnod
1653 2382 1885 2419 presumptum
1909 2382 1957 2411 est
1974 2382 2013 2411 de
2038 2383 2183 2419 cantore,
2206 2392 2281 2413 cnm

1269 2435 1428 2464 miserum
1445 2434 1487 2463 sit
1498 2434 1627 2464 assumi
1643 2442 1718 2464 eum
1731 2434 1863 2472 quinon
1880 2434 1942 2464 fuit
1964 2434 2149 2474 discipulus
2169 2436 2201 2466 in
2213 2445 2280 2466 ma-

1269 2487 1421 2526 gistrum,
1432 2488 1461 2517 et
1476 2487 1533 2525 qui
1543 2487 1716 2517 scientiam
1730 2487 1884 2526 reppulit,
1897 2487 1939 2517 sit
1953 2496 1970 2517 a
1984 2488 2166 2518 sacerdotio
2177 2489 2281 2527 repel-

1269 2541 1400 2576 lendus,
1427 2540 1646 2570 consideratis
1681 2540 1801 2570 studiis
1828 2540 2021 2579 eligentium
2047 2543 2077 2571 et
2101 2542 2282 2573 eminentia

1270 2594 1463 2624 meritorum
1493 2593 1600 2629 electi,
1623 2594 1898 2624 confirmaremus
1929 2594 2124 2624 electionem
2151 2595 2277 2625 decani.

1269 2647 1309 2677 ad
1332 2647 1427 2686 cujus
1443 2647 1614 2682 electores,
1630 2647 1705 2676 aliis
1715 2647 1897 2677 secundum
1915 2648 2035 2677 statuta
2049 2648 2282 2678 Latcranensis

1269 2701 1402 2731 concilii
1425 2701 1497 2740 ipso
1512 2701 1587 2739 jure
1607 2701 1759 2739 privatis,
1778 2700 1921 2738 eligendi
1937 2702 2081 2739 potestas
2103 2702 2209 2731 extitit
2227 2702 2281 2732 de-

1270 2754 1383 2784 voluta
1401 2763 1408 2790 3
1431 2753 1572 2792 reliquis
1594 2762 1611 2783 e
1636 2754 1749 2784 contra
1766 2752 1955 2792 petentibus
1974 2754 2009 2782 ut
2029 2753 2151 2783 irritari
2166 2754 2283 2784 decani

1270 2806 1476 2842 electionem,
1490 2807 1712 2845 attemptatam
1725 2814 1743 2835 a
1756 2805 1969 2844 paucioribus
1981 2807 2091 2845 etpost
2106 2806 2204 2837 aliam
2215 2816 2282 2838 non

1270 2861 1446 2895 cassatam,
1463 2861 1494 2890 et
1517 2860 1714 2889 contirmare
1731 2858 1904 2897 reliquam,
1920 2858 2021 2888 veluti
2035 2859 2191 2890 canonice
2200 2859 2282 2891 cele-

1271 2913 1401 2944 bratam
1417 2922 1436 2943 a
1447 2912 1600 2951 pluribus
1611 2912 1650 2942 de
1668 2920 1810 2950 persona
1828 2911 1957 2946 idonea,
1969 2912 2192 2950 dignaremur.
2209 2912 2281 2944 Nos

1273 2966 1386 3006 igitur,
1402 2965 1525 2996 auditis
1540 2967 1571 2996 et
1585 2965 1761 2995 intellectis
1775 2964 1841 2995 hiis
1857 2966 1887 2995 et
1898 2964 1974 2995 aliis
1985 2973 2048 3004 que
2065 2965 2197 2996 suerunt
2208 2974 2283 3006 pro-
