2498 3242
206 267 281 299 1073

201 342 278 364 rum
289 333 518 372 episcoporum
533 337 564 364 et
577 333 800 372 capitulorum
817 333 1110 374 appellationibus,
1127 342 1164 363 ac
1180 333 1220 363 de

1060 260 1277 298 HUITIEME
1298 259 1458 298 ANNEE.

1259 333 1264 381 l

205 385 281 416 aliis
300 386 410 424 ipsum
429 386 600 424 negotium
621 387 894 426 contingentibus
916 387 1055 417 veritate
1077 386 1221 423 diligen·
1260 385 1263 435 ἶ

206 438 273 469 tius
288 438 464 478 inquisita,
478 438 566 478 quod
579 448 679 478 super
692 439 754 470 hoc
770 440 950 476 invenires,
967 439 1062 470 nobis
1078 439 1221 470 fideliter
1260 471 1263 477 1

205 490 392 526 intimares,
411 487 450 522 et’
463 491 636 522 nonnullis
652 493 737 523 sorte
751 493 879 523 veniret
896 493 930 522 in
950 493 1099 527 dubium,
1121 501 1162 522 an
1181 492 1220 522 de
1261 482 1263 494 ⁵

206 543 317 574 causis
339 553 398 582 pro
421 544 543 583 quibus
564 545 779 575 interdictum
803 549 853 575 est
873 545 1028 584 positum,
1050 545 1221 584 inquirere

208 596 269 627 tibi
281 596 416 627 liceret:
433 597 601 628 devotioni
614 601 669 628 tue
683 602 794 628 tenore
812 598 1017 636 presentium
1034 598 1221 628 innotescat
1261 635 1263 642 Ι

207 654 320 680 nostre
341 650 540 680 intentionis
561 651 703 682 existere
724 655 760 681 ut
780 661 838 690 per
856 651 1110 690 inquisitionem
1130 655 1222 680 tuam

208 702 247 733 de
273 703 466 733 memoratis
494 704 604 734 causis
627 704 807 735 debeamus
836 705 908 735 lieri
935 705 1105 734 certiores.
1132 704 1221 740 Quo-

208 755 298 786 circa
310 755 508 786 mandamus
525 761 690 795 quatenus
707 757 746 787 de
761 757 871 787 causis
884 757 977 795 ipsis,
991 757 1077 787 sicut
1091 756 1129 786 de
1144 756 1220 786 aliis

208 807 372 843 articulis,
383 808 563 846 diligenter
577 809 831 849 inquirasjuxta
845 810 999 839 traditam
1010 809 1069 839 tibi
1080 809 1220 839 sormam

206 861 243 891 in
264 860 386 891 litteris
409 861 598 892 antedictis.
621 863 694 892 Dat.
718 863 836 894 Reate.
854 863 932 893 XVI
951 862 1110 892 kalendas
1123 861 1217 900 julii,

208 922 295 944 anno
311 918 436 944 octavo.
459 926 472 941 »

281 1085 396 1114 1974
836 1086 922 1119 Rieti,
942 1086 1048 1121 16311111
1067 1086 1144 1114 1234.

242 1146 387 1182 Episcopo
400 1147 600 1174 xanctonensi
617 1149 762 1183 significat
773 1157 805 1175 se
821 1149 914 1183 ipsius
925 1149 1108 1181 electionem,
1118 1148 1154 1175 de
1170 1157 1218 1175 cu-

203 1197 255 1231 jus
272 1197 417 1223 validitate
431 1198 506 1223 idem
524 1197 680 1232 episcopus
696 1198 861 1230 dubitabat,
875 1202 1025 1233 propterea
1041 1198 1118 1232 quod
1139 1199 1218 1232 capi-

206 1245 298 1270 tulum
316 1245 458 1270 ecclesiae
475 1244 708 1277 Xanctonensis,
727 1251 857 1280 tempore
873 1245 967 1272 dietae
983 1246 1149 1277 electionis,
1167 1254 1215 1272 ex-

206 1293 478 1319 communicationis
495 1294 609 1319 vinculo
629 1294 797 1326 tenebatur,
814 1294 995 1321 confirmare.
1018 1310 1050 1314 —-
1071 1294 1156 1328 (ttae.
1177 1295 1217 1327 17,

205 1339 225 1367 f.
245 1341 294 1367 188
313 1348 355 1372 v⁰;
373 1350 439 1368 ann.
458 1340 538 1373 vlu,
555 1349 581 1369 0.
603 1342 667 1373 122;
685 1357 718 1361 -—
734 1342 853 1369 Moneau
872 1342 949 1375 1189,
967 1343 984 1369 f.
1002 1344 1057 1376 70.)

250 1454 262 1468 κ
284 1465 303 1471 ..
318 1444 453 1480 episcopo
469 1445 684 1473 Ᾱάησιοηεηεί.
700 1443 934 1474 Fraternitatis
952 1448 1005 1473 tue
1023 1443 1152 1473 litteras
1167 1462 1216 1473 —.

207 1496 279 1526 Dat.
299 1496 414 1531 Reate,
431 1497 510 1527 XVI
527 1496 687 1527 kalendas
700 1496 790 1536 julii,
812 1506 899 1528 anno
917 1501 1043 1527 octavo.
1063 1510 1076 1524 η

279 1673 396 1703 Ιθῖῧ
835 1675 924 1708 Rieti,
940 1676 1048 1710 ‘zssjuin
1066 1676 1144 1704 1234.

240 1735 384 1771 Episcopo
397 1736 602 1763 Aurelianensi
619 1736 733 1764 mandat
747 1741 892 1772 quatenus
903 1739 1040 1773 episcopo
1053 1743 1080 1765 et
1091 1739 1217 1774 capitulo

204 1783 459 1815 Macloviensffius,
471 1793 487 1811 a
502 1784 619 1820 [Petr01,
631 1786 737 1812 comite
754 1785 930 1818 Britanniae,
945 1794 961 1813 e
977 1786 1092 1814 civitate
1110 1787 1218 1814 Maelo-

204 1832 298 1859 viensi
314 1833 455 1868 expulsis,
472 1833 507 1860 ab
520 1833 665 1868 aliquibus
680 1834 827 1870 episcopis
842 1835 887 1861 vel
904 1835 1088 1862 monasteriis
1100 1836 1218 1870 provin-

203 1881 265 1908 ciae
291 1881 539 1916 Rothomagensis
562 1881 647 1909 saciat
667 1882 694 1909 in
715 1883 790 1909 vitae
811 1884 986 1910 necessariis
1008 1884 1162 1919 provideri.
1183 1899 1216 1905 -—

204 1930 288 1963 (Rae.
308 1931 350 1962 17,
367 1930 386 1958 f.
408 1930 456 1957 189
472 1936 514 1962 r⁰;
531 1939 597 1957 ann.
619 1930 698 1963 VIII,
714 1939 740 1958 0.
761 1931 874 1963 1-23;—
888 1932 1007 1959 Meni-:Au
1026 1933 1110 1966 11149,
1127 1933 1145 1959 f.
1164 1933 1216 1967 88;

202 1993 236 1998 ——
249 1977 397 2006 Pon-nasa·
411 1978 503 2009 9478.)

245 2092 258 2107 «
279 2103 298 2109 ..
316 2081 451 2118 episcopo
465 2081 694 2110 Aurelianensi.
713 2081 836 2111 Omnes
849 2081 905 2120 qui
920 2090 1023 2112 unum
1041 2100 1089 2111 —.
1108 2083 1216 2112 Lacri-

203 2132 337 2163 mabilis
357 2133 524 2172 siquidem
545 2133 748 2164 venerabilis
768 2134 883 2164 fratris
905 2135 1010 2165 nostri
1033 2158 1050 2163 ..
1071 2135 1217 2174 episcopi

203 2190 235 2216 et
261 2185 399 2224 capituli
430 2185 706 2216 MacloviensIum
735 2186 775 2217 ad
805 2195 865 2217 nos
892 2187 1028 2226 querela
1052 2188 1215 2226 pervenit,

204 2239 292 2279 quod
308 2238 431 2269 nobilis
448 2239 498 2268 vir
518 2262 534 2268 ..
552 2248 661 2269 comes
676 2240 852 2270 Britannie
868 2239 972 2270 inulta
989 2241 1083 2270 nisus
1097 2245 1147 2270 est
1162 2250 1217 2271 eo-

202 2302 278 2322 rum
301 2292 475 2322 ecclesiam
499 2292 676 2322 afflictione
699 2301 827 2327 vexare,
851 2297 881 2323 et
903 2293 1072 2323 civitatem
1093 2293 1218 2324 Maelo-

203 2345 371 2380 viensem,
405 2354 468 2383 que
498 2345 581 2383 ipsis
613 2345 834 2383 spiritualiter
861 2350 890 2375 et
917 2346 1144 2384 temporaliter
1167 2351 1217 2376 est

203 2398 368 2437 subjecta,
402 2397 522 2427 violata
549 2398 692 2437 justitia,
727 2407 784 2437 per
815 2398 1008 2429 violentiam
1038 2408 1214 2438 occupans,

203 2450 289 2481 bona
306 2459 420 2481 eorum
436 2450 561 2480 ibidem
579 2451 715 2481 inventa
730 2451 778 2481 eis
794 2460 852 2490 per
866 2460 943 2481 suos
960 2452 1086 2482 balivos
1102 2462 1217 2491 prece-

202 2504 251 2543 pit
267 2504 405 2539 auferri,
424 2508 455 2534 et
471 2503 511 2533 ad
528 2508 637 2534 castra
653 2513 713 2534 sua
731 2504 858 2540 vinum,
879 2504 1013 2535 bladum
1029 2509 1059 2535 et
1077 2505 1143 2535 alia
1161 2514 1216 2536 eo-

202 2566 278 2588 rum
293 2557 535 2595 hominumque
554 2566 690 2587 suorum
709 2557 811 2588 victui
828 2558 1019 2588 necessaria
1037 2558 1214 2597 deportari,

204 2613 250 2640 tot
277 2609 426 2648 affligens
457 2618 512 2639 eos
542 2609 706 2640 molestiis
736 2614 848 2649 totque
877 2611 1078 2649 calumpniis
1105 2612 1216 2650 oppri-

202 2671 298 2693 mens
309 2685 316 2698 ,
332 2662 419 2702 quod
432 2662 583 2701 expirare
599 2667 758 2701 cogentur
773 2663 808 2693 in
827 2663 931 2698 brevi,
952 2664 1017 2694 nisi
1034 2673 1090 2694 eos
1107 2665 1216 2694 Domi-

203 2725 267 2746 nus
294 2715 419 2746 trihuat
447 2715 624 2754 respirare.
657 2716 783 2753 Quare,
812 2726 886 2746 cum
919 2721 1011 2747 extra
1039 2717 1216 2748 eeclesiam

202 2777 297 2800 suam
313 2769 447 2799 exulare
463 2773 634 2807 cogantur,
654 2778 714 2800 nec
731 2770 874 2800 habeant
891 2771 977 2801 unde
995 2771 1059 2801 sibi
1077 2771 1142 2801 vite
1162 2780 1216 2801 ne-

202 2823 349 2854 cessaria
364 2821 497 2852 valeant
510 2822 714 2858 ministrare,
729 2832 829 2862 super
841 2823 901 2854 hoc
913 2823 1103 2862 Apostolice
1120 2824 1216 2854 Sedis

201 2875 387 2907 remedium
404 2875 637 2914 implorarunt.
655 2876 818 2913 Quocirca
834 2876 1031 2907 mandamus
1050 2881 1216 2916 quatenus

202 2929 300 2960 dictis
317 2928 470 2967 episcopo
488 2932 520 2958 et
535 2928 695 2968 capitulo,
714 2929 743 2960 si
762 2938 827 2960 non
843 2929 967 2960 habent
983 2929 1071 2960 unde
1087 2930 1217 2968 possint

327 2987 514 3019 ennomus:
532 2994 584 3026 1x,
602 2997 620 3019 t.
640 2994 661 3020 1.

2238 273 2313 303 1074

1302 333 1471 363 commode
1495 335 1688 370 sustentari,
1717 344 1756 364 ne
1781 335 1970 366 mendicare
1991 341 2161 374 cogantur,
2187 338 2228 367 ab
2250 338 2313 368 ali-

1302 385 1424 424 quibus
1447 386 1611 425 episcopis
1631 387 1682 417 vel
1704 388 1917 418 monasteriis
1940 389 2109 426 provincie
2133 390 2313 421 Rothoma-

1302 439 1426 476 gensis,
1449 439 1551 469 donee
1576 439 1615 469 ad
1639 439 1813 469 ecclesiam
1838 450 1931 470 suam
1956 441 2095 477 valeant,
2121 441 2312 482 hujusmodi

1303 490 1502 521 adversitate
1525 495 1694 526 cessante,
1719 492 1844 525 redire,
1866 493 1971 523 facias
1988 495 2183 525 auctoritate
2201 500 2313 526 nostra

1302 543 1336 572 in
1362 543 1427 573 vite
1452 544 1652 574 necessariis
1676 553 1820 581 congrue
1841 546 2007 583 provideri
2031 564 2079 575 —.
2101 548 2173 577 Dat.
2197 549 2310 584 Reate,

1301 596 1347 626 VI
1362 595 1522 626 kalendas
1535 596 1624 636 Julii‚
1643 606 1730 627 anno
1747 601 1872 627 octavo.
1893 610 1906 624 ι)

1375 766 1490 794 19⁷8

1338 827 1437 854 Eidem
1455 828 1589 855 similiter
1605 829 1716 862 scribit,
1734 830 1830 856 verbis
1849 831 1981 863 unitatis,
2000 840 2050 866 pro
2064 831 2235 858 Trecorensi
2252 834 2314 867 epi-

1301 885 1401 912 scopo,
1425 888 1440 903 a
1463 877 1588 904 diversis
1611 879 1752 905 militibus
1774 879 1800 905 in
1823 880 1956 906 exsilium
1981 882 2085 914 ejecto.
2109 896 2139 899 —
2161 881 2244 912 (Rau.
2270 881 2311 914 17,

1928 769 2015 796 nien,
2033 770 2066 795 2*ss
2082 770 2143 803 μω,
2165 770 2240 797 wal.

1259 921 1262 949 ἶ
1301 926 1318 952 l.
1349 926 1398 953 189
1425 933 1465 956 l·⁰;
1489 935 1554 953 ann.
1579 926 1658 957 VIII,
1683 935 1708 954 c.
1736 927 1802 957 124;
1824 942 1858 948 —
1881 928 1998 955 Monam
2024 929 2099 961 1189,
2124 929 2140 955 f.
2163 930 2197 957 89
2214 936 2258 963 νος
2281 945 2313 950 -

1302 973 1449 1002 PoTTuAs‘r
1465 975 1549 1005 94773
1565 989 1602 995 —
1616 976 1652 1002 cs.
1670 983 1766 1009 supra,
1785 983 1815 1002 n⁰
1835 977 1921 1007 1765.)

1343 1088 1355 1102 «
1374 1076 1490 1105 Eidfm.
1509 1076 1634 1107 Omnes
1654 1077 1723 1115 [qui
1743 1079 1859 1115 unum]
1880 1095 1929 1106 —.
1952 1078 2184 1110 Lacrimahilis
2205 1080 2312 1119 siqui-

1300 1128 1373 1158 dem
1397 1128 1598 1159 venerabilis
1620 1129 1735 1159 fratris
1758 1131 1862 1160 nostri
1888 1154 1907 1159 ..
1930 1131 2143 1162 Trecorensis
2167 1133 2313 1172 episcopi

1285 1181 1341 1226 ‘ad
1357 1190 1416 1211 nos
1433 1181 1567 1220 querela
1582 1183 1744 1220 pervenit,
1766 1184 1851 1222 quod
1871 1184 1939 1218 w..
1957 1183 2047 1214 filius
2065 1185 2216 1219 Oliverii,
2234 1186 2313 1216 Ala-

1301 1242 1363 1263 nus
1387 1234 1425 1264 de
1452 1234 1561 1264 Boloi.
1587 1235 1786 1271 Gaurridus,
1812 1236 1900 1266 lilius
1924 1237 2098 1275 Rad[ulfi],
2120 1238 2261 1276 milites,
2281 1243 2313 1269 et

1300 1286 1362 1315 filii
1379 1287 1591 1323 Quemmaret
1608 1288 1646 1318 de
1664 1289 1845 1319 Lamadeth
1864 1294 1893 1319 et
1911 1290 2046 1329 quidam
2066 1291 2123 1322 alii
2142 1296 2312 1323 consortes

1300 1339 1461 1377 nequitie.
1479 1341 1692 1371 Trecorensis
1716 1347 1748 1372 et
1767 1342 2026 1380 Corisopitensis
2046 1344 2231 1379 diocesum,
2254 1354 2312 1383 pro

1301 1401 1337 1422 eo
1355 1392 1441 1431 quod
1462 1393 1549 1422 idem
1570 1394 1744 1432 episcopus
1761 1396 1956 1425 auctoritate
1977 1397 2156 1434 apostolica
2177 1403 2314 1427 senten-

1300 1445 1379 1474 tiam
1396 1446 1750 1476 exconununirationis
1767 1447 1799 1475 in
1819 1448 1987 1477 Eudonem
2009 1449 2149 1479 militen]
2166 1450 2313 1487 promul-

1300 1497 1370 1535 gari
1389 1498 1529 1532 fecerat,
1552 1498 1586 1527 in
1604 1498 1711 1537 ipsum
1732 1499 1899 1530 hostiliter
1921 1501 2150 1539 insurgentes,
2171 1502 2313 1532 bomini-

1299 1550 1362 1580 bus
1391 1551 1463 1590 ejus
1490 1551 1595 1589 captis
1627 1556 1657 1581 et
1688 1552 1727 1581 ad
1763 1552 2024 1590 redemptionem
2055 1555 2250 1593 compulsis,
2282 1560 2314 1586 et

1299 1608 1442 1642 quatuor
1460 1612 1498 1633 ex
1517 1604 1565 1633 eIs
1582 1604 1617 1633 in
1634 1605 1718 1635 ostio
1738 1605 1862 1643 capelle
1881 1615 1939 1636 sue
1961 1606 2140 1637 crudeliter
2155 1608 2314 1638 intersec-

1299 1657 1352 1693 tis,
1373 1662 1403 1687 et
1419 1657 1587 1687 civitatem
1602 1658 1838 1688 Trecorensem
1853 1667 1890 1688 ac
1906 1660 2092 1689 manerium
2109 1661 2215 1698 ipsius
2230 1661 2313 1699 epis-

1299 1710 1383 1749 copi,
1402 1710 1489 1749 quod
1506 1710 1649 1740 habehat
1663 1710 1799 1746 ibidem,
1814 1712 1968 1750 nequiter
1981 1712 2204 1746 devastantes.
2223 1714 2313 1745 cives

1299 1763 1520 1793 Trecorenses
1544 1763 1721 1802 utriusque
1743 1773 1841 1794 sexus
1861 1764 2010 1795 inclusos
2033 1766 2067 1795 in
2094 1766 2235 1797 ecclesia
2259 1776 2314 1797 ca-

1300 1816 1443 1847 thedrali
1468 1817 1594 1847 diutius
1620 1821 1815 1852 tenuerunt,
1841 1818 1889 1848 eis
1912 1827 1970 1856 per
1995 1819 2168 1849 custodum
2199 1820 2314 1851 obser-

1298 1870 1430 1900 vantias
1446 1870 1635 1905 interdicto,
1651 1870 1751 1900 etiam
1768 1871 1809 1900 ad
1823 1880 2032 1902 communem
2051 1882 2150 1902 usum
2166 1873 2312 1904 humane

1298 1923 1521 1957 necessitatis,
1542 1931 1694 1961 egi-essm
1717 1928 1748 1953 et
1767 1928 1923 1962 tanquam
1940 1925 1974 1953 in
1995 1934 2061 1955 una
2083 1926 2223 1956 ecclesia
2246 1935 2312 1957 non

1298 1976 1362 2005 ista
1384 1976 1589 2012 sufficerent,
1609 1984 1728 2005 manus
1750 1976 1789 2005 ad
1813 1976 1896 2006 alias
1919 1978 2095 2007 extendere
2118 1979 2310 2017 sacrilegas,

1298 2028 1333 2057 in
1355 2028 1489 2067 quibus.
1508 2033 1579 2067 post
1600 2028 1783 2058 hostiorum
1802 2030 1993 2064 fracturam,
2013 2030 2174 2061 bonorum
2193 2036 2241 2061 est
2259 2042 2313 2062 as-

1298 2082 1440 2120 portatio
1461 2081 1650 2112 subsecuta.
1674 2082 1777 2112 Iidem
1801 2092 1942 2122 quoque,
1967 2088 2039 2121 post
2059 2084 2162 2114 multa
2187 2085 2312 2115 scelera

1299 2144 1362 2174 que
1385 2135 1419 2164 in
1445 2144 1500 2165 eos
1529 2135 1734 2165 committere
1761 2141 2049 2174 presumpserunt,
2073 2141 2103 2167 et
2125 2138 2313 2167 reverentia

1299 2188 1412 2217 divina
1427 2192 1457 2217 et
1475 2197 1644 2218 sacrorum
1661 2188 1815 2218 ordinum
1833 2189 1968 2218 omnino
1982 2189 2118 2225 calcata,
2134 2190 2221 2220 clero
2237 2191 2312 2221 Tre-

1299 2240 1430 2270 corensi
1448 2245 1565 2279 parant
1584 2241 1741 2276 insidias,
1763 2241 1916 2272 inventos
1937 2243 2071 2281 capiunt
2092 2247 2122 2273 et
2142 2248 2253 2281 captos
2272 2244 2312 2273 ad

1298 2293 1559 2331 redemptionem
1583 2293 1782 2332 compellunt
1805 2304 1862 2333 per
1878 2294 2026 2325 diversos
2045 2305 2216 2334 corporum
2237 2306 2313 2326 cru-

1299 2348 1418 2378 ciatus.
1435 2349 1579 2384 Deinde,
1602 2353 1635 2378 ut
1653 2349 1693 2379 ad
1711 2349 1880 2379 cumulum
1897 2351 2136 2388 premissorum
2153 2351 2311 2389 grandem

1299 2401 1534 2432 contumeliam
1556 2402 1692 2439 grandis
1713 2407 1921 2441 conlemptus
1945 2403 2105 2437 adiceret,
2131 2409 2313 2442 posuerunt

1298 2455 1414 2493 Dagon
1435 2455 1529 2494 juxta
1554 2464 1680 2490 arcam,
1708 2455 1803 2494 quasi
1830 2455 1887 2485 alii
1915 2456 2085 2491 philistei,
2113 2461 2142 2486 et
2168 2461 2311 2487 statuam

1299 2507 1501 2538 adorandam
1531 2507 1669 2538 Chaldei
1702 2507 1893 2547 hujusmodi
1925 2509 2081 2547 temporis
2116 2514 2309 2541 erexerunt.

1299 2561 1393 2596 dum,
1417 2561 1582 2599 quendam
1607 2561 1812 2599 prophanum
1830 2561 1869 2590 ad
1896 2561 2028 2590 titulum
2045 2561 2190 2600 episcopi
2216 2571 2312 2592 assu-

1298 2617 1438 2647 mentes,
1451 2614 1672 2643 irreverenter
1685 2613 1910 2651 antiepiscopo
1924 2614 2144 2644 reverenliam
2158 2614 2311 2653 episcopo

1298 2666 1444 2697 debitam
1469 2666 1642 2701 exhibent,
1671 2671 1702 2695 et
1725 2676 1823 2696 suum
1846 2666 2036 2704 episcopum
2059 2667 2158 2696 verbo
2181 2667 2308 2702 dicunt,

1299 2728 1397 2758 quem
1422 2719 1487 2749 sibi
1510 2719 1567 2749 tali
1589 2720 1674 2749 l'acto
1698 2719 1862 2749 fecerunt.
1884 2723 1918 2748 ut
1942 2719 2039 2749 talem
2062 2719 2223 2758 prelatum
2256 2714 2325 2750 lia-¹

1298 2772 1396 2802 beant
1413 2772 1461 2802 sic
1477 2772 1634 2811 subjectI;
1652 2771 1880 2810 propterquod
1898 2781 1962 2801 non
1980 2771 2087 2802 solum
2104 2771 2310 2810 blasphemo-

1298 2834 1372 2855 rum
1387 2825 1524 2865 injuriis
1543 2829 1591 2855 est
1607 2824 1755 2863 exposita
1773 2833 1895 2862 sponsa
1915 2824 2057 2859 Christi,
2079 2833 2193 2854 verum
2209 2825 2309 2854 eliam

1299 2877 1407 2917 quoad
1427 2887 1483 2908 eos
1503 2877 1707 2915 contemptui
1731 2876 1826 2906 datus
1847 2881 1897 2906 est
1915 2877 1984 2915 ipse
2003 2876 2170 2908 Christus.
2187 2877 2308 2914 Quare,

1299 2939 1374 2961 cum
1390 2930 1498 2961 dictus
1516 2930 1690 2969 episcopus
1707 2933 1796 2959 extra
1814 2929 1989 2959 ecclesiam
2004 2938 2098 2959 suam
2112 2928 2246 2959 exulare
2259 2938 2310 2960 co-

2156 2994 2187 3018 68
