2498 3242
140 304 214 336 1053
994 278 1211 336 nm'rmME
1232 297 1393 335 ANNEE.
2173 313 2249 344 1054

137 374 167 398 et
182 370 263 398 laicis
281 379 332 406 pro
348 373 427 398 certo
443 370 594 398 didicisset
610 371 778 407 capellanus
794 371 959 407 praedictus
976 371 1050 398 illam
1065 371 1151 405 longe

139 420 212 447 ultra
227 420 355 447 debitum
372 423 472 447 contra
489 419 683 447 Lateranense
699 420 852 448 concilium
869 423 1100 454 augmentatam,
1116 433 1153 440 —

136 469 162 496 si
187 469 299 496 noverit
322 469 361 496 ita
386 477 469 501 esse,
495 469 588 496 dictos
609 469 752 496 decanum
776 472 804 496 et
825 469 981 504 capitulum
1003 468 1151 496 remittere

137 517 306 552 hujusmodi
319 519 531 553 juramentum,
548 521 587 550 et,
605 519 671 553 ejus
687 518 863 553 obligatione
879 519 1010 549 remissa,
1029 521 1152 544 conten-

137 570 184 594 tos
197 567 324 594 existere
341 568 433 594 veteri
450 568 600 603 pensione,
617 567 781 602 compellat.
795 582 827 587 —
843 567 926 601 (Rae.
945 568 986 599 17,
1004 567 1023 594 f.
1041 567 1091 594 183
1109 573 1150 599 r⁰;

138 624 206 643 ann.
225 615 304 649 vni,
321 625 349 644 c.
366 616 423 649 81.)

182 730 194 744 «
218 741 237 747 ..
255 719 390 757 episcopo
407 719 622 748 Londoniensi.
641 718 691 749 Ad
711 718 918 749 audientiam
937 722 1085 749 nostram
1100 735 1150 747 —.

139 771 214 801 Dat.
231 771 399 806 Laterani,
419 772 451 802 II
464 771 540 802 idus
557 771 648 808 maii,
667 780 754 802 anno
771 776 894 802 octavo.
916 783 929 798 »

214 942 329 971 ¹929

174 1003 406 1039 Archiepiscopo
436 1004 637 1031 Cantuariensi
666 1008 695 1031 et
719 1004 850 1031 Roffensi
875 1005 1012 1039 episcopo
1038 1004 1153 1031 mandat

137 1041 293 1087 qnatenus,
310 1061 375 1080 cum
394 1052 530 1085 Rufinus,
551 1061 641 1087 nepos
660 1053 803 1088 Glualael,
821 1054 894 1080 tituli
917 1054 1015 1080 Sancti
1038 1053 1151 1080 Martini

137 1101 299 1137 presbyteri
315 1102 480 1136 cardinalis,
493 1101 707 1128 multitudinem
721 1102 940 1134 beneficiorum,
954 1110 1052 1129 curam
1065 1102 1150 1129 etiam

137 1149 305 1176 habentium
322 1150 493 1181 animarum,
507 1150 613 1176 babere
630 1149 787 1184 diceretur,
808 1159 884 1182 eum,
901 1150 935 1176 ad
950 1151 1044 1185 ipsius
1061 1159 1150 1186 papae

137 1199 330 1233 praesentiam
349 1203 517 1230 evocatum,
535 1198 726 1225 ducentarum
749 1207 908 1225 marcarum
926 1199 1087 1226 redditibus
1106 1199 1151 1226 sa-

134 1246 247 1273 cientes
263 1254 330 1273 esse
347 1249 526 1279 contentum,
545 1246 654 1281 reliqua
672 1256 722 1281 per
731 1246 796 1273 illos
812 1247 846 1273 ad
862 1255 936 1282 quos
953 1247 1069 1274 donatio
1085 1256 1151 1282 per-

135 1295 245 1322 tinebat
265 1295 449 1328 eorumdem,
465 1295 674 1330 appellatione,
697 1295 926 1322 contradictione
946 1299 975 1322 et
995 1296 1150 1330 dispensa-

134 1344 214 1371 tione
243 1344 337 1379 aliqua
368 1352 423 1371 non
454 1344 655 1376 obstantibus,
686 1352 752 1370 cum
784 1352 930 1379 nunquam
962 1344 1149 1371 residentiam

135 1393 254 1420 fecisset
269 1394 296 1419 in
313 1393 367 1424 eis,
386 1393 491 1419 faciant
508 1393 643 1427 personis
658 1392 771 1419 idoneis
787 1393 940 1427 assignari.
956 1409 989 1413 —
1003 1393 1087 1432 (Rea.
1106 1394 1148 1426 17,

135 1441 155 1470 f.
173 1441 223 1469 183
240 1447 282 1473 νος
299 1449 364 1468 ann.
384 1439 465 1473 VIII,
483 1449 508 1468 c.
525 1441 557 1468 8⁵2
573 1450 579 1472 ;
596 1455 632 1462 -
647 1441 684 1467 cf.
701 1449 797 1474 supra,
815 1448 846 1468 n⁰
865 1441 953 1474 1863.)

750 943 863 978 Latrim,
882 944 912 970 17
930 943 983 969 mai
1002 942 1079 970 1934.

177 1555 190 1570 (t
215 1567 235 1572 ..
259 1544 485 1582 archiepiscopo
507 1544 729 1574 Cantuariensi
750 1549 776 1573 et
803 1567 823 1572 ..
848 1544 977 1581 Roffensi
1003 1545 1148 1582 episcopo.

135 1596 207 1627 Etsi
221 1595 413 1636 Apostolica
429 1596 531 1627 Sedes
544 1614 592 1626 -.
611 1597 685 1626 Dat.
702 1596 874 1633 Laterani,
891 1597 972 1628 XVI
989 1596 1150 1627 kalendas

132 1649 233 1690 junii,
251 1649 465 1689 pontificatus
484 1649 591 1681 nostri
607 1659 694 1680 anno
711 1654 837 1680 octavo.
858 1663 870 1677 >2

209 1823 327 1852 1939
747 1823 862 1857 Lati-an,
880 1823 911 1851 12
928 1825 984 1851 mai
1002 1823 1078 1851 1234.

169 1885 315 1921 Episcopo
327 1885 479 1912 Aeduensi
495 1885 611 1912 mandat
626 1888 771 1920 quatenus
789 1886 873 1913 Petro
888 1886 1077 1926 sub—diacono,
1092 1887 1150 1920 cui,

133 1942 201 1962 cum
223 1935 251 1961 in
272 1935 384 1961 foveam
401 1933 435 1961 ad
453 1934 684 1961 comburendum
700 1934 880 1962 haereticum
895 1944 911 1962 a
927 1936 1069 1962 saeculari
1082 1937 1151 1971 jus-

135 1983 196 2010 titia
224 1983 448 2010 condemnatum
476 1986 693 2018 praeparatam,
719 1983 829 2018 lignum
860 1993 914 2011 sua
939 1993 1025 2012 manu
1050 1985 1151 2019 conje-

132 2033 232 2063 cisset,
251 2041 306 2059 non
326 2033 500 2067 permissum
517 2037 578 2059 erat
603 2036 632 2059 ut
651 2033 686 2059 de
707 2037 804 2060 cetero
826 2033 978 2060 accederet
997 2034 1032 2061 ad
1053 2035 1152 2061 altar-is

133 2081 328 2108 ministerium
340 2102 347 2114 ‚
379 2081 406 2107 in
436 2081 512 2107 vitae
538 2081 715 2108 necessariis
745 2081 903 2116 provideat.
934 2097 966 2101 —
992 2081 1075 2115 (Rae.
1108 2083 1150 2115 17,

135 2131 152 2157 l'.
171 2130 220 2158 183
234 2137 280 2162 νη
297 2139 363 2157 ann.
380 2129 461 2163 VIII,
479 2139 504 2157 c.
522 2130 570 2159 83:
588 2145 624 2151 —
639 2130 759 2158 Mons-:Au
780 2131 856 2165 1189,
874 2131 891 2158 s.
910 2132 964 2163 55.)

175 2244 189 2259 «
204 2255 223 2261 ..
239 2233 374 2270 episcopo
391 2232 534 2261 Eduensi.
552 2232 722 2262 Accedens
740 2232 779 2262 ad
792 2232 910 2263 Sedem
926 2232 1152 2271 Apostolicam

134 2287 253 2316 Petrus
285 2285 510 2315 subdiaconus
542 2294 602 2315 sua
637 2285 733 2315 nobis
763 2285 925 2316 relatione
954 2287 1152 2316 monstravit

133 2338 233 2378 quod,
263 2347 338 2369 cum
363 2338 499 2377 quidam
524 2338 629 2368 laicus
655 2338 823 2369 hereticus
849 2343 981 2377 propter
1006 2339 1152 2369 heresim

134 2391 368 2427 manifestam,
387 2401 451 2430 qua
475 2392 584 2422 suerat
608 2392 797 2426 convictus,
816 2392 903 2431 quod
925 2392 1014 2430 ignis
1037 2392 1153 2423 incen-

131 2445 187 2476 dio
206 2445 405 2480 traderetur,
428 2445 548 2475 suisset
571 2454 589 2475 a
613 2444 755 2475 seculari
775 2445 908 2485 justitia
930 2445 1152 2484 condempna-

135 2503 198 2533 tus,
222 2498 327 2533 idem,
348 2502 461 2536 utpote
487 2498 608 2528 zelator
634 2498 710 2528 fidei
739 2498 936 2534 orthodoxe,
963 2498 997 2528 in
1023 2499 1154 2529 foveam

132 2560 198 2591 que
221 2551 262 2582 ad
283 2551 393 2590 ipsum
419 2552 680 2582 comburendum
701 2551 890 2590 parabatur,
916 2552 988 2590 ipso
1007 2552 1153 2582 nondum

132 2605 279 2644 projecto
304 2604 445 2640 ibidem,
476 2605 640 2643 quoddam
668 2604 796 2641 lignum
823 2605 972 2644 projecit.
1001 2605 1110 2641 Quare
1136 2614 1153 2635 a

136 2657 232 2687 nobis
249 2657 424 2687 humiliter
439 2657 627 2696 postulabat
644 2661 679 2687 ut
699 2652 870 2695 providere
894 2657 959 2687 sibi
977 2667 1076 2696 snper
1092 2657 1154 2688 hoc

135 2710 400 2741 misericorditer
437 2710 664 2747 dignaremur.
701 2711 770 2740 Nos
801 2710 919 2746 igitur,
954 2710 984 2741 ei
1017 2714 1153 2749 paterno

135 2763 378 2802 compatientes
396 2763 534 2798 affectu,
552 2763 750 2793 mandamus
769 2767 950 2802 quatenus,
969 2772 1044 2794 cum
1061 2773 1098 2794 eo
1114 2763 1153 2794 de

137 2815 369 2846 misericordia
385 2825 448 2855 que
466 2816 689 2854 superexaltat
702 2816 844 2856 judicio,
863 2817 950 2846 utin
966 2817 1154 2847 minoribus

136 2868 242 2906 possit
260 2868 436 2898 ordinibus
451 2868 665 2904 ministrare,
684 2869 729 2899 ita
747 2873 857 2899 tamen
878 2869 966 2909 quod
982 2870 1022 2899 ad
1038 2869 1154 2900 altaris

138 2920 365 2951 ministerium
389 2929 455 2951 non
484 2921 633 2956 accedat,
660 2922 857 2952 auctoritate
882 2926 995 2952 nostra
1019 2922 1155 2961 dispen-

137 2981 239 3008 sans,
267 2973 393 3008 eidem,
423 2982 464 3004 ne
491 2983 549 3013 pro
567 2974 698 3005 defectu
723 2974 955 3014 temporalium
974 2975 1015 3005 ad
1036 2975 1156 3006 illicita

1233 370 1450 410 compellatur
1467 373 1642 403 extendere
1661 382 1779 404 manus
1798 383 1887 409 suas,
1906 375 1946 405 ab
1962 375 2074 415 aliqua
2093 378 2246 410 ecclesia-

1233 433 1306 453 rum
1324 428 1378 455 tue
1398 425 1544 456 civitatis
1564 425 1616 456 vel
1641 426 1799 462 diocesis,
1819 437 1883 467 que
1906 437 1971 458 non
1990 429 2033 459 sit
2054 439 2153 469 super
2168 431 2245 463 alte-

1234 475 1305 506 rius
1322 477 1512 515 provisione
1536 479 1575 509 de
1592 480 1746 509 mandato
1765 485 1877 511 nostro
1900 486 2051 519 gravata,
2077 484 2180 514 facias
2205 485 2246 514 ob

1234 531 1456 561 reverentiam
1486 531 1634 561 divinam
1659 537 1689 562 et
1715 537 1863 563 nostram
1887 533 1922 563 in
1950 534 2015 565 vite
2046 537 2246 568 necessariis

1233 583 1411 621 provideri.
1438 585 1512 614 Dat.
1543 585 1715 621 Laterani,
1746 586 1813 616 IIII
1842 586 1916 617 idus
1944 588 2041 623 maii,
2073 598 2161 620 anno
2189 599 2244 620 oc-

1234 640 1320 667 tavo.
1346 649 1359 664 n

1308 809 1420 838 1931

1271 871 1414 907 Episcopo
1423 871 1593 899 Tridentino
1602 872 1718 900 mandat
1726 877 1881 908 quatenus,
1892 890 1924 895 —
1933 883 1999 902 cum
2009 875 2113 904 domus
2123 878 2247 912 leproso-

1235 929 1297 947 rum
1315 920 1415 948 Sancti
1430 921 1557 948 Thomae
1573 921 1608 949 de
1622 920 1796 958 Campanea,
1806 922 1991 951 Tridentinae
2006 925 2161 959 dioecesis,
2173 935 2247 961 quae

1235 969 1263 996 in
1280 970 1488 1004 temporalibus
1503 970 1668 997 habundare
1680 976 1872 999 consueverat
1882 973 1917 999 ab
1929 974 2058 1008 antiquo,
2072 975 2099 1001 in
2112 975 2245 1009 nihilum,

1235 1022 1351 1054 propter
1371 1020 1511 1046 incuriam
1538 1023 1566 1046 et
1590 1020 1691 1048 malam
1716 1021 1994 1049 administrationem
2019 1024 2191 1052 clericorum
2217 1029 2246 1052 et

1234 1067 1372 1094 laicorum
1391 1068 1439 1102 qui
1463 1068 1577 1095 fuerant
1597 1068 1703 1096 ibidem
1721 1077 1770 1103 pro
1786 1074 1932 1105 tempore,
1953 1076 2033 1098 esset
2054 1073 2184 1105 redacta,
2207 1087 2244 1094 —

1233 1116 1356 1151 aliquam
1373 1116 1409 1143 de
1425 1117 1534 1152 regulis
1549 1118 1715 1152 approbatis
1729 1127 1814 1153 quam
1829 1119 1932 1146 viderit
1945 1121 2092 1155 expedire,
2108 1122 2245 1149 fratribus

1232 1165 1328 1199 ipsius
1346 1165 1467 1198 domus,
1489 1166 1532 1193 eis
1553 1167 1736 1201 petentibus,
1755 1167 1789 1194 ad
1806 1176 1868 1194 eam
1884 1168 2068 1196 relevandam
2084 1170 2245 1197 concedere

1233 1218 1378 1248 procuret.
1396 1230 1429 1234 —
1446 1215 1529 1248 (Rae.
1548 1216 1591 1247 17,
1608 1216 1627 1242 f.
1646 1216 1696 1243 183
1712 1222 1756 1247 v⁰;
1773 1224 1841 1243 ann.
1862 1216 1940 1250 Vnt,
1958 1226 1983 1244 c.
2001 1218 2056 1251 84.)

1844 811 1957 847 Latran,
1973 813 2005 840 21
2024 816 2079 841 mai
2098 815 2175 843 1234.

1274 1329 1287 1343 «
1308 1339 1327 1345 ..
1346 1318 1480 1354 episcopo
1500 1318 1690 1347 Tridentino.
1711 1318 1757 1348 Ex
1771 1322 1864 1357 parte
1881 1318 2078 1350 dilectorum
2097 1337 2146 1350 —.
2168 1321 2242 1351 Dat.

1233 1369 1406 1405 Laterani,
1424 1370 1491 1400 XII
1506 1370 1665 1401 kalendas
1675 1371 1776 1410 junii,
1794 1381 1881 1402 anno
1897 1377 2023 1403 octavo.
2041 1385 2054 1400 »

1309 1541 1426 1570 ¹832

1269 1603 1377 1630 Abbati
1394 1607 1422 1631 et
1437 1605 1593 1631 conventui
1609 1603 1756 1632 Honestae
1774 1605 1862 1632 Vallis
1873 1606 1908 1633 de
1923 1606 2031 1642 Posega
2046 1609 2160 1636 mandat
2175 1618 2247 1644 qua-

1234 1655 1332 1684 tenus,
1354 1653 1439 1686 juxta
1461 1652 1670 1680 ordinationem
1693 1653 1873 1681 Praenestini
1894 1655 2036 1690 episcopi,
2061 1657 2246 1692 Apostolicae

1235 1700 1322 1728 Sedis
1336 1701 1434 1736 legati,
1451 1701 1526 1728 duos
1541 1703 1710 1729 monasterii
1726 1703 1772 1729 sui
1788 1711 1947 1731 conversos
1961 1704 2137 1740 [Hugolino],
2150 1707 2247 1734 archi-

1235 1749 1372 1784 episcopo
1393 1749 1562 1782 Colocensi‚
1590 1752 1721 1784 mittant,
1745 1752 1780 1779 ad
1804 1752 2028 1781 deserviendum
2050 1755 2191 1790 hospitale
2211 1757 2246 1783 ab

1235 1798 1336 1825 eodem
1364 1799 1585 1835 archiepiscopo
1612 1800 1641 1826 in
1671 1801 1815 1828 territorio
1843 1800 1997 1830 Bachiensi
2026 1803 2187 1831 fundatum.
2213 1821 2246 1826 -

1235 1847 1317 1878 (Rae.
1337 1849 1383 1880 117,
1400 1848 1419 1875 f.
1438 1848 1488 1876 183
1505 1846 1634 1880 v03'ann.
1653 1848 1739 1882 VIII,
1757 1857 1782 1876 c.
1800 1850 1850 1883 85;
1866 1864 1903 1871 -
1918 1851 2037 1879 Moru-:An
2059 1852 2142 1885 1189,
2157 1853 2176 1880 f.
2195 1855 2245 1886 56;

1233 1911 1268 1917 -—
1288 1897 1436 1924 Pon-nasi·
1450 1896 1540 1932 9460.)

1842 1543 1955 1575 Lati-an,
1973 1545 2003 1572 1-2
2022 1546 2076 1572 mai
2095 1546 2172 1573 1234.

1277 2011 1290 2026 α
1310 2021 1330 2028 ..
1348 1999 1450 2028 abbati
1465 2005 1491 2029 ec
1507 2001 1673 2029 conventui
1688 2001 1814 2030 Honeste
1833 2002 1925 2032 Vallis
1945 2003 1978 2031 de
1993 2004 2113 2041 Poseya,
2134 2004 2246 2034 Cister-

1234 2052 1345 2081 ciensis
1362 2052 1499 2087 ordinis,
1526 2054 1838 2091 Quinquecclesiensis
1857 2054 1990 2084 diocesis.
2011 2056 2056 2085 Ex
2075 2060 2168 2094 parte
2190 2066 2247 2087 ve—

1234 2104 1396 2135 nerabilis
1413 2122 1461 2134 ——.
1482 2106 1556 2135 Dat.
1580 2106 1754 2142 Laterani,
1778 2107 1846 2137 IIII
1867 2107 1942 2138 idus
1963 2109 2060 2143 maii,
2084 2118 2170 2140 anno
2191 2118 2246 2140 oc-

1234 2162 1320 2188 taVO.
1346 2170 1359 2185 n

1309 2328 1426 2357 1933
1843 2331 1956 2366 Latran,
1976 2333 2007 2359 15
2025 2334 2079 2360 mai
2099 2334 2176 2362 1234.

1270 2390 1411 2418 Giliberto
1428 2391 1549 2423 clerico,
1567 2391 1642 2418 dicto
1659 2391 1851 2427 marescalco,
1867 2393 1998 2428 indulget
2016 2399 2046 2421 ut
2063 2397 2178 2423 unicum
2196 2405 2249 2423 va-

1235 2439 1291 2466 leat
1313 2439 1443 2474 recipere
1466 2439 1657 2472 beneficium,
1675 2439 1760 2467 e'tiam
1781 2449 1879 2468 curam
1901 2442 2010 2470 habens
2025 2444 2195 2472 animarum.
2212 2460 2247 2466 —

1236 2487 1319 2522 (Rae.
1339 2488 1381 2521 17,
1399 2488 1417 2515 f.
1436 2488 1485 2516 183
1503 2495 1546 2520 v⁰;
1561 2497 1628 2516 ann.
1647 2488 1727 2524 VIII,
1743 2498 1768 2516 c.
1785 2490 1839 2524 86.)

1278 2601 1291 2616 «
1313 2590 1455 2619 Giciberto
1475 2591 1598 2627 clerico,
1623 2590 1702 2620 dicto
1722 2592 1912 2622 Mar-escalco.
1939 2593 2125 2631 Apostolice
2151 2596 2246 2627 Sedis

1235 2642 1427 2680 benignitas
1449 2660 1496 2672 —.
1523 2644 1597 2673 Dat.
1624 2644 1798 2680 Laterani,
1825 2644 1937 2676 idibus
1959 2647 2055 2682 maii,
2081 2657 2168 2679 anno
2192 2658 2248 2680 oc-

1236 2699 1320 2726 tavo.
1341 2707 1354 2722 »

1282 2872 1286 2876 ⁴
1311 2867 1426 2896 1984
1846 2869 1957 2902 Lan-an.
1976 2871 2007 2899 18
2025 2872 2079 2899 mai
2098 2873 2173 2902 1234.

1271 2928 1396 2957 Johanni
1413 2929 1530 2963 Baroui,
1554 2930 1689 2958 basilicae
1715 2931 1859 2967 Principis
1881 2932 2088 2968 Apostolorum
2111 2939 2140 2963 et
2160 2935 2249 2972 Bajo·

1236 2978 1319 3006 censi
1347 2980 1504 3012 canonico,
1534 2980 1667 3006 concedit
1690 2984 1721 3007 ut
1746 2979 1773 3007 in
1799 2981 1954 3016 parochiali
1979 2983 2103 3010 ecclesia
2124 2983 2248 3013 Sanctae
