2498 3242
175 304 233 336 933
1032 292 1246 332 SEPTIEME
1270 292 1428 330 ANNEE.
2225 301 2282 331 934

176 371 356 401 nicationis
373 374 434 401 etc.
454 371 528 400 Dat.
549 371 724 405 Laterani,
743 371 793 400 ΙΙΙ
815 370 891 400 idus
910 367 1076 409 januarii,
1102 375 1189 396 anno

177 424 328 463 septimo.
348 436 361 450 ι,

253 603 272 630 Ι
281 602 369 630 694

219 663 393 695 Florentino,
409 664 544 696 Senensi,
564 664 705 690 Perusino
722 668 750 690 et
765 664 923 691 Tudertino
937 663 1084 698 episcopis
1102 665 1130 688 et
1145 654 1200 688 ca?

181 713 272 747 pitulo
287 711 449 739 Castellano
467 712 581 738 mandat
597 716 757 747 quatenus,
775 714 799 739 si
824 716 952 747 potestas
967 716 996 737 et
1018 711 1142 744 populus
1157 710 1193 736 de

181 760 315 792 Cortona,
330 765 481 795 praecepta
497 761 656 795 apostolica
671 760 828 794 adimplere
847 760 1038 793 negligentes,
1056 759 1193 793 episcopo

182 809 303 835 Aretino
319 808 354 835 de
367 808 496 842 juribus,
513 808 777 835 consuetudinibus
793 813 820 834 et
837 808 995 834 honoribus
1010 808 1035 834 ei
1053 813 1078 833 et
1097 807 1194 833 eccle-

181 857 241 884 siae
262 857 400 883 Aretinne
421 857 527 883 debitis
548 856 725 891 respondere
748 856 909 884 noluerint.
931 857 973 882 eis
995 854 1194 882 excommuni-

180 905 252 932 catis
270 905 373 931 faciant
389 900 563 931 commercia
575 904 734 931 vicinarum
747 904 895 930 civitatum
910 902 1051 930 interdici.
1067 918 1096 922 —
1109 902 1192 935 (Reo.

184 953 224 985 17,
238 954 255 980 Γ.
272 953 319 980 1ῗὸ
332 959 374 983 v⁰;
387 961 453 979 ann.
474 952 538 981 vu,
557 961 582 979 c.
602 952 675 985 449.)

753 601 866 633 Latran‚
883 601 1024 635 9janvier
1042 600 1119 627 1‘234.

224 1066 236 1080 «
257 1077 276 1082 ..
295 1055 489 1087 Florentino,
516 1078 534 1083 ..
558 1055 702 1089 Senensi,
724 1077 742 1082 ..
769 1055 915 1083 Perusino
940 1059 966 1082 et
991 1077 1008 1082 ..
1031 1054 1196 1083 Tudertino

181 1108 327 1145 episcopis
346 1113 371 1136 e!
392 1108 527 1145 capitulo
547 1107 728 1136 Castellano.
748 1106 978 1136 Rebellionem
1001 1110 1031 1135 et
1048 1105 1197 1135 insolen-

181 1159 262 1190 tiam
288 1183 307 1189 ..
330 1148 504 1199 potestatis
521 1164 552 1190 et
574 1159 687 1198 populi
705 1159 743 1189 de
760 1159 928 1196 Corton[a]
945 1167 1002 1197 per
1018 1158 1197 1188 exhibitio-

182 1221 257 1243 nem
283 1213 392 1251 operis
415 1213 614 1251 experimur,
642 1213 740 1251 quia,
764 1212 865 1245 sicut,
891 1211 1075 1241 venerabili
1096 1212 1197 1240 fratre

183 1270 296 1295 nostro
321 1289 342 1294 ..
370 1266 523 1304 episcopo
546 1266 684 1295 Aretino
710 1265 892 1300 referente,
919 1264 1013 1294 nobis
1038 1264 1196 1299 innotuit,

184 1319 285 1349 iidem
306 1319 505 1357 respondere
529 1319 593 1348 sibi
612 1318 650 1348 de
670 1318 821 1357 juribus,
845 1317 1144 1348 consuetudinibus
1167 1321 1198 1347 et

183 1367 366 1401 honoribus
386 1371 415 1401 ei
434 1376 466 1401 et
482 1371 621 1401 ecclesie
640 1371 777 1401 Aretine
794 1371 915 1401 debitis
932 1371 1033 1400 nimis
1049 1371 1198 1409 improbe

183 1424 426 1454 contradicunt.
442 1425 481 1454 Et*
496 1424 573 1454 licet
589 1429 721 1463 propter
737 1423 797 1454 hoc
813 1433 871 1462 per
887 1423 1111 1454 venerabilem
1131 1424 1198 1453 sra—

185 1481 267 1507 trem
284 1481 434 1507 nostrum
449 1500 470 1505 ..
485 1476 662 1507 Clusinum
674 1476 862 1515 episcopum
878 1476 1073 1506 auctoritate
1086 1480 1199 1506 nostra

183 1528 317 1559 vinculo
340 1528 407 1558 sint
434 1529 789 1559 excommunicationis
815 1529 960 1564 astricti,
984 1529 1049 1567 ipsi
1076 1533 1196 1565 tamen,

183 1590 244 1611 nec
269 1582 376 1611 Deum
398 1581 554 1611 timentes
578 1590 638 1611 nec
663 1586 854 1612 reverentes
874 1581 1044 1612 hominem
1067 1586 1200 1620 propter

182 1635 300 1668 Deum,
315 1634 350 1663 in
364 1638 488 1664 tantam
502 1634 676 1664 audaciam
687 1639 921 1673 proruperunt,
935 1634 1033 1673 quod.
1047 1634 1146 1664 latam
1164 1634 1198 1664 in

183 1696 238 1717 eos
257 1687 610 1717 excommunicationis
634 1687 835 1717 sententiam
857 1696 915 1726 per
936 1696 1061 1717 annum
1082 1692 1113 1717 et
1129 1696 1199 1717 am-

181 1739 271 1780 plius
285 1740 544 1779 dampnabiliter
555 1744 840 1779 contempnentes,
854 1740 1073 1778 benignitatis
1088 1745 1199 1771 nostre

182 1793 440 1823 mansuetudine
457 1793 640 1827 abutendo,
661 1793 861 1832 respondere
883 1793 948 1823 sibi
970 1794 1009 1824 de
1025 1794 1199 1832 premissis

183 1846 389 1885 dampnabili
409 1847 658 1885 presumptione
678 1855 743 1877 non
765 1851 894 1877 curant.
916 1847 1076 1877 Nolentes
1096 1848 1200 1885 igitur

183 1908 297 1930 eorum
314 1899 381 1937 pati
397 1899 658 1938 presumptionis
673 1899 826 1935 abusum,
843 1900 943 1930 sicuti
955 1909 1015 1930 nec
1027 1900 1197 1936 debemus,

183 1960 224 1981 ne
248 1951 422 1990 approbari
443 1960 535 1982 error
558 1952 699 1982 forsitan
723 1952 886 1987 videatur,
910 1953 939 1982 si
959 1953 990 1983 ei
1011 1962 1076 1982 non
1098 1953 1200 1984 fuerit

181 2005 314 2035 sortiter
337 2004 524 2040 obviatum,
548 2005 804 2035 universitatem
831 2015 945 2035 eorum
967 2015 1142 2036 monemus
1168 2010 1199 2036 et

181 2058 354 2088 hortamur
370 2062 504 2094 attente,
525 2058 648 2088 nostris
665 2058 730 2088 sibi
743 2058 1063 2089 districtiusdantes
1076 2059 1198 2089 litteris

182 2111 216 2141 in
236 2111 400 2150 preceptis
416 2115 468 2144 ut,
487 2110 604 2142 saltem
624 2111 685 2141 bac
705 2120 781 2142 voce
799 2121 872 2142 sero
889 2112 930 2142 ad
953 2121 1008 2143 cor
1024 2112 1199 2143 humiliter

182 2163 371 2198 redeuntes,
387 2163 512 2193 eisdem
527 2163 680 2202 episcopo
692 2168 723 2194 et
735 2164 874 2195 ecclesie
888 2164 983 2203 plene
998 2165 1197 2204 respondere

183 2217 222 2247 de
238 2216 408 2255 predictis,
427 2216 587 2246 dilatione
605 2225 642 2247 ac
659 2217 872 2247 excusatione
889 2218 1196 2252 cessantibus,-non

181 2273 393 2308 postponant.
413 2268 584 2304 Ceterum,
605 2277 680 2299 cum
703 2278 816 2299 eorum
839 2270 995 2308 superbia
1017 2270 1052 2300 in
1070 2275 1198 2300 tantum

183 2322 357 2357 ascendat,
381 2322 467 2361 quod
490 2321 538 2352 eis
561 2321 652 2352 aliud
664 2322 732 2361 jam
749 2331 815 2352 non
836 2327 948 2355 restet,
967 2323 1033 2353 nisi
1050 2332 1146 2354 ruere
1162 2323 1198 2353 in

181 2375 395 2416 precipitium
412 2375 632 2410 confusionis,
649 2375 869 2413 ignominiam
883 2376 1090 2411 adducentis,
1109 2385 1198 2406 man-

183 2430 300 2460 damus
317 2433 493 2468 quatenus,
509 2429 538 2459 si
552 2428 632 2458 dicti
646 2433 790 2467 potestas
805 2433 835 2460 et
850 2429 991 2468 populus
1007 2434 1198 2468 preceptum

183 2487 334 2513 nostrum
358 2481 563 2519 neglexerint
586 2481 781 2520 adimplere,
801 2491 868 2518 vos,
887 2483 1049 2521 prefatam
1069 2492 1199 2513 exeom-

183 2535 422 2566 municationis
441 2534 642 2565 sententiam
663 2534 807 2572 singulis
832 2534 949 2565 diebus
970 2535 1147 2566 dominicis
1168 2539 1200 2566 et

184 2589 333 2622 festivis,
360 2587 502 2626 pulsatis
523 2587 693 2626 campanis
714 2591 745 2617 et
767 2587 915 2618 candelis
936 2588 1103 2624 accensis,
1133 2588 1198 2618 sol-

183 2641 362 2680 lempniter
377 2641 576 2670 innovantes
600 2649 636 2670 ac
652 2640 815 2671 facientes
831 2649 918 2676 eam,
945 2641 1031 2671 sicut
1052 2641 1200 2671 rationa-

184 2695 298 2726 biliter
314 2699 363 2724 est
380 2693 518 2733 prolata,
535 2702 641 2733 usque
661 2693 701 2723 ad
719 2694 983 2724 satisfactionem
1000 2694 1199 2731 condignam

182 2747 424 2778 inviolabiliter
439 2746 620 2782 observari,
634 2746 821 2777 vicinarum
837 2747 886 2777 eis
900 2747 1054 2777 interdici
1066 2746 1199 2777 faciatis

183 2801 382 2832 commercia
400 2800 584 2835 civitatum,
603 2799 755 2830 invocato
771 2804 885 2830 contra
902 2809 968 2834 eos,
985 2800 1012 2829 si
1030 2799 1063 2828 in
1081 2799 1198 2838 hujus-

183 2854 271 2885 modi
291 2853 474 2892 pertinacia
490 2852 698 2891 perstiterint
715 2852 803 2883 ultra
826 2862 991 2888 mensem,
1017 2852 1196 2882 earundem

184 2907 308 2939 auxilio
321 2906 506 2937 civitatum.
524 2906 587 2935 Dat
617 2906 784 2941 Laterani,
802 2907 830 2936 V
846 2905 920 2935 idus
933 2905 1093 2945 januarii,
1112 2914 1198 2936 anno

183 2961 334 2999 septimo.
357 2972 369 2986 n

1347 367 1365 394 1
1375 366 1463 394 695

1309 426 1406 453 Sancti
1425 427 1522 454 Ursini
1539 431 1565 453 et
1583 428 1618 453 (le
1635 427 1710 453 Satis
1727 427 1882 461 prioribus.
1897 432 1923 453 et
1935 427 2136 457 archidiacono
2150 427 2283 454 Eorhonii

1275 474 1466 502 Bituriceusis
1493 476 1607 502 mandat
1631 480 1785 509 quatenus,
1811 489 1843 495 —
1869 484 1933 501 cum
1958 476 2046 501 abbas
2070 480 2097 501 et
2124 481 2286 503 conventus

1848 365 1959 393 Latran.
1978 367 1991 392 7
2005 367 2118 400 janvier
2135 366 2212 393 ¹23⁴.

1275 524 1440 549 monasterii
1463 524 1695 557 Angeliacensis,
1717 523 1934 550 Xauctonensis
1956 524 2111 551 ‹lior-cesis.
2139 524 2232 550 abbati
2258 528 2287 551 et

1274 572 1430 597 conventui
1454 571 1697 598 Cluniacensibus
1720 572 1820 605 viginti
1842 580 1952 597 marcas
1973 573 2093 603 amenti,
2117 573 2143 599 in
2165 581 2285 607 qimi-um

1275 620 1386 646 redditu
1411 621 1464 646 illis
1485 621 1630 646 annuatim
1653 621 1835 647 tenebantur,
1859 629 1907 654 per
1928 621 2099 647 decennium
2119 626 2145 647 (et
2163 621 2286 655 amplius

1277 669 1497 703 persolvissent,
1515 674 1541 694 et
1561 669 1755 703 postmodum,
1775 673 1804 695 ut
1820 669 1913 695 (lictae
1930 670 2030 701 viginti
2049 678 2158 695 marcae
2177 671 2287 696 facilius

1277 718 1462 749 haberentur,
1482 726 1571 752 super
1587 726 1684 743 earum
1704 718 1869 743 venditione
1887 722 2006 743 tractatu
2027 718 2122 744 habito
2139 720 2211 744 inter
2230 727 2288 751 par-

1276 769 1331 797 tes,
1359 766 1460 792 suisset
1487 766 1514 792 in
1540 766 1710 800 episcopum
1738 765 1974 792 Xanctoneusem
2001 770 2029 791 et
2052 767 2191 800 quosdam
2217 767 2288 793 alios

1275 817 1409 847 tanquam
1427 813 1453 838 in
1471 813 1595 839 arbitros
1611 813 1870 847 compromissum,
1889 814 1924 839 ita
1945 817 1975 839 ut
1991 813 2025 838 ad
2042 817 2151 839 certum
2168 814 2243 840 tlicin
2261 818 2289 839 et

1277 861 1370 887 locum
1393 865 1471 887 certa
1488 869 1600 887 summa
1623 861 1762 895 pecuniae
1783 860 1892 886 eisdem
1914 861 2155 887 cluniacensibus
2176 870 2191 887 a
2208 870 2289 895 prae-

1277 910 1362 936 dictis
1379 909 1643 944 Angeliacensibus
1656 918 1704 944 pro
1716 910 1761 935 illo
1772 909 1884 935 redditu
1897 910 2068 941 solveretur,
2083 925 2114 929 —
2127 910 2290 944 praedictos

1279 958 1519 991 Aogeliacenses,
1533 958 1582 992 qui
1595 966 1648 984 nec
1664 958 1768 984 dictam
1786 966 1927 984 summam
1939 958 2079 992 pecuniae
2097 966 2150 984 nec
2160 959 2237 991 ipsas
2248 959 2290 984 vi-

1279 1007 1349 1042 ginti
1375 1015 1486 1033 marcas
1509 1007 1656 1039 redditus,
1682 1007 1880 1041 quinquennio
1904 1011 1931 1033 et
1952 1006 2077 1041 amplius
2097 1008 2155 1040 jam
2181 1007 2288 1041 elapso,

1280 1056 1436 1087 solverant,
1453 1059 1558 1090 cogant
1576 1059 1605 1081 ut
1623 1055 1800 1090 praedictum
1818 1055 1966 1081 arbitrium
1983 1056 2119 1081 studeant
2135 1055 2289 1081 observare

1279 1105 1322 1131 vel
1342 1105 1484 1139 praefatas
1500 1104 1600 1138 viginti
1618 1112 1729 1131 mareas
1750 1105 1911 1131 exsolvant.
1933 1118 1965 1124 -
1987 1103 2069 1137 (Reo.
2091 1104 2132 1136 ¹7,
2149 1104 2166 1129 1.
2186 1103 2233 1130 127
2247 1110 2287 1132 r0:

1279 1162 1344 1179 ann.
1360 1152 1425 1185 Vll,
1438 1161 1463 1179 c.
1477 1153 1542 1183 4503
1556 1168 1588 1172 —
1602 1153 1720 1180 Monimo
1741 1153 1816 1184 1188,
1835 1153 1852 1179 1.
1870 1149 1986 1181 ἳῗὸξ-
2003 1153 2039 1179 cs.
2056 1161 2151 1186 supra.
2176 1161 2203 1179 n,
2225 1152 2290 1179 ¹589

1279 1205 1307 1228 et
1327 1202 1414 1234 ¹598.)

1322 1316 1334 1329 «
1356 1326 1372 1331 ..
1393 1304 1500 1333 Sancti
1521 1304 1625 1332 Ursini
1641 1309 1666 1332 e!
1685 1326 1704 1331 ..
1721 1304 1754 1332 de
1770 1304 1850 1333 Salis
1864 1305 2030 1341 prioribus,
2050 1309 2075 1332 et
2094 1326 2112 1331 ..
2131 1304 2291 1332 archidia-

1280 1365 1353 1386 cono
1370 1357 1512 1385 Borbonii
1529 1357 1739 1385 Bituricensis.
1762 1356 1882 1386 Dilecti
1904 1356 1963 1385 filii
1990 1379 2008 1385 ..
2030 1356 2131 1385 abhas
2148 1373 2196 1384 —.
2217 1357 2289 1385 Dat.

1282 1409 1448 1444 Laterani,
1466 1410 1527 1439 VII
1546 1409 1621 1439 idus
1634 1410 1793 1448 januarii,
1812 1418 1898 1439 anno
1914 1409 2064 1448 septimo.
2085 1422 2096 1436 n

1356 1597 1373 1623 Ι
1383 1596 1470 1624 696

1319 1658 1424 1684 Abbati
1447 1657 1543 1683 Sancti
1569 1656 1692 1683 Victoris
1717 1656 1899 1688 l‘arisiensis,
1922 1660 1950 1682 et
1972 1657 2117 1689 magistris
2142 1657 2293 1689 liei-berto,

1836 1595 1948 1627 Latran,
1970 1595 1998 1622 13
2012 1596 2125 1629 janvier
2145 1596 2220 1623 1:¹32.

1285 1706 1441 1732 Parisiensi
1459 1705 1618 1737 canonico,
1637 1709 1665 1731 et
1683 1704 1718 1732 lt.
1737 1705 1771 1731 de
1791 1704 1956 1736 Doml'rout,
1976 1704 2187 1731 Cenomanensi
2204 1714 2295 1732 cauo-

1283 1755 1365 1787 nico,
1393 1754 1522 1780 l’arisius
1543 1754 1744 1786 commoranti,
1773 1754 1886 1779 mandat
1910 1758 2055 1788 quatenus
2079 1763 2194 1780 causam
2222 1755 2296 1781 inter

1283 1804 1453 1838 Sagiensem
1467 1803 1649 1838 episcopum,
1663 1811 1697 1829 ex
1714 1811 1769 1828 una
1786 1808 1875 1837 parte,
1888 1807 1915 1828 et
1927 1803 2176 1837 archiep2scopum
2190 1803 2296 1830 officia-

1282 1853 1396 1886 lemque
1419 1851 1689 1885 Rothomagenses,
1715 1859 1749 1877 ex
1779 1851 1885 1882 altera,
1909 1854 2037 1876 exortam
2059 1852 2235 1877 examinent.
2261 1866 2295 1871 —

1285 1901 1354 1935 (Rau
1385 1900 1649 1932 17,f.1·271·⁰;ann.
1662 1898 1725 1928 VII,
1737 1907 1762 1925 c.
1774 1899 1835 1929 4513
1846 1913 1878 1918 —
1889 1900 2032 1932 cs.supr·a,
2045 1899 2295 1932 1115440111132.)

1325 2015 1337 2029 «
1366 2025 1384 2031 ..
1402 2003 1503 2031 abbati
1519 2002 1626 2031 Sancti
1647 2003 1786 2035 l'icl07·is,
1808 2007 1833 2030 el
1854 2002 2010 2038 mayislris
2025 2002 2181 2035 Herberlo,
2205 2003 2295 2030 Pari-

1280 2058 1390 2090 siensi,
1409 2061 1434 2085 et
1459 2057 1488 2085 H.
1509 2056 1543 2084 de
1562 2056 1725 2091 Donfront,
1745 2055 1979 2085 Cenomanensi.
2003 2056 2142 2084 l’arisius
2162 2064 2295 2085 commo-

1280 2111 1378 2144 ranti,
1397 2109 1566 2138 canonici&
1588 2107 1800 2138 Venerabilis
1823 2108 1924 2137 frater
1948 2113 2058 2137 noster
2079 2131 2100 2136 ..
2121 2108 2294 2146 episcopus

1281 2162 1465 2199 Sagiensis,
1481 2161 1521 2191 ad
1538 2161 1761 2199 Apostolicam
1777 2160 1894 2191 Sedem
1912 2161 2083 2191 accedens.
2101 2161 2139 2190 de
2156 2170 2295 2191 venera-

1280 2215 1340 2245 bili
1363 2216 1464 2244 fratre
1488 2218 1600 2243 nostro
1622 2213 1912 2251 ..xarehiepiscopo
1937 2213 2195 2249 Rothomagensi
2218 2219 2247 2243 ct
2274 2237 2293 2242 ..

1280 2268 1415 2299 officiali
1433 2276 1492 2297 suo
1512 2267 1607 2297 nobis
1629 2267 1774 2304 graviter
1796 2270 1845 2295 cst
1863 2271 2076 2305 conquestus,
2097 2266 2200 2305 quod.
2220 2276 2293 2295 cum

1280 2322 1363 2360 ipse,
1388 2321 1428 2351 ab
1449 2320 1564 2350 eodem
1579 2319 1843 2357 archiepiscopo,
1863 2329 1919 2357 pro
1936 2328 1973 2349 eo
1989 2319 2076 2357 quod
2092 2319 2125 2349 in
2145 2319 2295 2349 subditos

1281 2375 1352 2414 ejus
1366 2374 1400 2403 in
1415 2373 1548 2403 casibus
1563 2381 1627 2402 non
1645 2372 1812 2402 concessis
1825 2381 1840 2401 a
1855 2373 1929 2411 jure
1947 2372 2011 2401 sibi
2025 2372 2294 2411 jurisdictionem

1281 2422 1465 2458 indebitam
1496 2426 1692 2465 usurpabat,
1725 2430 1755 2455 et
1786 2425 1826 2455 ab
1858 2425 1990 2455 otliciali
2021 2425 2181 2464 predicto,
2217 2425 2294 2464 quia

1281 2483 1391 2521 ipsum
1405 2480 1564 2519 suspendi
1577 2479 1788 2509 mandaverat
1805 2489 1869 2508 non
1888 2479 2050 2509 monitum
2067 2488 2126 2509 nec
2145 2479 2294 2514 citatum,

1282 2544 1359 2565 voce
1382 2534 1422 2563 ad
1447 2543 1507 2563 nos
1530 2532 1763 2571 appellationis
1787 2532 1926 2562 emissa.
1952 2532 2014 2561 iter
2036 2532 2231 2570 arripuisstw
2255 2532 2295 2562 ad

1282 2592 1429 2618 nostram
1454 2586 1657 2625 presentiam
1680 2585 1852 2615 veniendi.
1880 2585 1997 2623 prefati
2026 2584 2294 2622 archiepiscopus

1283 2645 1314 2671 et
1336 2639 1488 2670 officialis
1513 2639 1553 2669 ad
1573 2638 1827 2676 suspensionem
1850 2638 1955 2676 ipsius
1979 2637 2217 2667 nichilominus
2238 2647 2294 2675 pro

1283 2702 1341 2724 sue
1358 2692 1539 2723 voluntatis
1556 2691 1693 2721 arbitrio
1713 2695 1955 2729 processerunt.
1977 2690 2060 2719 alias
2077 2694 2294 2727 aggravantes

1283 2750 1396 2777 contra
1408 2754 1494 2781 eum,
1511 2750 1545 2774 ut
1562 2745 1694 2774 dicitur.
1713 2753 1830 2773 manus
1845 2753 1933 2773 suus.
1951 2744 2059 2779 Quare
2077 2742 2171 2772 nobis
2189 2742 2295 2771 humi-

1282 2799 1359 2829 liter
1380 2798 1578 2837 supplicavit
1600 2802 1650 2831 ut,
1670 2806 1742 2825 cum
1763 2795 1951 2834 hujusmodi
1970 2795 2200 2833 suspensionis
2218 2804 2294 2824 sen-

1284 2851 1387 2882 tentia
1402 2855 1431 2881 ct
1446 2851 1521 2884 alie,
1540 2850 1568 2879 si
1586 2859 1648 2888 quc
1667 2853 1741 2878 sunt
1760 2848 1793 2877 in
1813 2848 1930 2886 ipsum.
1947 2853 2014 2885 post
2035 2848 2097 2877 iter
2113 2852 2292 2885 arreptum,

1283 2905 1323 2934 ab
1340 2904 1465 2936 eisdem
1478 2902 1726 2941 archiepiscopo
1738 2906 1767 2931 et
1782 2901 1913 2930 officiali
1927 2900 2062 2939 prolate.
2079 2909 2142 2929 non
2161 2905 2292 2929 teneant

1283 2958 1354 2996 ipso
1367 2958 1458 2997 jure.
1478 2957 1566 2995 ipsas
1591 2954 1738 2988 nuntiari
1761 2953 1869 2983 nullas
1887 2958 1915 2983 et
1939 2953 2103 2983 invalidas
2120 2953 2295 2982 mandare-
