2498 3242
198 265 254 295 841
274 248 277 253 ’

201 330 354 358 nicationis
376 329 536 356 sententias
559 337 632 363 quas
656 328 812 363 episcopus
838 327 1030 353 Abi-incensis
1053 326 1152 352 leviori
1175 325 1210 351 (te

200 388 286 406 causa
308 379 335 405 in
359 379 491 404 abbatem
512 382 539 404 et
561 378 718 404 monachos
738 377 837 403 Sancti
859 377 1008 403 Michaelis
1024 377 1059 402 ‹te
1079 376 1210 402 periculo

200 427 288 455 maris
313 427 474 462 protulerit,
502 430 628 453 revocet.
655 442 686 446 -
711 426 794 459 (Rea.
821 427 860 454 17.
886 427 902 452 f.
928 426 961 453 83
987 431 1032 455 v⁰;
1054 434 1120 451 ann.
1145 424 1209 457 Vll,

199 485 224 504 c.
242 477 308 508 ‘291;
326 491 359 497 —
376 476 495 503 Monfflu
515 476 591 507 1188,
610 476 626 501 f.
649 476 719 508 185.)

242 593 254 607 «
274 603 295 609 ..
314 580 545 615 Rolliomaslrusi
562 579 798 616 arclzi'rp1'scopo.
821 578 940 607 Gravis
958 577 1152 606 dilectorum
1175 578 1213 605 fi-

199 634 321 664 liorum
345 655 363 662 ..

201 685 354 718 Periculo
370 685 486 715 maris.
506 684 724 714 Abi-incensis
742 684 895 715 diocesis.
915 694 973 713 nos
990 684 1125 723 quercla
1142 683 1215 722 pul-

387 632 517 661 abbatis
537 636 565 661 et
588 631 826 661 monachorum
849 631 961 661 Sancti
981 631 1155 661 Michaelis
1175 631 1214 660 de

200 739 301 773 savit,
329 738 431 777 quod.
458 746 532 767 cum
562 746 676 767 eorum
707 737 962 769 mumisterium,
993 738 1026 766 in
1053 737 1230 767 eminenti-

200 800 281 830 rupe
311 794 537 820 constructum
563 794 594 819 et
615 800 673 828 per
695 790 814 820 ditl'usa
848 790 994 820 locorum
1021 790 1127 829 spatia
1148 799 1213 819 non

200 844 366 875 modicum
382 843 510 873 distans
527 852 545 873 a
564 848 662 876 terra,
681 843 827 882 undique
846 843 1061 885 concludatur
1080 852 1096 873 a
1117 843 1213 880 mari,

200 897 298 936 quod,
312 896 476 926 undarum
490 896 672 926 deformata
685 895 823 934 planitie
836 901 866 925 ct
878 900 1082 925 tumescente
1095 896 1214 934 spiritu

199 948 431 988 procellarum.
450 948 491 978 ad
510 948 618 978 lorum
634 948 690 977 ubi
710 948 797 978 idem
815 949 1053 977 monasterium
1070 953 1119 978 est
1138 950 1215 978 fun-

199 1002 324 1032 datum.
349 1001 401 1031 die
424 1005 588 1039 noctuque
605 1001 844 1031 refluxionibus
861 1000 1037 1039 duplicatis
1055 1001 1215 1031 accedens

199 1059 231 1086 et
246 1054 404 1085 recedens
423 1054 464 1084 ad
484 1053 616 1084 solitam
636 1054 824 1089 stationem,
844 1054 884 1084 ad
909 1054 1147 1083 monasterium
1166 1054 1216 1092 ip-

200 1116 274 1138 sum
305 1108 352 1138 ire
379 1106 569 1137 volentibus
600 1116 755 1137 securum
784 1107 952 1136 interdicit
985 1116 1155 1137 accessum
1184 1111 1215 1137 et

200 1161 293 1191 abire
312 1160 541 1198 satagentibus
563 1160 603 1190 ab
626 1160 739 1191 eodem
759 1160 981 1199 periculosum
999 1165 1029 1190 et
1046 1160 1216 1190 difficilem

201 1213 303 1244 nimis
323 1213 431 1243 reddit.
453 1221 640 1250 egressum,
659 1222 734 1242 cum
754 1213 843 1251 ipsos
867 1213 901 1242 in
921 1213 991 1242 soro
1014 1213 1216 1243 venerahilis

201 1266 315 1296 fratris
333 1266 439 1295 nostri
459 1289 478 1294 ..
496 1265 714 1295 Abi-incensis
734 1265 879 1303 episcopi
897 1274 996 1303 super
1013 1267 1217 1304 pecuniariis

202 1319 253 1350 vel
269 1319 380 1349 causis
394 1318 562 1349 similibus
579 1318 643 1347 sibi
661 1317 711 1347 vel
727 1318 994 1357 quibuscumque
1013 1319 1083 1348 suis
1100 1320 1217 1349 adver-

200 1372 301 1404 sariis
314 1380 545 1410 responsuros,
560 1370 687 1409 pulsari
704 1371 878 1408 contingit,
894 1375 924 1401 et
941 1371 1089 1410 ejusdem
1104 1376 1216 1401 aucto-

200 1426 299 1456 ritate
317 1425 410 1454 citati
430 1424 458 1454 si
479 1423 611 1462 quando
634 1432 699 1453 non
722 1428 876 1462 possunt,
896 1424 999 1453 maris
1022 1428 1216 1462 tempestate

200 1478 252 1509 vel
265 1478 330 1508 alio
346 1477 506 1508 canonico
522 1477 760 1515 impedimento
774 1481 916 1512 vetante,
934 1477 969 1506 in
985 1477 1112 1516 judicio
1127 1487 1216 1507 com-

198 1540 326 1570 parere,
343 1531 443 1565 idem,
463 1533 561 1568 prout
578 1529 748 1564 convenit,
771 1538 836 1559 non
853 1530 1028 1560 attendens
1046 1531 1134 1569 quod
1150 1539 1215 1560 non

199 1588 249 1615 est
262 1584 298 1613 in
312 1592 427 1614 eorum
438 1574 612 1621 potestate,
624 1591 706 1621 quos
720 1582 903 1612 necessitas
916 1582 1213 1622 artathujusmodi,

196 1640 249 1671 ut,
267 1645 343 1666 cum
357 1635 488 1671 volunt,
513 1644 547 1665 se
567 1644 626 1665 suo
642 1634 775 1665 valeant
795 1635 988 1673 conspectui
1008 1641 1213 1674 presentare,

198 1690 282 1725 nisi,
306 1689 447 1720 Domino
463 1689 548 1719 mari
571 1692 602 1718 et
623 1688 744 1723 ventis,
769 1698 843 1719 cum
868 1693 998 1727 tempus
1015 1689 1215 1728 beneplaciti

198 1744 271 1784 ejus
287 1743 470 1777 advenerit,
487 1743 684 1781 imperante,
702 1742 768 1772 sibi
784 1751 939 1772 securum
957 1743 1134 1773 transitum
1154 1744 1215 1774 cle-

199 1796 343 1828 mentior
367 1805 448 1826 aura
464 1797 473 1816 ¹
489 1796 661 1834 promittat
677 1799 704 1831 2,
729 1795 764 1824 in
783 1805 850 1831 eos,
869 1805 952 1835 quos
978 1805 1043 1826 non
1066 1797 1216 1827 mandati

199 1853 408 1888 contemptus
421 1849 573 1887 prohihet
587 1849 733 1883 obedire,
748 1848 826 1879 licet
837 1849 970 1879 eosdem
986 1858 1044 1888 per
1057 1849 1216 1880 ecclesias
1231 1869 1235 1872 -

200 1907 231 1934 et
251 1902 316 1933 alia
336 1902 420 1932 bona
440 1911 503 1941 que
520 1902 603 1931 citra
618 1910 709 1931 mare
726 1901 876 1932 obtinere
897 1907 1091 1938 noscuntur,
1109 1903 1217 1933 valeat

201 1955 388 1986 cohercere.
405 1954 493 1984 velut
510 1954 544 1983 in
561 1959 774 1984 contumaces
787 1955 1141 1985 excommunicationis
1158 1965 1218 1986 seu

202 2008 435 2047 suspensionis
456 2007 657 2037 sententiam
682 2007 870 2046 proferens.
897 2008 1138 2038 monasterium
1167 2009 1218 2047 ip-

203 2071 288 2097 sum,
311 2061 364 2092 sui
385 2066 539 2091 executor
559 2061 702 2096 arbitrii,
723 2061 845 2090 subicit
859 2059 1059 2097 'interdictog
1077 2062 1218 2101 ideoque

202 2115 397 2153 frequenter
412 2113 530 2143 accidit
548 2113 652 2152 quod,
674 2122 750 2143 eum
770 2113 939 2151 peregrini
959 2113 1038 2143 illuc
1054 2114 1093 2144 de
1109 2114 1219 2145 diver-

203 2167 251 2197 sis
275 2166 391 2196 mundi
413 2165 579 2204 partibus.
602 2171 638 2195 ut
660 2165 707 2195 ibi
729 2166 1066 2203 suorum,impetrent
1086 2167 1219 2196 veniam

202 2224 424 2259 peccatorum.
440 2228 539 2248 causa
559 2218 745 2249 devotionis
762 2218 930 2253 accedant,
952 2219 1219 2249 scandalizantur

204 2281 270 2303 non
288 2272 455 2302 modicum
477 2276 508 2302 et
529 2272 677 2310 ipsorum
698 2272 819 2301 caritas
843 2272 1046 2309 refrigescit,
1071 2281 1108 2302 eo
1132 2273 1220 2312 qnod

202 2325 278 2356 illos
303 2325 605 2356 excommunicatos
633 2324 685 2355 vel
710 2325 750 2354 ab
774 2324 882 2355 officio
903 2325 1017 2355 divino
1039 2334 1219 2364 suspensos

202 2379 395 2414 inveniunt,
417 2386 557 2417 quorum
577 2378 784 2408 orationibus
803 2378 981 2408 credebant
1001 2379 1087 2417 apud
1110 2379 1219 2409 Domi—

204 2440 284 2462 num
306 2431 468 2471 adjuvari.
495 2431 604 2468 Quare
632 2431 734 2461 iidem
759 2431 861 2460 abbas
887 2435 918 2461 ct
943 2431 1097 2462 monachi
1123 2432 1218 2462 nobis

203 2493 279 2515 curn
303 2484 407 2514 multa
432 2483 593 2514 instantia
618 2484 847 2523 supplicarunt
876 2489 911 2513 ut
937 2484 1001 2514 sibi
1031 2493 1131 2523 super
1156 2484 1219 2515 hoc

202 2537 375 2577 providere
396 2541 533 2575 paterna
554 2536 780 2567 sollicitudine
801 2537 1026 2574 dignarmnur.
1049 2537 1133 2568 Cum
1155 2537 1220 2576 igi-

204 2594 257 2620 tur
277 2599 315 2621 eo
338 2589 458 2620 fortius
480 2590 590 2628 ipsum
611 2589 745 2620 illorum
769 2590 841 2628 paci
859 2590 1032 2628 providere
1052 2589 1168 2620 deceat
1188 2593 1220 2621 et

205 2643 323 2683 quieti,
333 2652 398 2682 quo
411 2643 519 2682 magis
534 2642 695 2681 religione
710 2644 838 2673 fervere
852 2647 883 2672 et
895 2643 1051 2681 opinione
1066 2642 1220 2673 honesta-

205 2697 246 2726 tis
267 2697 415 2734 fragrare
440 2700 634 2732 noscuntur,
659 2696 767 2727 eidem
788 2696 941 2734 episcopo
958 2695 1081 2726 uostris
1102 2696 1219 2726 damus

204 2749 327 2779 litteris
346 2749 382 2779 in
404 2749 570 2779 mandatis
586 2753 622 2778 ut
642 2749 729 2779 circa
752 2749 857 2779 dictos
882 2748 1034 2778 abbatem
1055 2753 1086 2778 et
1106 2757 1220 2779 mona-

241 2889 261 2912 l.
279 2888 320 2913 Ct'.
338 2888 427 2915 STAR,
443 2889 534 2918 Thetn,
553 2888 584 2916 V.
601 2888 646 2912 458
661 2892 688 2912 et
706 2888 763 2912 Vll.
782 2889 819 2912 b't).

237 2933 261 2957 ’2.
277 2935 334 2960 Sic.
351 2932 491 2963 peut-etro
508 2939 577 2963 pour
594 2941 606 2954 α
623 2933 763 2963 peimittat
782 2941 803 2955 ».

1056 252 1270 291 SEPTIEME
1292 253 1452 290 ANNEE.

2249 263 2307 292 842

1293 325 1372 355 elios
1393 335 1465 355 eam
1489 326 1618 356 studeat
1640 327 1834 356 modestiam
1856 326 2046 357 observare.
2067 332 2100 356 ut.
2125 328 2158 356 in
2180 337 2217 357 eo
2234 328 2308 366 plus

1293 387 1390 415 agere
1409 379 1559 408 videatur
1578 379 1802 410 benivolentia
1821 390 1919 418 quam
1940 381 2111 410 severitas.
2130 381 2203 418 plus
2223 382 2307 411 ratio

1293 440 1392 470 quam
1417 432 1607 467 commotio,
1632 432 1706 470 plus
1730 432 1850 461 caritas
1873 442 1971 470 quam
1994 437 2153 470 potestas.

1293 484 1471 513 manifesta
1499 489 1529 514 et
1561 485 1751 514 rationabili
1785 494 1901 516 (rausa,

2179 445 2215 463 at:
2235 434 2307 464 sine

1936 487 2305 521 excommunicationis.

1294 537 1525 575 suspensionis
1540 538 1589 567 vel
1607 538 1775 567 interdicti
1791 539 1973 567 sententias
1991 539 2022 567 in
2041 540 2129 576 ipsos
2147 544 2175 569 et
2194 550 2307 569 eorum

1295 590 1534 619 monasterium
1552 600 1616 619 nou
1635 590 1830 627 promulget.
1846 592 2005 626 Quocirca
2021 593 2216 622 mandanms
2230 603 2308 631 qua-

1297 646 1408 677 tenus,
1438 652 1512 672 eum
1537 643 1664 680 fflidem
1687 643 1727 672 ad
1755 648 1800 675 te.
1829 644 2116 681 metropolitannm
2142 646 2305 683 ipsorum,

1295 695 1465 734 querelam
1482 704 1581 733 super
1599 695 1665 724 hiis
1681 696 1835 725 duxerint
1857 697 2098 734 perseia-mlam.
2124 699 2308 728 sententias

1295 747 1402 786 ipsas,
1432 752 1557 777 remoto
1587 747 1819 786 appellationis
1852 748 2037 777 obstaculo.
2067 750 2149 778 sirnt
2180 751 2308 787 justum

1296 801 1408 831 suerit..
1427 801 1560 831 studeas
1578 810 1742 830 revocare.
1761 802 1834 830 Dat.
1853 801 2014 837 Anagnia
2035 803 2060 830 Y
2079 802 2151 831 idus
2171 807 2308 840 septem-

1296 853 1376 887 bris,
1395 863 1482 883 anno
1495 854 1647 892 septimo.
1668 866 1680 880 »

1334 983 1436 1008 1520.
1454 995 1486 1000 —
1503 980 1649 1015 Scriptum
1667 985 1711 1006 est
1726 988 1815 1015 super
1831 981 1884 1007 boc
1902 1002 1920 1007 ..
1937 982 2056 1015 episcopo
2073 982 2246 1009 ,itu-tnrensi.

1373 1168 1484 1196 1521

1335 1229 1535 1262 Nieoshwum,
1551 1230 1654 1256 ducem
1672 1230 1707 1256 de
1726 1230 1830 1263 Bosna,
1848 1231 1977 1265 abjurata
1994 1232 2117 1263 haeresi,
2135 1240 2201 1259 cum
2216 1233 2311 1259 omni-

1834 1168 1959 1202 Anagni.
1982 1168 2010 1196 10
2025 1169 2140 1195 octobre
2161 1168 2236 1196 1233.

1299 1279 1354 1305 bus
1370 1279 1452 1305 bouis
1467 1280 1521 1305 sub
1539 1279 1613 1305 beati
1633 1278 1708 1306 Petri
1724 1283 1752 1305 et
1765 1287 1818 1306 sua
1834 1280 2011 1313 protectione
2024 1281 2156 1314 suscipit,
2174 1281 2310 1307 inhibens

1299 1336 1334 1353 ne
1358 1329 1424 1362 quis
1449 1336 1514 1353 eum
1537 1327 1563 1353 iu
1585 1328 1640 1354 fide
1663 1328 1802 1354 catholica
1827 1333 2041 1362 permanentem
2066 1338 2155 1363 super
2178 1334 2252 1355 terra
2274 1329 2310 1355 de

1300 1376 1409 1404 Bosna.
1426 1385 1511 1411 quam
1534 1377 1627 1411 ipsius
1644 1376 1681 1404 N.
1701 1378 1914 1410 progenitores,
1931 1377 1980 1411 qni
1998 1378 2110 1403 fuerant
2127 1378 2193 1403 vitio
2209 1378 2310 1403 baere-

1298 1425 1372 1451 ticae
1389 1425 1537 1459 pravitatis
1554 1425 1660 1452 insecti,
1674 1425 1707 1451 ab
1723 1425 1840 1459 antiquo
1859 1425 2055 1459 possederant.
2070 1429 2233 1459 praesumat
2248 1433 2310 1452 mo-

1297 1473 1412 1505 lestare,
1422 1474 1489 1507 jure
1501 1475 1578 1507 regis
1591 1473 1755 1507 liungariae
1766 1482 1883 1508 semper
1899 1475 1987 1500 salvo.
1998 1474 2125 1507 -—(t’a„0.
2141 1475 2181 1501 17.
2195 1474 2212 1500 f.
2226 1474 2257 1500 84
2272 1481 2306 1506 νος

1297 1530 1364 1548 ann.
1379 1521 1484 1554 V11,c.
1501 1522 1569 1553 ²292;
1585 1536 1621 1543 —
1636 1522 1783 1549 Por'rntxsr
1797 1523 1889 1555 0304.)

1340 1636 1352 1650 «
1371 1625 1471 1653 Nobili
1489 1625 1553 1653 uiro
1568 1625 1752 1660 Nicosclaeo,
1770 1614 1841 1653 (litei
1854 1625 1890 1653 (le
1905 1626 2014 1654 Bosntt.
2031 1626 2120 1661 Quos
2137 1625 2310 1663 prosequi-

1297 1681 1351 1707 tur
1369 1677 1531 1707 Dominus
1548 1695 1596 1706 —.
1615 1678 1688 1707 Dat.
1709 1682 1743 1707 ut
1759 1677 1914 1707 inferius.
1934 1690 1946 1703 n

1375 1863 1493 1892 1522
1831 1863 1957 1897 Anagni„
1979 1864 2008 1889 10
2024 1864 2142 1889 octobre
2163 1864 2238 1890 1233.

1334 1911 1521 1943 colomanno,
1538 1912 1757 1946 [Rutbeuoruml
1773 1912 1845 1947 regi,
1862 1912 1964 1938 scribit
1977 1911 2161 1938 Nicostavum
2175 1913 2192 1939 ¹.
2207 1913 2310 1939 ducem
2352 1907 2355 1910 Α

1299 1961 1334 1987 de
1358 1960 1463 1992 Bosua,
1486 1961 1552 1987 Sesti
1577 1961 1762 1994 apostoticae
1785 1962 1936 1992 retulisse,
1961 1969 2032 1987 suos
2057 1961 2256 1995 ini-ogenitores
2276 1961 2311 1987 de

1299 2009 1415 2043 antiqua
1429 2008 1641 2035 consuetudine
1655 2009 1810 2036 comitatus
1825 2013 1854 2035 et.
1867 2009 1937 2035 alias
1955 2009 2034 2035 viltas
2050 2014 2142 2035 terrae
2158 2017 2228 2035 suae
2241 2017 2311 2036 con-

1299 2058 1427 2084 cessisse
1439 2061 1467 2083 et
1478 2058 1634 2084 abstulisse
1645 2057 1894 2092 quibuscumque,
1913 2062 1996 2091 prout.
2008 2058 2050 2083 eis
2063 2059 2193 2092 propriae
2211 2058 2311 2084 voluu-

1301 2106 1367 2132 tatis
1387 2106 1536 2132 arbitrium
1563 2110 1752 2140 suggereret;
1779 2114 1845 2132 eum
1874 2106 2003 2132 bortatur
2031 2110 2070 2137 ut,
2098 2114 2152 2132 non
2179 2107 2311 2133 obstante

1300 2154 1377 2189 quod
1399 2154 1469 2181 dicti
1489 2154 1621 2188 ejusdem
1643 2154 1680 2180 N.
1706 2155 1906 2189 progenitores
1926 2155 2038 2180 fuerant
2061 2154 2129 2180 vitio
2152 2155 2312 2181 haereticae

1303 2203 1451 2238 pravitatis
1469 2202 1580 2234 infecti,
1600 2203 1841 2230 consuetudinem
1865 2203 1967 2237 ipsam,
1985 2203 2112 2237 antiquis
2134 2203 2314 2238 temporibus

1301 2252 1498 2286 approbatam,
1524 2252 1551 2277 in
1579 2251 1704 2278 favorem
1734 2251 1799 2278 fidei
1828 2252 1911 2278 faeiat
1941 2251 2060 2277 firmiter
2089 2252 2247 2278 observari.
2279 2265 2314 2271 —

1301 2299 1385 2334 (Rae.
1406 2300 1446 2331 17,
1463 2299 1481 2326 f.
1499 2299 1531 2326 84
1550 2306 1593 2332 νος
1610 2308 1676 2327 ann.
1696 2299 1760 2332 VII,
1778 2308 1804 2327 c.
1821 2300 1890 2333 ‘2933
1908 2315 1940 2319 —
1954 2299 2100 2327 Por‘i‘uasr
2115 2300 2206 2333 9305.)

1344 2412 1357 2427 α
1376 2401 1561 2431 Colomanno
1578 2402 1642 2438 reyi
1662 2401 1790 2430 illustri.
1813 2400 1940 2431 Dilecto
1963 2401 2031 2430 tilio
2047 2401 2153 2431 nobili
2168 2419 2217 2431 —.
2239 2403 2312 2432 Dat.

1301 2453 1466 2491 Anagnie‚
1483 2454 1529 2484 VI
1544 2453 1620 2483 idus
1639 2453 1794 2489 octobris,
1813 2463 1900 2484 anno
1919 2454 2069 2493 septimo.
2090 2466 2102 2481 n

1376 2641 1396 2668 Ι
1403 2640 1491 2668 5²3

1339 2700 1488 2728 Fratribus
1503 2701 1752 2728 Praedicator-ibus
1765 2701 1791 2727 in
1805 2700 1899 2727 Bosua
1913 2701 2025 2728 mandat
2038 2707 2191 2736 quatenus.
2204 2716 2236 2721 —
2248 2710 2313 2728 cum

1305 2748 1435 2782 Utmnus,
1451 2749 1547 2775 dictus
1566 2749 1700 2779 l’ricsda,
1720 2748 1880 2781 Nicostavi,
1899 2749 1982 2776 ducis
2000 2750 2035 2775 de
2059 2749 2168 2780 Bosna,
2187 2758 2314 2776 consan-

1302 2797 1444 2832 guineus,
1469 2798 1517 2833 qui
1542 2797 1664 2824 Ubanus
1688 2806 1778 2832 nuper
1799 2799 1832 2824 ab
1858 2798 2002 2824 haeretica
2028 2798 2166 2833 pravitate
2192 2798 2315 2824 redierat

1834 2640 1958 2673 Anagni.
1981 2640 2009 2666 tt)
2025 2640 2141 2666 octobre
2166 2639 2240 2667 1233.

1259 2865 1264 2966 Ι
1338 2930 1358 2956 1.
1375 2933 1424 2955 Ms.
1439 2940 1445 2954 :
1461 2931 1638 2955 Ninosctavo.
