2498 3242
244 280 302 311 785
540 276 548 282 ·
1102 266 1316 305 SEPTIEME
1338 266 1498 303 ANNEE.
2298 273 2354 303 736

244 353 350 376 annos
366 344 476 375 extitit
491 343 526 373 in
543 351 716 382 suspenso.
733 342 881 373 Tandem
896 342 1004 377 nobis,
1020 341 1098 371 licet
1111 339 1262 370 immeri-

245 399 288 428 tis
307 401 338 428 et
360 396 525 435 indignis,
545 404 604 435 per
625 404 682 425 vos
699 395 734 425 in
753 395 958 426 Nivernensi
980 394 1119 425 ecclesia
1137 392 1263 423 substi-

244 450 342 486 tutis,
363 449 404 480 ad
421 449 619 479 instantiam
636 448 699 478 viri
718 448 921 479 venerabilis
940 452 971 478 et
987 446 1119 477 honesti
1135 445 1263 476 Johan-

247 502 315 537 nis,
345 501 476 532 abbatis
504 500 676 536 Dolensis,
704 501 745 531 ad
772 506 899 531 certum
926 501 1014 531 diem
1040 503 1173 539 propter
1202 498 1263 528 hoc

247 553 443 586 auctoritate
474 557 587 584 nostra
615 553 737 584 citat-us
764 553 888 584 nobilis
915 553 1126 592 supradictus
1153 559 1263 582 coram

247 607 355 642 nobis,
372 606 512 645 prefatis
527 606 651 636 nostris
665 606 802 645 collegis
819 606 1104 637 committentibus
1121 604 1197 634 aliis
1214 603 1264 632 vi-

248 670 302 692 ces
319 669 408 695 suas,
424 660 675 698 comparuitper
687 669 721 690 se
731 660 852 698 ipsum.
868 660 1056 691 CuiVestre
1069 656 1264 689 Sanctitatis

249 713 405 744 mandata
422 713 635 752 exposuimus
657 713 819 743 seriatim.
838 714 911 752 Ipse
935 717 1060 746 antem,
1079 720 1154 741 cum
1170 718 1264 740 reve-

248 765 359 797 rentia
375 770 442 795 tam
458 765 568 795 debita
588 775 688 804 quam
704 766 821 796 devota
837 775 875 796 ea
891 765 1079 803 suscipiens
1103 768 1133 794 ct
1156 767 1264 793 atten-

248 818 342 853 dens,
361 818 457 848 tactis
472 818 655 855 evangeliis
672 818 905 849 saerosanctis.
917 818 1024 850 nobis.
1040 818 1141 847 immo
1157 815 1262 850 vobis,

245 872 340 911 J'uxta
356 875 543 901 vestrarum
562 871 683 901 seriem
700 871 905 906 litterarum,
924 870 1095 900 fidelitatis
1113 868 1265 899 exhibuit

249 933 286 955 ac
306 923 451 962 prestitit
471 924 711 963 juramentum.
729 923 823 960 Quod
844 925 961 953 Vestre
986 927 1101 952 notum
1123 921 1264 951 facimus

248 977 426 1007 Sanctitati
442 986 500 1015 per
514 981 686 1015 presentes
701 976 840 1011 litteras,
857 976 960 1015 sigilli
976 975 1081 1005 nostri
1098 978 1264 1005 caractere

248 1030 474 1067 consignatas.
499 1030 572 1060 Dat.
595 1030 682 1068 apud
707 1030 905 1061 Caritatem.
928 1029 1076 1068 proxima
1101 1028 1153 1058 die
1176 1036 1265 1057 mar-

250 1083 293 1113 tis
313 1087 386 1121 post
408 1088 540 1113 octavas
560 1083 706 1118 Pasche,
730 1092 817 1113 anno
840 1083 945 1121 gratie
972 1081 1262 1116 M⁰CC⁰XXX⁰II⁰‚

250 1144 365 1167 mense
384 1136 493 1175 aprili.
513 1149 526 1163 »

327 1343 347 1369 1
356 1342 444 1370 398

287 1403 428 1438 Magistro
449 1402 552 1436 P[etro]
577 1402 612 1429 de
633 1402 822 1434 Collemedio,
839 1402 988 1436 capellano
1010 1410 1074 1433 suo,
1102 1401 1266 1435 praeposito

251 1452 352 1480 Sancti
374 1451 552 1484 Audomari,
580 1451 695 1478 mandat
718 1454 864 1486 quatenus
885 1451 1001 1485 Angelo
1024 1450 1185 1485 Magalott.,
1210 1449 1267 1475 civi

253 1501 396 1533 Romano,
411 1504 468 1526 tam
484 1500 513 1526 in
529 1499 650 1527 Francia
665 1508 752 1535 quam
767 1499 796 1526 in
817 1499 923 1533 Anglia
941 1498 1119 1534 procuratori
1139 1498 1267 1533 generali

252 1549 404 1582 Leonardi,
420 1549 616 1576 Eboracensis
630 1548 781 1580 canonici,
798 1548 914 1583 nepotis
934 1547 1065 1574 defuncti
1086 1547 1266 1581 J[ohannis]‚

252 1598 376 1626 Sanctae
391 1598 499 1625 Mariae
521 1598 551 1625 in
574 1597 730 1624 Cosmedin
751 1597 866 1624 diaconi
887 1597 1044 1624 cardinalis
1067 1601 1095 1623 et.
1118 1596 1268 1622 Romanae

250 1646 401 1674 Ecclesiae
421 1646 595 1679 cancellarii,
619 1646 753 1681 injungat
775 1650 806 1673 ut
831 1646 925 1672 eidem
949 1646 1090 1672 canonico
1113 1645 1266 1680 quamdam

252 1695 394 1731 pecuniae
408 1703 554 1722 summam
569 1695 596 1722 ei
609 1695 736 1721 debitam
752 1692 898 1729 eksolvat;
911 1699 938 1721 et
949 1695 974 1721 si
991 1695 1066 1721 idem
1084 1694 1158 1721 civis
1173 1694 1268 1729 ipsius

252 1744 395 1772 mandatis
411 1753 466 1771 non
483 1743 738 1779 obtemperaverit,
755 1744 893 1770 omnibus
908 1745 974 1778 ejus
989 1743 1170 1770 debitoribus
1188 1743 1266 1769 inhi-

251 1794 317 1821 beat
334 1802 369 1820 ne
385 1793 425 1820 illi
440 1793 647 1829 respondeant,
658 1793 751 1819 donec
763 1792 903 1819 canonico
913 1792 1089 1819 satisfecerit
1099 1795 1267 1819 memorato.

251 1842 386 1876 —(Rsu.
404 1843 446 1874 17,
464 1842 482 1868 f.
500 1842 534 1869 55
549 1848 594 1873 v⁰;
611 1850 679 1869 ann.
697 1841 764 1874 VII,
781 1850 807 1869 c.
826 1841 898 1875 182.)

871 1340 985 1372 Lati-au,
1003 1340 1018 1367 3
1030 1339 1095 1374 jtiin
1117 1339 1193 1367 1233.

294 1963 307 1978 α
326 1951 470 1988 Magistro
488 1952 520 1980 Ρ.
540 1951 574 1980 de
590 1951 785 1986 Collemedio,
804 1952 961 1988 capellano
982 1955 1100 1986 nostro,
1114 1950 1268 1987 preposito

249 2004 359 2034 Sancti
379 2004 567 2039 Audomari,
586 2005 771 2033 tuot-mensis
789 2004 922 2033 diocesis.
949 2003 1077 2033 Dilecto
1095 2002 1164 2032 filio
1185 2003 1268 2032 Leo-

250 2056 354 2087 nardo
371 2074 421 2085 —.
438 2057 511 2086 Dat.
536 2056 711 2092 Laterani,
734 2057 785 2087 III
806 2065 912 2087 nonas
926 2056 1036 2096 Junii,
1054 2055 1267 2094 pontificatus

250 2110 357 2141 nostri
374 2119 461 2140 anno
477 2110 629 2148 septimo.
647 2122 660 2135 υ

327 2324 344 2351 Ι
354 2322 442 2351 399

289 2384 442 2419 P1etrum1,
459 2385 569 2411 dictum
586 2384 740 2416 Infantem,
759 2388 858 2411 natum
875 2384 954 2419 regis
971 2384 1154 2419 Portugaliae
1175 2388 1202 2411 et
1218 2384 1268 2412 do-

252 2434 362 2461 minum
379 2433 461 2468 regni
474 2432 688 2467 Biaj0ricarum,
701 2441 766 2460 cum
778 2433 885 2459 familia
896 2436 924 2459 et
940 2433 1076 2459 omnibus
1093 2434 1117 2467 ej
1125 2441 1158 2459 us
1172 2433 1267 2465 bonis,

252 2490 434 2517 regnumque
447 2481 650 2516 Majoricarum
661 2482 716 2508 sub
728 2481 803 2508 beati
818 2481 894 2508 Petri
905 2486 933 2508 et
944 2489 998 2508 sua
1008 2482 1186 2516 protectione
1201 2489 1270 2509 sus-

254 2531 336 2566 cipit,
353 2531 439 2565 eique
456 2530 599 2565 significat
615 2538 648 2556 se
664 2530 795 2557 inhibere
812 2539 848 2557 ne
863 2530 929 2565 quis
944 2530 971 2556 in
990 2538 1142 2565 personam
1159 2531 1224 2565 ejus
1241 2534 1270 2557 et

254 2580 413 2616 praefatum
426 2587 559 2613 regnum,
572 2579 683 2613 absque
695 2578 828 2606 mandato
840 2578 926 2605 Sedis
939 2579 1126 2614 Apostolicae
1137 2579 1268 2613 speciali,

253 2626 566 2655 excommunicationis
588 2627 633 2654 vel
658 2626 803 2654 interdicti
828 2620 1001 2654 sententiam
1021 2627 1125 2653 audeat
1143 2627 1271 2662 promul-

252 2684 332 2712 gare.
349 2691 383 2697 —
399 2675 483 2709 (Rae.
502 2676 544 2707 17,
559 2675 579 2702 f.
597 2675 630 2702 56
647 2681 686 2710 r03
701 2684 769 2702 ann.
788 2675 854 2708 VII,
871 2684 897 2703 c.
916 2676 984 2710 1833
1001 2690 1034 2695 —
1052 2675 1172 2703 Monam
1190 2676 1268 2708 1188,

251 2726 272 2752 f.
290 2725 347 2758 90.)

874 2321 988 2354 Lutran,
1006 2322 1022 2349 9
1033 2321 1099 2356 juin
1120 2321 1196 2349 ¹233.

294 2848 307 2861 ιι
325 2835 426 2864 Nobili
449 2835 514 2863 viro
532 2835 578 2869 P.,
598 2834 678 2863 dicto
693 2834 825 2870 Infanti,
848 2839 919 2863 nato
937 2857 957 2863 ..
978 2835 1081 2864 incliti
1096 2835 1176 2871 regis
1193 2834 1269 2863 Por-

252 2889 379 2927 tuqatie,
397 2887 521 2916 domino
536 2888 624 2924 reyni
640 2887 876 2924 Majoricarum.
895 2887 987 2918 Licet
1001 2886 1192 2925 Apostolica
1210 2886 1269 2917 Se-

250 2941 310 2972 des
326 2958 374 2970 —.
394 2941 468 2971 Dat.
486 2939 655 2975 Laterani,
675 2940 705 2970 V
719 2939 796 2970 idus
809 2939 910 2980 junii,
929 2948 1017 2973 anno
1034 2939 1186 2978 septimo.
1205 2950 1218 2966 n

377 2999 566 3031 GREGOIRE
583 3005 636 3037 ix,
653 3008 672 3030 t.
692 3005 713 3030 1.

1417 339 1534 367 ¹400

1381 401 1498 433 Eidem,
1518 402 1572 428 boc
1592 401 1764 436 postulanti,
1781 401 1913 427 concedit
1936 401 2099 427 facultatem
2122 409 2225 436 pravos
2243 409 2313 427 usus
2328 404 2357 427 et

1345 450 1575 477 consuetudines
1594 450 1726 484 iniquas,
1743 458 1816 484 quae
1838 449 1864 475 in
1883 457 1971 483 regno
1990 449 2191 483 Majoricarum
2209 449 2356 475 observari

1346 499 1550 529 noscebantur,
1564 498 1754 533 exstirpandi.
1765 497 1892 530 —(1{so.
1911 496 2357 529 17.f⁴551-0;nnn.V11.c.184.)

1944 337 2057 365 Latran.
2078 338 2103 364 ii
2120 338 2184 372 juin
2206 338 2282 365 ¹233.

1388 613 1400 626 «
1425 600 1540 629 Eidem.
1564 599 1759 629 Nobilitatis
1783 603 1837 628 tue
1865 598 1992 628 devotis
2012 616 2060 627 —.
2086 599 2159 628 Dat.
2184 598 2355 632 Laterani,

1347 654 1396 683 111
1414 652 1488 682 idus
1501 652 1602 691 junii,
1621 660 1708 681 anno
1725 651 1876 689 septimo.
1898 663 1910 676 »

1383 884 1537 912 Universis
1551 883 1658 910 Christi
1671 883 1804 909 fidelibus
1821 890 1871 917 per
1888 882 2050 916 Aragoniae
2067 887 2095 908 et
2111 881 2254 908 Navarrae
2272 890 2360 915 regna

1348 938 1376 960 et
1391 933 1615 960 circumvicinas
1631 931 1793 966 provincias
1808 931 1975 957 constitutis
1992 934 2090 957 notum
2104 930 2170 956 facit
2182 938 2213 956 se
2225 931 2361 956 omnibus

1950 821 2063 852 Lau-an,
2084 822 2109 847 ll
2128 821 2190 854 juin
2212 821 2287 848 1233*

1347 983 1396 1018 qui
1416 983 1450 1009 ad
1472 990 1593 1017 regnum
1617 981 1817 1016 Maj0ricarum
1839 981 1875 1006 ob
1895 980 2059 1006 subsidium
2080 980 2207 1006 fidelium
2225 987 2360 1006 accesse-

1347 1033 1414 1064 rint,
1445 1035 1503 1058 tres
1532 1039 1623 1057 annos
1653 1033 1688 1056 de
1718 1030 1848 1064 injuncta
1877 1029 1932 1055 sibi
1964 1029 2138 1063 paenitentia
2163 1029 2301 1055 relaxare.
2326 1042 2362 1048 —

1348 1081 1432 1114 (Ru-zo.
1454 1081 1494 1112 17,
1511 1080 1530 1106 f.
1549 1079 1581 1106 56
1599 1084 1638 1109 r⁰;
1655 1087 1723 1106 ann.
1742 1077 1806 1110 vll,
1824 1086 1850 1105 C.
1872 1078 1933 1111 1855
1950 1091 1986 1098 —
2002 1077 2120 1104 Mona-Au
2141 1078 2216 1109 1¹88,
2234 1077 2252 1103 f.
2268 1077 2324 1108 89.)

1390 1195 1403 1209 «
1429 1182 1584 1211 L'niversis
1607 1181 1722 1211 Christi
1741 1180 1879 1217 fidelibus
1899 1188 1954 1217 per
1974 1180 2152 1216 Arayonffie]
2176 1184 2201 1208 el
2223 1179 2362 1208 Nararre

1350 1244 1443 1273 reyna
1468 1240 1493 1264 et
1516 1235 1740 1264 emittat-icium
1753 1234 1933 1271 provincias
1955 1233 2140 1261 constitutis.
2162 1231 2246 1262 Cum
2266 1231 2361 1269 proni

1349 1289 1417 1318 sint
1433 1306 1482 1316 —.
1502 1287 1585 1318 Cum
1602 1287 1714 1325 itaque
1731 1286 1869 1315 dubium
1889 1294 1953 1315 non
1970 1285 2087 1315 existat
2105 1285 2186 1323 quin
2209 1294 2246 1314 ex
2263 1284 2361 1314 devo-

1349 1341 1438 1371 tione
1469 1340 1617 1369 fidelium
1651 1339 1801 1368 euntium
1830 1343 1943 1367 contra
1970 1338 2112 1376 perfidos
2140 1338 2360 1372 Sarracenos,

1350 1393 1533 1423 christiane
1561 1392 1638 1421 fidei
1665 1391 1837 1421 inimicos.
1865 1391 1991 1421 Christi
2015 1390 2128 1420 lideles
2154 1394 2362 1428 peccatorum

1349 1446 1534 1477 remedium
1551 1449 1813 1483 consequantur,
1837 1444 2090 1473 universitatem
2107 1448 2249 1473 vestram
2266 1453 2362 1481 roga-

1350 1508 1435 1534 mus,
1454 1507 1627 1528 monemus
1641 1497 1801 1527 attentius
1819 1501 1849 1526 et
1864 1496 2046 1528 hortamur,
2063 1506 2098 1525 ac
2116 1496 2150 1525 in
2165 1496 2362 1526 remissione

1350 1552 1444 1582 vobis
1460 1551 1668 1591 injungimus
1680 1554 1900 1589 peccatorum,
1917 1554 2093 1588 quatenus,
2112 1549 2152 1579 ad
2168 1558 2363 1579 succursum

1350 1605 1446 1643 regni
1475 1603 1727 1643 Majoricarum,
1754 1603 1794 1632 ad
1819 1602 1944 1631 cultum
1972 1602 2193 1631 christianum
2218 1602 2256 1631 de
2280 1610 2363 1631 novo

1351 1658 1504 1689 conversi
1517 1661 1536 1693 ¹,
1555 1661 1585 1687 et
1600 1656 1829 1686 defensionem
1844 1654 1972 1685 novelle
1984 1655 2200 1693 plantationis
2217 1654 2365 1684 fidelium

1350 1712 1385 1741 in
1420 1711 1534 1742 eodem
1568 1709 1784 1740 existentium
1818 1708 2012 1738 accedentes
2029 1731 2034 1738 .
2066 1713 2179 1737 contra
2212 1707 2364 1737 infideles

1350 1766 1485 1796 Mauros
1513 1764 1659 1803 partium
1690 1763 1885 1793 earundem,
1911 1761 2093 1791 secundum
2115 1761 2293 1791 consilium
2315 1761 2364 1789 di-

1349 1818 1428 1849 lecti
1446 1817 1508 1847 filii
1524 1817 1647 1847 nobilis
1664 1816 1728 1845 viri
1746 1816 1847 1850 Petri,
1866 1815 2018 1850 infantis,
2039 1815 2109 1844 nati
2125 1814 2239 1844 inclite
2256 1823 2364 1844 recor-

1350 1872 1496 1902 dationis
1513 1894 1532 1900 ..
1550 1870 1639 1908 regis
1655 1868 1864 1907 portugalie,
1888 1868 2013 1897 domini
2036 1868 2130 1905 regni
2153 1868 2288 1906 prefati.
2307 1867 2365 1905 qui

1351 1924 1532 1963 assumpsit
1558 1924 1592 1953 in
1622 1923 1690 1953 illis
1715 1923 1866 1961 partibus
1895 1922 2065 1959 negotium
2089 1914 2166 1951 fidei
2194 1930 2231 1951 ex
2254 1921 2365 1950 animo

1349 1977 1629 2016 prosequendum,
1656 1976 1695 2005 de
1720 1975 1834 2005 divino
1865 1975 1982 2004 contisi
2013 1974 2136 2003 auxilio
2161 1973 2362 2012 procedatis.

1351 2031 1405 2061 Illi
1434 2029 1618 2059 militantes
1642 2029 1786 2058 libenter
1814 2028 1854 2057 ad
1879 2032 2019 2065 tempus.
2047 2027 2105 2065 qui
2129 2036 2185 2065 pro
2212 2026 2307 2056 nobis
2329 2026 2363 2055 in

1351 2092 1447 2114 cruce
1478 2083 1549 2113 suis
1581 2082 1759 2120 stipendiis
1790 2080 1964 2110 militavit.
1994 2080 2151 2118 predictis
2177 2079 2364 2109 assistendo

1350 2136 1505 2167 fidelibus
1520 2135 1663 2165 viriliter
1682 2139 1713 2165 et
1731 2138 1893 2173 potenter,
1912 2133 1955 2163 ita
1976 2133 2063 2172 quod
2078 2133 2111 2161 in
2129 2132 2197 2162 illis
2214 2132 2363 2170 partibus

1351 2194 1512 2227 augeatur
1531 2197 1669 2219 numero
1687 2193 1716 2218 et
1735 2187 1853 2218 merito
1872 2186 2013 2226 populus
2030 2186 2247 2219 christianus,
2263 2190 2292 2215 et
2308 2194 2365 2214 vo-

1350 2243 1401 2273 bis
1421 2242 1508 2281 apud
1523 2243 1628 2272 Deum
1641 2245 1805 2271 accrescat
1823 2239 1976 2270 cumulus
1991 2239 2196 2268 meu-iturum.
2214 2239 2282 2268 Nos
2297 2242 2365 2268 ete-

1351 2297 1432 2331 nim,
1459 2295 1498 2326 de
1522 2294 1769 2333 Omnipotentis
1798 2293 1858 2323 Dei
1880 2291 2109 2322 misericordia
2135 2295 2165 2321 et
2193 2291 2364 2321 luxatorum

1351 2349 1442 2380 Petri
1469 2353 1500 2378 et
1525 2347 1640 2383 Pauli,
1665 2346 1890 2385 apostolorum
1916 2345 2002 2384 ejus,
2026 2354 2061 2374 ac
2085 2353 2123 2374 ea
2144 2353 2242 2383 quam
2270 2343 2364 2373 uobis

1351 2401 1516 2433 concessit
1539 2400 1753 2435 auctoritate,
1772 2399 1904 2433 contisi,
1923 2398 2078 2428 omnibus
2095 2397 2152 2436 qui
2170 2397 2210 2427 ad
2225 2405 2364 2433 regnum

1351 2455 1537 2494 predictum
1553 2454 1594 2484 ob
1608 2453 1797 2484 subsidium
1815 2451 1963 2482 fidelium
1984 2451 2184 2480 accesserint
2201 2450 2366 2488 predicto-

1352 2519 1437 2544 rum,
1457 2513 1523 2539 tres
1540 2516 1645 2538 annos
1659 2507 1698 2537 de
1714 2507 1865 2546 injuncta
1879 2505 1943 2535 sibi
1961 2504 2142 2542 penitentia
2161 2503 2363 2532 relaxanms:

1352 2560 1566 2600 presentibus
1585 2564 1659 2598 post
1683 2558 1865 2589 triennium
1886 2557 2025 2586 minime
2043 2555 2208 2585 valituris.
2231 2556 2304 2584 Dat.
2331 2558 2365 2583 ut

1353 2624 1464 2654 supra.
1485 2627 1498 2641 n

1426 2773 1542 2802 ¹402
1955 2767 2068 2800 Latrat),
2090 2767 2117 2793 ΓΙ
2132 2766 2195 2800 juin
2217 2766 2293 2793 1233.

1391 2835 1546 2867 Mindensi,
1569 2833 1725 2861 Lubicensi
1749 2837 1777 2858 et
1804 2829 2053 2864 Racemburgensi
2077 2828 2224 2863 episcopis
2248 2827 2365 2854 innovat

1386 2945 1407 2969 1.
1423 2946 1472 2968 Ms.
1492 2950 1497 2967 z
1515 2948 1690 2968 conversum.
