<?xml version="1.0" encoding="UTF-8"?>
<!DOCTYPE html PUBLIC "-//W3C//DTD XHTML 1.0 Transitional//EN"
    "http://www.w3.org/TR/xhtml1/DTD/xhtml1-transitional.dtd">
<html xmlns="http://www.w3.org/1999/xhtml" xml:lang="en" lang="en">
 <head>
  <title>
</title>
<meta http-equiv="Content-Type" content="text/html;charset=utf-8" />
  <meta name='ocr-system' content='tesseract 3.04.00' />
  <meta name='ocr-capabilities' content='ocr_page ocr_carea ocr_par ocr_line ocrx_word'/>
</head>
<body>
  <div class='ocr_page' id='page_1' title='image "./lesregistresdegr01cathuoft_0303.png"; bbox 0 0 2498 3242; ppageno 0'>
   <div class='ocr_carea' id='block_1_1' title="bbox 177 280 2289 329">
    <p class='ocr_par' dir='ltr' id='par_1_1' title="bbox 177 280 2289 329">
     <span class='ocr_line' id='line_1_1' title="bbox 177 280 2289 329; baseline 0.008 -17"><span class='ocrx_word' id='word_1_1' title='bbox 177 282 236 313; x_wconf 84' lang='lat'><strong>589</strong></span> <span class='ocrx_word' id='word_1_2' title='bbox 1052 280 1233 318; x_wconf 79' lang='lat' dir='ltr'><strong>SIXIEME</strong></span> <span class='ocrx_word' id='word_1_3' title='bbox 1255 282 1415 320; x_wconf 77' lang='lat' dir='ltr'><strong>ANNEE.</strong></span> <span class='ocrx_word' id='word_1_4' title='bbox 2233 299 2289 329; x_wconf 82' lang='lat'><strong>590</strong></span> 
     </span>
    </p>
   </div>
   <div class='ocr_carea' id='block_1_2' title="bbox 177 349 1192 435">
    <p class='ocr_par' dir='ltr' id='par_1_2' title="bbox 177 349 1192 435">
     <span class='ocr_line' id='line_1_2' title="bbox 179 349 1192 387; baseline 0.005 -12"><span class='ocrx_word' id='word_1_5' title='bbox 179 356 214 375; x_wconf 88' lang='lat' dir='ltr'><strong>ne</strong></span> <span class='ocrx_word' id='word_1_6' title='bbox 229 349 438 384; x_wconf 78' lang='lat' dir='ltr'><strong>compellantur</strong></span> <span class='ocrx_word' id='word_1_7' title='bbox 453 350 488 376; x_wconf 89' lang='lat' dir='ltr'><strong>de</strong></span> <span class='ocrx_word' id='word_1_8' title='bbox 499 350 598 377; x_wconf 85' lang='lat' dir='ltr'><strong>causis</strong></span> <span class='ocrx_word' id='word_1_9' title='bbox 614 359 794 386; x_wconf 77' lang='lat' dir='ltr'><strong>cognoscere</strong></span> <span class='ocrx_word' id='word_1_10' title='bbox 807 352 991 387; x_wconf 79' lang='lat' dir='ltr'>litigantium,</span> <span class='ocrx_word' id='word_1_11' title='bbox 1005 361 1057 379; x_wconf 87' lang='lat' dir='ltr'><strong>nec</strong></span> <span class='ocrx_word' id='word_1_12' title='bbox 1068 361 1192 380; x_wconf 85' lang='lat' dir='ltr'><strong>exsecu-</strong></span> 
     </span>
     <span class='ocr_line' id='line_1_3' title="bbox 177 397 1075 435; baseline 0.006 -11"><span class='ocrx_word' id='word_1_13' title='bbox 177 398 272 425; x_wconf 85' lang='lat' dir='ltr'><strong>tiones</strong></span> <span class='ocrx_word' id='word_1_14' title='bbox 287 397 426 434; x_wconf 86' lang='lat' dir='ltr'><strong>recipere.</strong></span> <span class='ocrx_word' id='word_1_15' title='bbox 442 413 478 420; x_wconf 95' lang='lat'>—</span> <span class='ocrx_word' id='word_1_16' title='bbox 493 399 576 433; x_wconf 75' lang='lat' dir='ltr'><strong>(Rae.</strong></span> <span class='ocrx_word' id='word_1_17' title='bbox 596 399 640 434; x_wconf 84' lang='grc'><strong>16,</strong></span> <span class='ocrx_word' id='word_1_18' title='bbox 657 400 676 427; x_wconf 76' lang='lat' dir='ltr'><strong>f.</strong></span> <span class='ocrx_word' id='word_1_19' title='bbox 694 400 723 428; x_wconf 83' lang='lat'><strong>61</strong></span> <span class='ocrx_word' id='word_1_20' title='bbox 743 407 786 434; x_wconf 88' lang='lat' dir='ltr'><strong>v⁰;</strong></span> <span class='ocrx_word' id='word_1_21' title='bbox 805 409 871 428; x_wconf 86' lang='lat' dir='ltr'><strong>ann.</strong></span> <span class='ocrx_word' id='word_1_22' title='bbox 891 401 941 434; x_wconf 82' lang='lat' dir='ltr'><strong>VI,</strong></span> <span class='ocrx_word' id='word_1_23' title='bbox 959 410 984 428; x_wconf 91' lang='lat' dir='ltr'><strong>c.</strong></span> <span class='ocrx_word' id='word_1_24' title='bbox 1001 402 1075 435; x_wconf 66' lang='lat'>2¹09.)</span> 
     </span>
    </p>
   </div>
   <div class='ocr_carea' id='block_1_3' title="bbox 220 502 1233 541">
    <p class='ocr_par' dir='ltr' id='par_1_3' title="bbox 220 502 1233 541">
     <span class='ocr_line' id='line_1_4' title="bbox 220 502 1233 541; baseline 0.004 -13"><span class='ocrx_word' id='word_1_25' title='bbox 220 512 233 527; x_wconf 91' lang='lat'>«</span> <span class='ocrx_word' id='word_1_26' title='bbox 252 523 271 529; x_wconf 95' lang='lat'><strong>..</strong></span> <span class='ocrx_word' id='word_1_27' title='bbox 287 502 391 538; x_wconf 79' lang='lat' dir='ltr'><strong>priori</strong></span> <span class='ocrx_word' id='word_1_28' title='bbox 406 507 432 531; x_wconf 82' lang='lat' dir='ltr'><strong>et</strong></span> <span class='ocrx_word' id='word_1_29' title='bbox 446 502 598 538; x_wconf 73' lang='lat' dir='ltr'><strong>fratribus</strong></span> <span class='ocrx_word' id='word_1_30' title='bbox 613 503 722 532; x_wconf 78' lang='lat' dir='ltr'><strong>Sancte</strong></span> <span class='ocrx_word' id='word_1_31' title='bbox 744 504 907 532; x_wconf 75' lang='lat' dir='ltr'><strong>Trinitatis</strong></span> <span class='ocrx_word' id='word_1_32' title='bbox 923 504 956 532; x_wconf 75' lang='lat' dir='ltr'><strong>‹ie</strong></span> <span class='ocrx_word' id='word_1_33' title='bbox 972 504 1187 541; x_wconf 71' lang='lat' dir='ltr'><strong>Campaniam,</strong></span> <span class='ocrx_word' id='word_1_34' title='bbox 1231 511 1233 528; x_wconf 59' lang='grc' dir='ltr'><strong><em>τ</em></strong></span> 
     </span>
    </p>
   </div>
   <div class='ocr_carea' id='block_1_4' title="bbox 176 553 1192 693">
    <p class='ocr_par' dir='ltr' id='par_1_4' title="bbox 176 553 1192 693">
     <span class='ocr_line' id='line_1_5' title="bbox 177 553 1192 594; baseline 0.003 -12"><span class='ocrx_word' id='word_1_35' title='bbox 177 553 299 583; x_wconf 77' lang='lat' dir='ltr'><em>ordinis</em></span> <span class='ocrx_word' id='word_1_36' title='bbox 320 555 420 583; x_wconf 76' lang='lat' dir='ltr'><strong>saneti</strong></span> <span class='ocrx_word' id='word_1_37' title='bbox 441 556 619 592; x_wconf 68' lang='grc' dir='ltr'><strong>Αιιςμιεῑίηί,</strong></span> <span class='ocrx_word' id='word_1_38' title='bbox 638 557 772 594; x_wconf 68' lang='grc' dir='ltr'><strong>Ηεῃίη[ε]</strong></span> <span class='ocrx_word' id='word_1_39' title='bbox 788 557 923 586; x_wconf 76' lang='lat' dir='ltr'><strong>diocesis.</strong></span> <span class='ocrx_word' id='word_1_40' title='bbox 941 556 1024 587; x_wconf 85' lang='lat' dir='ltr'><strong>Cum</strong></span> <span class='ocrx_word' id='word_1_41' title='bbox 1044 561 1192 587; x_wconf 73' lang='lat' dir='ltr'><strong>contem-</strong></span> 
     </span>
     <span class='ocr_line' id='line_1_6' title="bbox 176 605 1192 647; baseline 0.005 -12"><span class='ocrx_word' id='word_1_42' title='bbox 176 605 317 644; x_wconf 86' lang='lat' dir='ltr'><strong>plationi</strong></span> <span class='ocrx_word' id='word_1_43' title='bbox 333 607 530 638; x_wconf 87' lang='lat' dir='ltr'><strong>vacantibus</strong></span> <span class='ocrx_word' id='word_1_44' title='bbox 546 625 594 636; x_wconf 94' lang='lat'><strong>—.</strong></span> <span class='ocrx_word' id='word_1_45' title='bbox 618 609 691 638; x_wconf 86' lang='lat' dir='ltr'><strong>Dat.</strong></span> <span class='ocrx_word' id='word_1_46' title='bbox 714 609 883 647; x_wconf 80' lang='lat' dir='ltr'><strong>Anagnie.</strong></span> <span class='ocrx_word' id='word_1_47' title='bbox 905 610 936 639; x_wconf 93' lang='lat' dir='ltr'><strong>II</strong></span> <span class='ocrx_word' id='word_1_48' title='bbox 959 609 1033 639; x_wconf 87' lang='lat' dir='ltr'><strong>idus</strong></span> <span class='ocrx_word' id='word_1_49' title='bbox 1057 618 1192 640; x_wconf 89' lang='lat' dir='ltr'><strong>novem-</strong></span> 
     </span>
     <span class='ocr_line' id='line_1_7' title="bbox 177 658 515 693; baseline 0.006 -5"><span class='ocrx_word' id='word_1_50' title='bbox 177 658 257 693; x_wconf 68' lang='lat' dir='ltr'><strong>bris,</strong></span> <span class='ocrx_word' id='word_1_51' title='bbox 276 667 363 689; x_wconf 90' lang='lat' dir='ltr'><strong>anno</strong></span> <span class='ocrx_word' id='word_1_52' title='bbox 379 664 481 690; x_wconf 79' lang='lat' dir='ltr'><strong>sexto.</strong></span> <span class='ocrx_word' id='word_1_53' title='bbox 502 672 515 687; x_wconf 64' lang='grc' dir='ltr'><strong>υ</strong></span> 
     </span>
    </p>
   </div>
   <div class='ocr_carea' id='block_1_5' title="bbox 253 830 368 861">
    <p class='ocr_par' dir='ltr' id='par_1_5' title="bbox 253 830 368 861">
     <span class='ocr_line' id='line_1_8' title="bbox 253 830 368 861; baseline 0 -1"><span class='ocrx_word' id='word_1_54' title='bbox 253 830 368 861; x_wconf 72' lang='grc'>1005</span> 
     </span>
    </p>
   </div>
   <div class='ocr_carea' id='block_1_6' title="bbox 172 891 1192 1219">
    <p class='ocr_par' dir='ltr' id='par_1_6' title="bbox 172 891 1192 1219">
     <span class='ocr_line' id='line_1_9' title="bbox 214 891 1192 931; baseline 0.004 -13"><span class='ocrx_word' id='word_1_55' title='bbox 214 891 331 919; x_wconf 85' lang='lat' dir='ltr'><strong>Eisdem</strong></span> <span class='ocrx_word' id='word_1_56' title='bbox 347 893 492 927; x_wconf 83' lang='lat' dir='ltr'><strong>significat</strong></span> <span class='ocrx_word' id='word_1_57' title='bbox 508 901 540 920; x_wconf 90' lang='lat' dir='ltr'><strong>se</strong></span> <span class='ocrx_word' id='word_1_58' title='bbox 556 893 686 920; x_wconf 85' lang='lat' dir='ltr'><strong>inhibere</strong></span> <span class='ocrx_word' id='word_1_59' title='bbox 703 903 738 920; x_wconf 87' lang='lat' dir='ltr'><strong>ne</strong></span> <span class='ocrx_word' id='word_1_60' title='bbox 751 895 817 929; x_wconf 90' lang='lat' dir='ltr'><strong>quis</strong></span> <span class='ocrx_word' id='word_1_61' title='bbox 832 894 866 921; x_wconf 89' lang='lat' dir='ltr'><strong>de</strong></span> <span class='ocrx_word' id='word_1_62' title='bbox 883 896 967 922; x_wconf 84' lang='lat' dir='ltr'><strong>terris</strong></span> <span class='ocrx_word' id='word_1_63' title='bbox 982 899 1011 922; x_wconf 88' lang='lat' dir='ltr'><strong>et</strong></span> <span class='ocrx_word' id='word_1_64' title='bbox 1026 896 1192 931; x_wconf 87' lang='lat' dir='ltr'><strong>possessio-</strong></span> 
     </span>
     <span class='ocr_line' id='line_1_10' title="bbox 179 941 1191 979; baseline 0.004 -12"><span class='ocrx_word' id='word_1_65' title='bbox 179 941 264 968; x_wconf 86' lang='lat' dir='ltr'>nibus</span> <span class='ocrx_word' id='word_1_66' title='bbox 279 950 352 976; x_wconf 85' lang='lat' dir='ltr'><strong>quas</strong></span> <span class='ocrx_word' id='word_1_67' title='bbox 368 942 455 968; x_wconf 83' lang='lat' dir='ltr'><strong>frater</strong></span> <span class='ocrx_word' id='word_1_68' title='bbox 472 941 648 974; x_wconf 68' lang='lat' dir='ltr'><strong>Palmerffls,</strong></span> <span class='ocrx_word' id='word_1_69' title='bbox 668 943 883 970; x_wconf 82' lang='lat' dir='ltr'><strong>concanonicus</strong></span> <span class='ocrx_word' id='word_1_70' title='bbox 898 944 1044 978; x_wconf 85' lang='lat' dir='ltr'><strong>ipsorum,</strong></span> <span class='ocrx_word' id='word_1_71' title='bbox 1062 945 1191 979; x_wconf 84' lang='lat' dir='ltr'><strong>ipsorum</strong></span> 
     </span>
     <span class='ocr_line' id='line_1_11' title="bbox 176 989 1191 1028; baseline 0.004 -12"><span class='ocrx_word' id='word_1_72' title='bbox 176 989 317 1016; x_wconf 87' lang='lat' dir='ltr'><strong>ecclesiae</strong></span> <span class='ocrx_word' id='word_1_73' title='bbox 338 994 537 1026; x_wconf 77' lang='lat' dir='ltr'><strong>concesserat,</strong></span> <span class='ocrx_word' id='word_1_74' title='bbox 556 999 610 1018; x_wconf 84' lang='lat' dir='ltr'><strong>nec</strong></span> <span class='ocrx_word' id='word_1_75' title='bbox 631 991 665 1018; x_wconf 93' lang='lat' dir='ltr'><strong>de</strong></span> <span class='ocrx_word' id='word_1_76' title='bbox 687 991 750 1018; x_wconf 86' lang='lat' dir='ltr'><strong>aliis</strong></span> <span class='ocrx_word' id='word_1_77' title='bbox 770 991 855 1018; x_wconf 81' lang='lat' dir='ltr'><strong>etiam</strong></span> <span class='ocrx_word' id='word_1_78' title='bbox 874 991 946 1018; x_wconf 81' lang='lat' dir='ltr'><strong>insi-a</strong></span> <span class='ocrx_word' id='word_1_79' title='bbox 962 997 1044 1028; x_wconf 88' lang='lat' dir='ltr'><strong>septa</strong></span> <span class='ocrx_word' id='word_1_80' title='bbox 1059 993 1191 1028; x_wconf 84' lang='lat' dir='ltr'><strong>ejusdem</strong></span> 
     </span>
     <span class='ocr_line' id='line_1_12' title="bbox 175 1039 1192 1077; baseline 0.004 -12"><span class='ocrx_word' id='word_1_81' title='bbox 175 1039 315 1066; x_wconf 86' lang='lat' dir='ltr'><strong>ecclesiae</strong></span> <span class='ocrx_word' id='word_1_82' title='bbox 337 1041 522 1072; x_wconf 86' lang='lat' dir='ltr'><strong>constitutis,</strong></span> <span class='ocrx_word' id='word_1_83' title='bbox 549 1049 603 1067; x_wconf 88' lang='lat' dir='ltr'><strong>nec</strong></span> <span class='ocrx_word' id='word_1_84' title='bbox 623 1048 680 1067; x_wconf 89' lang='lat' dir='ltr'><strong>non</strong></span> <span class='ocrx_word' id='word_1_85' title='bbox 701 1044 730 1067; x_wconf 87' lang='lat' dir='ltr'><strong>et</strong></span> <span class='ocrx_word' id='word_1_86' title='bbox 755 1041 846 1068; x_wconf 84' lang='lat' dir='ltr'><strong>liortis</strong></span> <span class='ocrx_word' id='word_1_87' title='bbox 869 1045 897 1068; x_wconf 88' lang='lat' dir='ltr'><strong>et</strong></span> <span class='ocrx_word' id='word_1_88' title='bbox 918 1041 1053 1076; x_wconf 85' lang='lat' dir='ltr'><strong>virgultis</strong></span> <span class='ocrx_word' id='word_1_89' title='bbox 1069 1042 1142 1077; x_wconf 86' lang='lat' dir='ltr'><strong>suis,</strong></span> <span class='ocrx_word' id='word_1_90' title='bbox 1158 1051 1192 1069; x_wconf 87' lang='lat' dir='ltr'><strong>ac</strong></span> 
     </span>
     <span class='ocr_line' id='line_1_13' title="bbox 176 1088 1192 1124; baseline 0.003 -10"><span class='ocrx_word' id='word_1_91' title='bbox 176 1094 296 1114; x_wconf 89' lang='lat' dir='ltr'><strong>suorum</strong></span> <span class='ocrx_word' id='word_1_92' title='bbox 311 1088 477 1115; x_wconf 89' lang='lat' dir='ltr'><strong>animalium</strong></span> <span class='ocrx_word' id='word_1_93' title='bbox 496 1089 681 1116; x_wconf 75' lang='lat' dir='ltr'><strong>nutrimentis</strong></span> <span class='ocrx_word' id='word_1_94' title='bbox 697 1089 731 1116; x_wconf 91' lang='lat' dir='ltr'><strong>ab</strong></span> <span class='ocrx_word' id='word_1_95' title='bbox 748 1090 791 1116; x_wconf 87' lang='lat' dir='ltr'><strong>eis</strong></span> <span class='ocrx_word' id='word_1_96' title='bbox 806 1090 934 1117; x_wconf 84' lang='lat' dir='ltr'><strong>decimas</strong></span> <span class='ocrx_word' id='word_1_97' title='bbox 950 1090 1065 1124; x_wconf 83' lang='lat' dir='ltr'><strong>exigere</strong></span> <span class='ocrx_word' id='word_1_98' title='bbox 1080 1092 1124 1117; x_wconf 92' lang='lat' dir='ltr'><strong>vel</strong></span> <span class='ocrx_word' id='word_1_99' title='bbox 1141 1099 1192 1117; x_wconf 87' lang='lat' dir='ltr'><strong>ex-</strong></span> 
     </span>
     <span class='ocr_line' id='line_1_14' title="bbox 174 1138 1189 1173; baseline 0.004 -11"><span class='ocrx_word' id='word_1_100' title='bbox 174 1139 309 1170; x_wconf 83' lang='lat' dir='ltr'><strong>torquere</strong></span> <span class='ocrx_word' id='word_1_101' title='bbox 332 1141 508 1171; x_wconf 85' lang='lat' dir='ltr'><strong>praesumat.</strong></span> <span class='ocrx_word' id='word_1_102' title='bbox 530 1153 563 1157; x_wconf 88' lang='lat'><strong>—</strong></span> <span class='ocrx_word' id='word_1_103' title='bbox 585 1138 668 1170; x_wconf 77' lang='lat' dir='ltr'><strong>(Rea.</strong></span> <span class='ocrx_word' id='word_1_104' title='bbox 691 1138 738 1171; x_wconf 83' lang='grc'><strong>16,</strong></span> <span class='ocrx_word' id='word_1_105' title='bbox 761 1138 780 1164; x_wconf 83' lang='lat' dir='ltr'><strong>f.</strong></span> <span class='ocrx_word' id='word_1_106' title='bbox 803 1139 835 1165; x_wconf 85' lang='grc'><strong>61</strong></span> <span class='ocrx_word' id='word_1_107' title='bbox 852 1145 896 1171; x_wconf 83' lang='lat' dir='ltr'><strong>v⁰;</strong></span> <span class='ocrx_word' id='word_1_108' title='bbox 919 1147 985 1166; x_wconf 85' lang='lat' dir='ltr'><strong>ann.</strong></span> <span class='ocrx_word' id='word_1_109' title='bbox 1006 1138 1060 1173; x_wconf 83' lang='lat' dir='ltr'><strong>VI,</strong></span> <span class='ocrx_word' id='word_1_110' title='bbox 1078 1148 1103 1166; x_wconf 92' lang='lat' dir='ltr'><strong>c.</strong></span> <span class='ocrx_word' id='word_1_111' title='bbox 1120 1139 1189 1172; x_wconf 81' lang='lat'>‘210;</span> 
     </span>
     <span class='ocr_line' id='line_1_15' title="bbox 172 1185 532 1219; baseline 0.006 -8"><span class='ocrx_word' id='word_1_112' title='bbox 172 1198 208 1204; x_wconf 90' lang='lat'>—</span> <span class='ocrx_word' id='word_1_113' title='bbox 223 1185 260 1212; x_wconf 82' lang='lat' dir='ltr'><strong>cf.</strong></span> <span class='ocrx_word' id='word_1_114' title='bbox 276 1193 373 1219; x_wconf 81' lang='lat' dir='ltr'><strong>supra.</strong></span> <span class='ocrx_word' id='word_1_115' title='bbox 391 1192 423 1212; x_wconf 92' lang='lat' dir='ltr'><strong>n⁰</strong></span> <span class='ocrx_word' id='word_1_116' title='bbox 440 1186 532 1219; x_wconf 91' lang='grc'>1000.)</span> 
     </span>
    </p>
   </div>
   <div class='ocr_carea' id='block_1_7' title="bbox 691 833 1118 867">
    <p class='ocr_par' dir='ltr' id='par_1_7' title="bbox 691 833 1118 867">
     <span class='ocr_line' id='line_1_16' title="bbox 691 833 1118 867; baseline 0.002 -8"><span class='ocrx_word' id='word_1_117' title='bbox 691 833 818 867; x_wconf 87' lang='lat' dir='ltr'><strong>Anagni,</strong></span> <span class='ocrx_word' id='word_1_118' title='bbox 835 833 850 860; x_wconf 84' lang='lat'><strong>3</strong></span> <span class='ocrx_word' id='word_1_119' title='bbox 868 833 1023 860; x_wconf 85' lang='lat' dir='ltr'><strong>novembre</strong></span> <span class='ocrx_word' id='word_1_120' title='bbox 1042 833 1118 860; x_wconf 64' lang='lat'>1232.</span> 
     </span>
    </p>
   </div>
   <div class='ocr_carea' id='block_1_8' title="bbox 172 1287 1190 1375">
    <p class='ocr_par' dir='ltr' id='par_1_8' title="bbox 172 1287 1190 1375">
     <span class='ocr_line' id='line_1_17' title="bbox 216 1287 1190 1327; baseline 0.006 -13"><span class='ocrx_word' id='word_1_121' title='bbox 216 1299 228 1313; x_wconf 86' lang='lat'>«</span> <span class='ocrx_word' id='word_1_122' title='bbox 252 1288 383 1316; x_wconf 78' lang='lat' dir='ltr'><strong>Eisdem.</strong></span> <span class='ocrx_word' id='word_1_123' title='bbox 406 1287 490 1318; x_wconf 89' lang='lat' dir='ltr'><strong>Cum</strong></span> <span class='ocrx_word' id='word_1_124' title='bbox 510 1297 529 1317; x_wconf 88' lang='lat' dir='ltr'><strong>a</strong></span> <span class='ocrx_word' id='word_1_125' title='bbox 547 1287 643 1318; x_wconf 89' lang='lat' dir='ltr'><strong>nohis</strong></span> <span class='ocrx_word' id='word_1_126' title='bbox 661 1305 709 1317; x_wconf 92' lang='lat'><strong>—.</strong></span> <span class='ocrx_word' id='word_1_127' title='bbox 734 1289 797 1319; x_wconf 90' lang='lat' dir='ltr'><strong>Dat</strong></span> <span class='ocrx_word' id='word_1_128' title='bbox 817 1289 986 1327; x_wconf 85' lang='lat' dir='ltr'><strong>Anagnie‚</strong></span> <span class='ocrx_word' id='word_1_129' title='bbox 1011 1290 1061 1320; x_wconf 95' lang='lat' dir='ltr'><strong>III</strong></span> <span class='ocrx_word' id='word_1_130' title='bbox 1085 1298 1190 1320; x_wconf 89' lang='lat' dir='ltr'><strong>nonas</strong></span> 
     </span>
     <span class='ocr_line' id='line_1_18' title="bbox 172 1339 631 1375; baseline 0.004 -6"><span class='ocrx_word' id='word_1_131' title='bbox 172 1339 375 1375; x_wconf 75' lang='lat' dir='ltr'><strong>novembris,</strong></span> <span class='ocrx_word' id='word_1_132' title='bbox 394 1349 481 1370; x_wconf 90' lang='lat' dir='ltr'><strong>anno</strong></span> <span class='ocrx_word' id='word_1_133' title='bbox 496 1344 598 1371; x_wconf 84' lang='lat' dir='ltr'><strong>sexto.</strong></span> <span class='ocrx_word' id='word_1_134' title='bbox 619 1353 631 1367; x_wconf 74' lang='lat' dir='ltr'><strong>n</strong></span> 
     </span>
    </p>
   </div>
   <div class='ocr_carea' id='block_1_9' title="bbox 249 1511 1117 1549">
    <p class='ocr_par' dir='ltr' id='par_1_9' title="bbox 249 1511 1117 1549">
     <span class='ocr_line' id='line_1_19' title="bbox 249 1511 1117 1549; baseline 0.002 -9"><span class='ocrx_word' id='word_1_135' title='bbox 249 1511 367 1541; x_wconf 80' lang='grc'>1000</span> <span class='ocrx_word' id='word_1_136' title='bbox 691 1513 818 1549; x_wconf 74' lang='lat' dir='ltr'><strong>Anagni,</strong></span> <span class='ocrx_word' id='word_1_137' title='bbox 836 1515 851 1541; x_wconf 85' lang='lat'><strong>7</strong></span> <span class='ocrx_word' id='word_1_138' title='bbox 867 1514 1021 1542; x_wconf 75' lang='lat' dir='ltr'><strong>decembre</strong></span> <span class='ocrx_word' id='word_1_139' title='bbox 1038 1515 1117 1543; x_wconf 70' lang='lat'><strong>1232.</strong></span> 
     </span>
    </p>
   </div>
   <div class='ocr_carea' id='block_1_10' title="bbox 172 1572 1191 1755">
    <p class='ocr_par' dir='ltr' id='par_1_10' title="bbox 172 1572 1191 1755">
     <span class='ocr_line' id='line_1_20' title="bbox 210 1572 1191 1612; baseline 0.005 -12"><span class='ocrx_word' id='word_1_140' title='bbox 210 1572 327 1600; x_wconf 86' lang='lat' dir='ltr'><strong>Eisdem</strong></span> <span class='ocrx_word' id='word_1_141' title='bbox 343 1575 494 1602; x_wconf 85' lang='lat' dir='ltr'><strong>confirmat</strong></span> <span class='ocrx_word' id='word_1_142' title='bbox 508 1575 637 1603; x_wconf 89' lang='lat' dir='ltr'><strong>decimas</strong></span> <span class='ocrx_word' id='word_1_143' title='bbox 653 1577 783 1603; x_wconf 89' lang='lat' dir='ltr'><strong>omnium</strong></span> <span class='ocrx_word' id='word_1_144' title='bbox 800 1581 942 1604; x_wconf 87' lang='lat' dir='ltr'><strong>terrarum</strong></span> <span class='ocrx_word' id='word_1_145' title='bbox 957 1586 1030 1612; x_wconf 92' lang='lat' dir='ltr'><strong>quas</strong></span> <span class='ocrx_word' id='word_1_146' title='bbox 1047 1578 1191 1605; x_wconf 89' lang='lat' dir='ltr'><strong>habebant</strong></span> 
     </span>
     <span class='ocr_line' id='line_1_21' title="bbox 174 1623 1190 1662; baseline 0.006 -13"><span class='ocrx_word' id='word_1_147' title='bbox 174 1623 203 1650; x_wconf 90' lang='lat' dir='ltr'><strong>in</strong></span> <span class='ocrx_word' id='word_1_148' title='bbox 219 1623 355 1658; x_wconf 86' lang='lat' dir='ltr'><strong>parochia</strong></span> <span class='ocrx_word' id='word_1_149' title='bbox 369 1625 510 1652; x_wconf 88' lang='lat' dir='ltr'><strong>ecclesiae</strong></span> <span class='ocrx_word' id='word_1_150' title='bbox 525 1624 623 1652; x_wconf 80' lang='lat' dir='ltr'><strong>Sancti</strong></span> <span class='ocrx_word' id='word_1_151' title='bbox 639 1625 771 1653; x_wconf 76' lang='lat' dir='ltr'><strong>Get-vasli</strong></span> <span class='ocrx_word' id='word_1_152' title='bbox 788 1626 823 1653; x_wconf 85' lang='lat' dir='ltr'><strong>de</strong></span> <span class='ocrx_word' id='word_1_153' title='bbox 838 1626 1033 1662; x_wconf 87' lang='lat' dir='ltr'><strong>Campaniola,</strong></span> <span class='ocrx_word' id='word_1_154' title='bbox 1046 1635 1061 1654; x_wconf 83' lang='lat' dir='ltr'><strong>a</strong></span> <span class='ocrx_word' id='word_1_155' title='bbox 1075 1627 1190 1662; x_wconf 86' lang='lat' dir='ltr'><strong>Regino</strong></span> 
     </span>
     <span class='ocr_line' id='line_1_22' title="bbox 176 1671 1188 1710; baseline 0.006 -12"><span class='ocrx_word' id='word_1_156' title='bbox 176 1671 315 1706; x_wconf 86' lang='lat' dir='ltr'><strong>episcopo</strong></span> <span class='ocrx_word' id='word_1_157' title='bbox 339 1673 382 1699; x_wconf 84' lang='lat' dir='ltr'><strong>eis</strong></span> <span class='ocrx_word' id='word_1_158' title='bbox 407 1681 574 1702; x_wconf 84' lang='lat' dir='ltr'><strong>concessas.</strong></span> <span class='ocrx_word' id='word_1_159' title='bbox 600 1689 634 1695; x_wconf 94' lang='lat'>—</span> <span class='ocrx_word' id='word_1_160' title='bbox 661 1674 750 1709; x_wconf 72' lang='lat' dir='ltr'><strong>(Rau.</strong></span> <span class='ocrx_word' id='word_1_161' title='bbox 778 1675 826 1709; x_wconf 91' lang='grc'><strong>16,</strong></span> <span class='ocrx_word' id='word_1_162' title='bbox 853 1676 872 1703; x_wconf 84' lang='lat' dir='ltr'><strong>f.</strong></span> <span class='ocrx_word' id='word_1_163' title='bbox 899 1675 929 1702; x_wconf 91' lang='grc'><strong>61</strong></span> <span class='ocrx_word' id='word_1_164' title='bbox 959 1682 1007 1709; x_wconf 82' lang='lat' dir='ltr'><strong>v⁰;</strong></span> <span class='ocrx_word' id='word_1_165' title='bbox 1037 1685 1104 1703; x_wconf 87' lang='lat' dir='ltr'><strong>ann.</strong></span> <span class='ocrx_word' id='word_1_166' title='bbox 1133 1676 1188 1710; x_wconf 87' lang='lat' dir='ltr'><strong>VI,</strong></span> 
     </span>
     <span class='ocr_line' id='line_1_23' title="bbox 172 1720 292 1755; baseline 0 -7"><span class='ocrx_word' id='word_1_167' title='bbox 172 1728 199 1748; x_wconf 85' lang='lat' dir='ltr'><strong>c.</strong></span> <span class='ocrx_word' id='word_1_168' title='bbox 217 1720 292 1755; x_wconf 74' lang='lat'><strong>211.)</strong></span> 
     </span>
    </p>
   </div>
   <div class='ocr_carea' id='block_1_11' title="bbox 171 1825 1187 1915">
    <p class='ocr_par' dir='ltr' id='par_1_11' title="bbox 171 1825 1187 1915">
     <span class='ocr_line' id='line_1_24' title="bbox 180 1825 1187 1866; baseline 0.003 -10"><span class='ocrx_word' id='word_1_169' title='bbox 180 1853 183 1856; x_wconf 89' lang='lat'>.</span> <span class='ocrx_word' id='word_1_170' title='bbox 217 1836 229 1850; x_wconf 74' lang='grc' dir='ltr'>α</span> <span class='ocrx_word' id='word_1_171' title='bbox 256 1825 384 1854; x_wconf 81' lang='lat' dir='ltr'><strong>Eisdem.</strong></span> <span class='ocrx_word' id='word_1_172' title='bbox 412 1825 519 1856; x_wconf 86' lang='lat' dir='ltr'><strong>Justis</strong></span> <span class='ocrx_word' id='word_1_173' title='bbox 544 1826 730 1865; x_wconf 82' lang='lat' dir='ltr'><strong>petentium</strong></span> <span class='ocrx_word' id='word_1_174' title='bbox 750 1830 812 1857; x_wconf 84' lang='lat' dir='ltr'><strong>etc.</strong></span> <span class='ocrx_word' id='word_1_175' title='bbox 838 1844 887 1857; x_wconf 88' lang='lat'><strong>—.</strong></span> <span class='ocrx_word' id='word_1_176' title='bbox 915 1827 990 1857; x_wconf 88' lang='lat' dir='ltr'><strong>Dat.</strong></span> <span class='ocrx_word' id='word_1_177' title='bbox 1018 1828 1187 1866; x_wconf 71' lang='lat' dir='ltr'><strong>Anagnia,</strong></span> 
     </span>
     <span class='ocr_line' id='line_1_25' title="bbox 171 1877 803 1915; baseline 0.005 -8"><span class='ocrx_word' id='word_1_178' title='bbox 171 1877 237 1908; x_wconf 89' lang='lat' dir='ltr'><strong>VII</strong></span> <span class='ocrx_word' id='word_1_179' title='bbox 253 1877 328 1908; x_wconf 81' lang='lat' dir='ltr'><strong>idus</strong></span> <span class='ocrx_word' id='word_1_180' title='bbox 344 1877 545 1915; x_wconf 84' lang='lat' dir='ltr'><strong>decembris,</strong></span> <span class='ocrx_word' id='word_1_181' title='bbox 564 1887 652 1909; x_wconf 87' lang='lat' dir='ltr'><strong>anno</strong></span> <span class='ocrx_word' id='word_1_182' title='bbox 668 1883 770 1910; x_wconf 86' lang='lat' dir='ltr'><strong>sexto.</strong></span> <span class='ocrx_word' id='word_1_183' title='bbox 791 1891 803 1906; x_wconf 72' lang='lat' dir='ltr'><strong>n</strong></span> 
     </span>
    </p>
   </div>
   <div class='ocr_carea' id='block_1_12' title="bbox 247 2049 362 2078">
    <p class='ocr_par' dir='ltr' id='par_1_12' title="bbox 247 2049 362 2078">
     <span class='ocr_line' id='line_1_26' title="bbox 247 2049 362 2078; baseline 0.009 -1"><span class='ocrx_word' id='word_1_184' title='bbox 247 2049 362 2078; x_wconf 61' lang='lat' dir='ltr'><strong>mov</strong></span> 
     </span>
    </p>
   </div>
   <div class='ocr_carea' id='block_1_13' title="bbox 169 2110 1189 2293">
    <p class='ocr_par' dir='ltr' id='par_1_13' title="bbox 169 2110 1189 2293">
     <span class='ocr_line' id='line_1_27' title="bbox 209 2110 1188 2147; baseline 0.003 -10"><span class='ocrx_word' id='word_1_185' title='bbox 209 2110 302 2138; x_wconf 85' lang='lat' dir='ltr'><strong>Priori</strong></span> <span class='ocrx_word' id='word_1_186' title='bbox 330 2111 440 2138; x_wconf 89' lang='lat' dir='ltr'><strong>ordinis</strong></span> <span class='ocrx_word' id='word_1_187' title='bbox 473 2111 706 2139; x_wconf 77' lang='lat' dir='ltr'><strong>praedicatorum</strong></span> <span class='ocrx_word' id='word_1_188' title='bbox 735 2111 852 2139; x_wconf 86' lang='lat' dir='ltr'><strong>mandat</strong></span> <span class='ocrx_word' id='word_1_189' title='bbox 879 2116 1023 2147; x_wconf 85' lang='lat' dir='ltr'><strong>quatenus</strong></span> <span class='ocrx_word' id='word_1_190' title='bbox 1047 2113 1188 2140; x_wconf 84' lang='lat' dir='ltr'><strong>ecclesiae</strong></span> 
     </span>
     <span class='ocr_line' id='line_1_28' title="bbox 170 2160 1186 2197; baseline 0.001 -10"><span class='ocrx_word' id='word_1_191' title='bbox 170 2160 295 2188; x_wconf 81' lang='lat' dir='ltr'><strong>Sanctae</strong></span> <span class='ocrx_word' id='word_1_192' title='bbox 317 2160 468 2187; x_wconf 80' lang='lat' dir='ltr'><strong>Trinitatis</strong></span> <span class='ocrx_word' id='word_1_193' title='bbox 491 2161 526 2188; x_wconf 91' lang='lat' dir='ltr'><strong>de</strong></span> <span class='ocrx_word' id='word_1_194' title='bbox 547 2160 744 2195; x_wconf 83' lang='lat' dir='ltr'><strong>Campaniola,</strong></span> <span class='ocrx_word' id='word_1_195' title='bbox 768 2161 879 2188; x_wconf 86' lang='lat' dir='ltr'><strong>ordinis</strong></span> <span class='ocrx_word' id='word_1_196' title='bbox 901 2162 994 2189; x_wconf 89' lang='lat' dir='ltr'><strong>sancti</strong></span> <span class='ocrx_word' id='word_1_197' title='bbox 1015 2161 1186 2197; x_wconf 80' lang='lat' dir='ltr'><strong>Augustini,</strong></span> 
     </span>
     <span class='ocr_line' id='line_1_29' title="bbox 170 2209 1189 2246; baseline 0.001 -10"><span class='ocrx_word' id='word_1_198' title='bbox 170 2209 302 2245; x_wconf 84' lang='lat' dir='ltr'><strong>Reginae</strong></span> <span class='ocrx_word' id='word_1_199' title='bbox 318 2209 478 2243; x_wconf 86' lang='lat' dir='ltr'><strong>dioecesis,</strong></span> <span class='ocrx_word' id='word_1_200' title='bbox 496 2209 622 2244; x_wconf 89' lang='lat' dir='ltr'><strong>singulis</strong></span> <span class='ocrx_word' id='word_1_201' title='bbox 638 2210 723 2237; x_wconf 79' lang='lat' dir='ltr'><strong>annis</strong></span> <span class='ocrx_word' id='word_1_202' title='bbox 740 2209 865 2237; x_wconf 88' lang='lat' dir='ltr'><strong>officium</strong></span> <span class='ocrx_word' id='word_1_203' title='bbox 880 2209 1055 2237; x_wconf 78' lang='lat' dir='ltr'><strong>visitationis</strong></span> <span class='ocrx_word' id='word_1_204' title='bbox 1075 2211 1189 2246; x_wconf 87' lang='lat' dir='ltr'><strong>impen-</strong></span> 
     </span>
     <span class='ocr_line' id='line_1_30' title="bbox 169 2257 1186 2293; baseline 0.001 -7"><span class='ocrx_word' id='word_1_205' title='bbox 169 2259 228 2286; x_wconf 87' lang='lat' dir='ltr'><strong>dat.</strong></span> <span class='ocrx_word' id='word_1_206' title='bbox 246 2273 280 2278; x_wconf 89' lang='lat'>—</span> <span class='ocrx_word' id='word_1_207' title='bbox 296 2258 380 2292; x_wconf 73' lang='lat' dir='ltr'><strong>(Rea.</strong></span> <span class='ocrx_word' id='word_1_208' title='bbox 401 2258 441 2290; x_wconf 81' lang='grc'><strong>16,</strong></span> <span class='ocrx_word' id='word_1_209' title='bbox 459 2258 478 2286; x_wconf 85' lang='lat' dir='ltr'><strong>f.</strong></span> <span class='ocrx_word' id='word_1_210' title='bbox 496 2258 526 2285; x_wconf 92' lang='grc'><strong>61</strong></span> <span class='ocrx_word' id='word_1_211' title='bbox 545 2265 589 2293; x_wconf 85' lang='lat' dir='ltr'><strong>v⁰;</strong></span> <span class='ocrx_word' id='word_1_212' title='bbox 606 2267 674 2287; x_wconf 83' lang='lat' dir='ltr'><strong>ann.</strong></span> <span class='ocrx_word' id='word_1_213' title='bbox 686 2257 737 2292; x_wconf 86' lang='lat' dir='ltr'><strong>VI,</strong></span> <span class='ocrx_word' id='word_1_214' title='bbox 754 2267 779 2286; x_wconf 94' lang='lat' dir='ltr'><strong>c.</strong></span> <span class='ocrx_word' id='word_1_215' title='bbox 795 2258 864 2292; x_wconf 73' lang='lat'><strong>212;</strong></span> <span class='ocrx_word' id='word_1_216' title='bbox 880 2272 917 2280; x_wconf 93' lang='lat'>—</span> <span class='ocrx_word' id='word_1_217' title='bbox 932 2258 1080 2287; x_wconf 61' lang='lat' dir='ltr'><strong>Formas-r</strong></span> <span class='ocrx_word' id='word_1_218' title='bbox 1094 2259 1186 2293; x_wconf 81' lang='lat'>9045.)</span> 
     </span>
    </p>
   </div>
   <div class='ocr_carea' id='block_1_14' title="bbox 664 2050 1115 2085">
    <p class='ocr_par' dir='ltr' id='par_1_14' title="bbox 664 2050 1115 2085">
     <span class='ocr_line' id='line_1_31' title="bbox 664 2050 1115 2085; baseline 0.004 -8"><span class='ocrx_word' id='word_1_219' title='bbox 664 2051 791 2085; x_wconf 88' lang='lat' dir='ltr'><strong>Anagni,</strong></span> <span class='ocrx_word' id='word_1_220' title='bbox 809 2050 842 2078; x_wconf 74' lang='lat'><strong>22</strong></span> <span class='ocrx_word' id='word_1_221' title='bbox 860 2051 1017 2078; x_wconf 87' lang='lat' dir='ltr'><strong>novembre</strong></span> <span class='ocrx_word' id='word_1_222' title='bbox 1035 2051 1115 2080; x_wconf 70' lang='lat'><strong>1232.</strong></span> 
     </span>
    </p>
   </div>
   <div class='ocr_carea' id='block_1_15' title="bbox 213 2360 1187 2399">
    <p class='ocr_par' dir='ltr' id='par_1_15' title="bbox 213 2360 1187 2399">
     <span class='ocr_line' id='line_1_32' title="bbox 213 2360 1187 2399; baseline 0.002 -10"><span class='ocrx_word' id='word_1_223' title='bbox 213 2373 226 2387; x_wconf 91' lang='lat'>«</span> <span class='ocrx_word' id='word_1_224' title='bbox 247 2384 266 2390; x_wconf 88' lang='lat'><strong>..</strong></span> <span class='ocrx_word' id='word_1_225' title='bbox 281 2362 385 2399; x_wconf 78' lang='lat' dir='ltr'><strong>priori</strong></span> <span class='ocrx_word' id='word_1_226' title='bbox 399 2361 519 2390; x_wconf 78' lang='lat' dir='ltr'><strong>ordinis</strong></span> <span class='ocrx_word' id='word_1_227' title='bbox 532 2360 774 2390; x_wconf 72' lang='lat' dir='ltr'><strong>Predicatorum.</strong></span> <span class='ocrx_word' id='word_1_228' title='bbox 794 2360 866 2391; x_wconf 88' lang='lat' dir='ltr'><strong>Etsi</strong></span> <span class='ocrx_word' id='word_1_229' title='bbox 882 2360 1100 2391; x_wconf 85' lang='lat' dir='ltr'><strong>eeclesiarum</strong></span> <span class='ocrx_word' id='word_1_230' title='bbox 1115 2370 1187 2392; x_wconf 91' lang='lat' dir='ltr'><strong>om-</strong></span> 
     </span>
    </p>
   </div>
   <div class='ocr_carea' id='block_1_16' title="bbox 169 2413 1186 2673">
    <p class='ocr_par' dir='ltr' id='par_1_16' title="bbox 169 2413 1186 2673">
     <span class='ocr_line' id='line_1_33' title="bbox 171 2413 1186 2453; baseline 0.002 -10"><span class='ocrx_word' id='word_1_231' title='bbox 171 2414 265 2444; x_wconf 88' lang='lat' dir='ltr'><strong>nium</strong></span> <span class='ocrx_word' id='word_1_232' title='bbox 286 2432 334 2443; x_wconf 89' lang='lat'><strong>—.</strong></span> <span class='ocrx_word' id='word_1_233' title='bbox 359 2415 433 2444; x_wconf 88' lang='lat' dir='ltr'><strong>Dat.</strong></span> <span class='ocrx_word' id='word_1_234' title='bbox 452 2413 621 2453; x_wconf 83' lang='lat' dir='ltr'><strong>Anagnie,</strong></span> <span class='ocrx_word' id='word_1_235' title='bbox 638 2414 670 2444; x_wconf 92' lang='lat' dir='ltr'>X</span> <span class='ocrx_word' id='word_1_236' title='bbox 691 2413 851 2445; x_wconf 84' lang='lat' dir='ltr'><strong>kalendas</strong></span> <span class='ocrx_word' id='word_1_237' title='bbox 873 2414 1074 2451; x_wconf 81' lang='lat' dir='ltr'><strong>decembris,</strong></span> <span class='ocrx_word' id='word_1_238' title='bbox 1098 2423 1186 2446; x_wconf 86' lang='lat' dir='ltr'><strong>anno</strong></span> 
     </span>
     <span class='ocr_line' id='line_1_34' title="bbox 169 2471 306 2498; baseline -0.007 0"><span class='ocrx_word' id='word_1_239' title='bbox 169 2471 272 2498; x_wconf 77' lang='lat' dir='ltr'><strong>sexto.</strong></span> <span class='ocrx_word' id='word_1_240' title='bbox 293 2480 306 2494; x_wconf 76' lang='lat'><strong>¹)</strong></span> 
     </span>
     <span class='ocr_line' id='line_1_35' title="bbox 243 2638 1110 2673; baseline 0 -7"><span class='ocrx_word' id='word_1_241' title='bbox 243 2638 358 2667; x_wconf 80' lang='grc'>1008</span> <span class='ocrx_word' id='word_1_242' title='bbox 667 2639 794 2673; x_wconf 85' lang='lat' dir='ltr'><strong>Anagni‚</strong></span> <span class='ocrx_word' id='word_1_243' title='bbox 811 2639 844 2667; x_wconf 70' lang='lat'><strong>23</strong></span> <span class='ocrx_word' id='word_1_244' title='bbox 861 2639 1014 2667; x_wconf 79' lang='lat' dir='ltr'><strong>decembre</strong></span> <span class='ocrx_word' id='word_1_245' title='bbox 1031 2640 1110 2667; x_wconf 75' lang='lat'>1232.</span> 
     </span>
    </p>
   </div>
   <div class='ocr_carea' id='block_1_17' title="bbox 167 2699 1185 2878">
    <p class='ocr_par' dir='ltr' id='par_1_17' title="bbox 167 2699 1185 2878">
     <span class='ocr_line' id='line_1_36' title="bbox 205 2699 1185 2734; baseline 0.002 -8"><span class='ocrx_word' id='word_1_246' title='bbox 205 2699 303 2726; x_wconf 83' lang='lat' dir='ltr'><strong>Electo</strong></span> <span class='ocrx_word' id='word_1_247' title='bbox 328 2699 509 2733; x_wconf 83' lang='lat' dir='ltr'><strong>Penestrino,</strong></span> <span class='ocrx_word' id='word_1_248' title='bbox 533 2699 692 2734; x_wconf 85' lang='lat' dir='ltr'><strong>apostolico</strong></span> <span class='ocrx_word' id='word_1_249' title='bbox 714 2699 822 2734; x_wconf 85' lang='lat' dir='ltr'><strong>legato,</strong></span> <span class='ocrx_word' id='word_1_250' title='bbox 847 2707 963 2727; x_wconf 88' lang='lat' dir='ltr'><strong>causam</strong></span> <span class='ocrx_word' id='word_1_251' title='bbox 987 2700 1022 2726; x_wconf 92' lang='lat' dir='ltr'><strong>de</strong></span> <span class='ocrx_word' id='word_1_252' title='bbox 1044 2700 1185 2728; x_wconf 87' lang='lat' dir='ltr'><strong>electione</strong></span> 
     </span>
     <span class='ocr_line' id='line_1_37' title="bbox 168 2747 1183 2783; baseline 0.002 -8"><span class='ocrx_word' id='word_1_253' title='bbox 168 2747 354 2782; x_wconf 72' lang='lat' dir='ltr'><strong>Blenedictil,</strong></span> <span class='ocrx_word' id='word_1_254' title='bbox 379 2747 583 2775; x_wconf 84' lang='lat' dir='ltr'><strong>Waradiensis</strong></span> <span class='ocrx_word' id='word_1_255' title='bbox 607 2747 748 2783; x_wconf 87' lang='lat' dir='ltr'><strong>episcopi,</strong></span> <span class='ocrx_word' id='word_1_256' title='bbox 773 2748 992 2775; x_wconf 80' lang='lat' dir='ltr'><strong>examinandam</strong></span> <span class='ocrx_word' id='word_1_257' title='bbox 1017 2749 1183 2778; x_wconf 84' lang='lat' dir='ltr'><strong>committit.</strong></span> 
     </span>
     <span class='ocr_line' id='line_1_38' title="bbox 167 2796 1183 2831; baseline 0.001 -7"><span class='ocrx_word' id='word_1_258' title='bbox 167 2811 202 2818; x_wconf 92' lang='lat'><strong>—</strong></span> <span class='ocrx_word' id='word_1_259' title='bbox 219 2796 303 2830; x_wconf 74' lang='lat' dir='ltr'><strong>(Rau.</strong></span> <span class='ocrx_word' id='word_1_260' title='bbox 324 2797 365 2831; x_wconf 91' lang='grc'><strong>16,</strong></span> <span class='ocrx_word' id='word_1_261' title='bbox 382 2797 401 2824; x_wconf 85' lang='lat' dir='ltr'><strong>f.</strong></span> <span class='ocrx_word' id='word_1_262' title='bbox 418 2797 449 2824; x_wconf 88' lang='grc'><strong>61</strong></span> <span class='ocrx_word' id='word_1_263' title='bbox 469 2803 513 2829; x_wconf 82' lang='lat' dir='ltr'><strong>v⁰;</strong></span> <span class='ocrx_word' id='word_1_264' title='bbox 531 2805 597 2824; x_wconf 78' lang='lat' dir='ltr'><strong>ann.</strong></span> <span class='ocrx_word' id='word_1_265' title='bbox 613 2796 663 2827; x_wconf 89' lang='lat' dir='ltr'><strong>VI.</strong></span> <span class='ocrx_word' id='word_1_266' title='bbox 676 2796 784 2828; x_wconf 72' lang='lat' dir='ltr'><strong>c.213;</strong></span> <span class='ocrx_word' id='word_1_267' title='bbox 805 2812 834 2817; x_wconf 90' lang='lat'><strong>—</strong></span> <span class='ocrx_word' id='word_1_268' title='bbox 852 2796 972 2825; x_wconf 70' lang='lat' dir='ltr'><strong>Monam</strong></span> <span class='ocrx_word' id='word_1_269' title='bbox 989 2797 1070 2831; x_wconf 87' lang='grc'>1187,</span> <span class='ocrx_word' id='word_1_270' title='bbox 1085 2797 1183 2831; x_wconf 64' lang='lat'>§.3865</span> 
     </span>
     <span class='ocr_line' id='line_1_39' title="bbox 167 2844 472 2878; baseline -0.003 -7"><span class='ocrx_word' id='word_1_271' title='bbox 167 2858 203 2865; x_wconf 93' lang='grc'>-</span> <span class='ocrx_word' id='word_1_272' title='bbox 220 2844 367 2872; x_wconf 69' lang='grc' dir='ltr'>Ροττωετ</span> <span class='ocrx_word' id='word_1_273' title='bbox 381 2844 472 2878; x_wconf 90' lang='grc'>9061.)</span> 
     </span>
    </p>
   </div>
   <div class='ocr_carea' id='block_1_18' title="bbox 211 2947 1184 2986">
    <p class='ocr_par' dir='ltr' id='par_1_18' title="bbox 211 2947 1184 2986">
     <span class='ocr_line' id='line_1_40' title="bbox 211 2947 1184 2986; baseline 0.004 -11"><span class='ocrx_word' id='word_1_274' title='bbox 211 2958 225 2972; x_wconf 78' lang='grc' dir='ltr'>α</span> <span class='ocrx_word' id='word_1_275' title='bbox 246 2966 265 2975; x_wconf 89' lang='grc'>..</span> <span class='ocrx_word' id='word_1_276' title='bbox 283 2947 372 2976; x_wconf 82' lang='lat' dir='ltr'><strong>eiecto</strong></span> <span class='ocrx_word' id='word_1_277' title='bbox 387 2947 573 2983; x_wconf 74' lang='lat' dir='ltr'><strong>Penestrino,</strong></span> <span class='ocrx_word' id='word_1_278' title='bbox 586 2948 752 2985; x_wconf 79' lang='lat' dir='ltr'><strong>Apostolice</strong></span> <span class='ocrx_word' id='word_1_279' title='bbox 761 2947 846 2978; x_wconf 85' lang='lat' dir='ltr'><strong>Sedis</strong></span> <span class='ocrx_word' id='word_1_280' title='bbox 859 2948 964 2986; x_wconf 68' lang='lat' dir='ltr'><strong>legato.</strong></span> <span class='ocrx_word' id='word_1_281' title='bbox 978 2947 1184 2979; x_wconf 81' lang='lat' dir='ltr'><strong>Accedentes</strong></span> 
     </span>
    </p>
   </div>
   <div class='ocr_carea' id='block_1_19' title="bbox 1229 403 1234 1327">
    <p class='ocr_par' dir='ltr' id='par_1_19' title="bbox 1229 403 1234 1327">
     <span class='ocr_line' id='line_1_41' title="bbox 1229 403 1234 1327; baseline 0 0"><span class='ocrx_word' id='word_1_282' title='bbox 1229 403 1234 1327; x_wconf 95' lang='lat' dir='ltr'><strong> </strong></span> 
     </span>
    </p>
   </div>
   <div class='ocr_carea' id='block_1_20' title="bbox 1275 353 2290 631">
    <p class='ocr_par' dir='ltr' id='par_1_20' title="bbox 1275 353 2290 631">
     <span class='ocr_line' id='line_1_42' title="bbox 1275 353 2290 399; baseline 0.01 -16"><span class='ocrx_word' id='word_1_283' title='bbox 1275 353 1354 384; x_wconf 90' lang='lat' dir='ltr'><strong>olim</strong></span> <span class='ocrx_word' id='word_1_284' title='bbox 1371 355 1411 385; x_wconf 83' lang='lat' dir='ltr'><strong>ad</strong></span> <span class='ocrx_word' id='word_1_285' title='bbox 1433 374 1481 385; x_wconf 91' lang='lat'><strong>—.</strong></span> <span class='ocrx_word' id='word_1_286' title='bbox 1500 357 1574 387; x_wconf 84' lang='lat' dir='ltr'><strong>Dat.</strong></span> <span class='ocrx_word' id='word_1_287' title='bbox 1598 359 1767 397; x_wconf 77' lang='lat' dir='ltr'><strong>Anagnie,</strong></span> <span class='ocrx_word' id='word_1_288' title='bbox 1791 359 1821 389; x_wconf 71' lang='lat' dir='ltr'>X</span> <span class='ocrx_word' id='word_1_289' title='bbox 1842 359 2001 390; x_wconf 74' lang='lat' dir='ltr'><strong>kalendas</strong></span> <span class='ocrx_word' id='word_1_290' title='bbox 2018 362 2183 399; x_wconf 73' lang='lat' dir='ltr'><strong>januarii,</strong></span> <span class='ocrx_word' id='word_1_291' title='bbox 2202 372 2290 395; x_wconf 88' lang='lat' dir='ltr'><strong>anno</strong></span> 
     </span>
     <span class='ocr_line' id='line_1_43' title="bbox 1276 412 1411 438; baseline 0.007 -1"><span class='ocrx_word' id='word_1_292' title='bbox 1276 412 1378 438; x_wconf 82' lang='lat' dir='ltr'><strong>sexto.</strong></span> <span class='ocrx_word' id='word_1_293' title='bbox 1400 421 1411 434; x_wconf 83' lang='lat'>»</span> 
     </span>
     <span class='ocr_line' id='line_1_44' title="bbox 1351 595 2216 631; baseline 0.003 -8"><span class='ocrx_word' id='word_1_294' title='bbox 1351 595 1464 625; x_wconf 70' lang='lat'><strong>¹009</strong></span> <span class='ocrx_word' id='word_1_295' title='bbox 1781 598 1904 631; x_wconf 73' lang='lat' dir='ltr'><strong>Anagni,</strong></span> <span class='ocrx_word' id='word_1_296' title='bbox 1922 598 1954 624; x_wconf 65' lang='lat'><strong>⁴20</strong></span> <span class='ocrx_word' id='word_1_297' title='bbox 1971 599 2122 625; x_wconf 67' lang='lat' dir='ltr'><strong>decembre</strong></span> <span class='ocrx_word' id='word_1_298' title='bbox 2142 600 2216 627; x_wconf 65' lang='lat'><strong>1232.</strong></span> 
     </span>
    </p>
   </div>
   <div class='ocr_carea' id='block_1_21' title="bbox 1277 656 2292 745">
    <p class='ocr_par' dir='ltr' id='par_1_21' title="bbox 1277 656 2292 745">
     <span class='ocr_line' id='line_1_45' title="bbox 1311 656 2292 695; baseline 0.006 -12"><span class='ocrx_word' id='word_1_299' title='bbox 1311 656 1523 684; x_wconf 81' lang='lat' dir='ltr'><strong>Cenomanensi</strong></span> <span class='ocrx_word' id='word_1_300' title='bbox 1544 659 1681 694; x_wconf 87' lang='lat' dir='ltr'><strong>episcopo</strong></span> <span class='ocrx_word' id='word_1_301' title='bbox 1700 659 1825 687; x_wconf 86' lang='lat' dir='ltr'><strong>declarat</strong></span> <span class='ocrx_word' id='word_1_302' title='bbox 1845 671 1849 686; x_wconf 81' lang='lat' dir='ltr'><em>z</em></span> <span class='ocrx_word' id='word_1_303' title='bbox 1867 661 1945 687; x_wconf 87' lang='lat' dir='ltr'><strong>illum</strong></span> <span class='ocrx_word' id='word_1_304' title='bbox 1966 663 2014 695; x_wconf 84' lang='lat' dir='ltr'><strong>qui</strong></span> <span class='ocrx_word' id='word_1_305' title='bbox 2033 662 2114 688; x_wconf 73' lang='lat' dir='ltr'><strong>[idem</strong></span> <span class='ocrx_word' id='word_1_306' title='bbox 2132 663 2208 689; x_wconf 84' lang='lat' dir='ltr'><strong>dedit</strong></span> <span class='ocrx_word' id='word_1_307' title='bbox 2226 672 2292 690; x_wconf 88' lang='lat' dir='ltr'><strong>mu-</strong></span> 
     </span>
     <span class='ocr_line' id='line_1_46' title="bbox 1277 705 2288 745; baseline 0.007 -14"><span class='ocrx_word' id='word_1_308' title='bbox 1277 705 1337 732; x_wconf 82' lang='lat' dir='ltr'><strong>lieri</strong></span> <span class='ocrx_word' id='word_1_309' title='bbox 1354 714 1442 740; x_wconf 86' lang='lat' dir='ltr'><strong>super</strong></span> <span class='ocrx_word' id='word_1_310' title='bbox 1458 707 1641 733; x_wconf 85' lang='lat' dir='ltr'><strong>matrimonio</strong></span> <span class='ocrx_word' id='word_1_311' title='bbox 1657 708 1864 740; x_wconf 83' lang='lat' dir='ltr'><strong>contrahendo,</strong></span> <span class='ocrx_word' id='word_1_312' title='bbox 1881 710 1985 735; x_wconf 82' lang='lat' dir='ltr'><strong>carnali</strong></span> <span class='ocrx_word' id='word_1_313' title='bbox 2002 711 2103 744; x_wconf 77' lang='lat' dir='ltr'><strong>copula</strong></span> <span class='ocrx_word' id='word_1_314' title='bbox 2120 711 2288 745; x_wconf 80' lang='lat' dir='ltr'><strong>subsecuta,</strong></span> 
     </span>
    </p>
   </div>
   <div class='ocr_carea' id='block_1_22' title="bbox 1230 754 2290 888">
    <p class='ocr_par' dir='ltr' id='par_1_22' title="bbox 1230 754 2290 888">
     <span class='ocr_line' id='line_1_47' title="bbox 1231 754 2290 791; baseline 0.007 -12"><span class='ocrx_word' id='word_1_315' title='bbox 1231 772 1233 780; x_wconf 87' lang='grc'><em>,</em></span> <span class='ocrx_word' id='word_1_316' title='bbox 1275 757 1303 780; x_wconf 89' lang='lat' dir='ltr'><strong>et</strong></span> <span class='ocrx_word' id='word_1_317' title='bbox 1327 754 1351 780; x_wconf 88' lang='lat' dir='ltr'><strong>si</strong></span> <span class='ocrx_word' id='word_1_318' title='bbox 1375 754 1457 780; x_wconf 88' lang='lat' dir='ltr'><strong>aliam</strong></span> <span class='ocrx_word' id='word_1_319' title='bbox 1480 754 1566 781; x_wconf 89' lang='lat' dir='ltr'><strong>ducat</strong></span> <span class='ocrx_word' id='word_1_320' title='bbox 1589 760 1617 781; x_wconf 86' lang='lat' dir='ltr'><strong>et</strong></span> <span class='ocrx_word' id='word_1_321' title='bbox 1638 760 1807 790; x_wconf 77' lang='lat' dir='ltr'><strong>cognoscat,</strong></span> <span class='ocrx_word' id='word_1_322' title='bbox 1829 757 1862 783; x_wconf 82' lang='lat' dir='ltr'><strong>ad</strong></span> <span class='ocrx_word' id='word_1_323' title='bbox 1885 758 2004 791; x_wconf 83' lang='lat' dir='ltr'><strong>primam</strong></span> <span class='ocrx_word' id='word_1_324' title='bbox 2026 758 2116 784; x_wconf 64' lang='lat' dir='ltr'><strong>redire</strong></span> <span class='ocrx_word' id='word_1_325' title='bbox 2138 760 2239 786; x_wconf 85' lang='lat' dir='ltr'><strong>teneri.</strong></span> <span class='ocrx_word' id='word_1_326' title='bbox 2256 774 2290 780; x_wconf 90' lang='lat'><strong>——</strong></span> 
     </span>
     <span class='ocr_line' id='line_1_48' title="bbox 1230 800 2288 842; baseline 0.006 -13"><span class='ocrx_word' id='word_1_327' title='bbox 1230 815 1233 822; x_wconf 44' lang='grc' dir='ltr'><strong><em>Δ</em></strong></span> <span class='ocrx_word' id='word_1_328' title='bbox 1275 802 1358 835; x_wconf 71' lang='lat' dir='ltr'><strong>(Rau.</strong></span> <span class='ocrx_word' id='word_1_329' title='bbox 1384 800 1465 837; x_wconf 78' lang='lat' dir='ltr'><strong>tfi,&#39;f.</strong></span> <span class='ocrx_word' id='word_1_330' title='bbox 1487 804 1520 830; x_wconf 76' lang='lat'><strong>6⁴2</strong></span> <span class='ocrx_word' id='word_1_331' title='bbox 1538 811 1584 835; x_wconf 65' lang='lat' dir='ltr'><strong>vo:</strong></span> <span class='ocrx_word' id='word_1_332' title='bbox 1601 812 1668 831; x_wconf 84' lang='lat' dir='ltr'><strong>ann.</strong></span> <span class='ocrx_word' id='word_1_333' title='bbox 1689 804 1742 835; x_wconf 80' lang='lat' dir='ltr'><strong>VI,</strong></span> <span class='ocrx_word' id='word_1_334' title='bbox 1761 814 1787 832; x_wconf 91' lang='lat' dir='ltr'><strong>c.</strong></span> <span class='ocrx_word' id='word_1_335' title='bbox 1804 806 1923 838; x_wconf 68' lang='lat'>‘214;-</span> <span class='ocrx_word' id='word_1_336' title='bbox 1942 806 2061 834; x_wconf 60' lang='lat' dir='ltr'><strong>Monesi)</strong></span> <span class='ocrx_word' id='word_1_337' title='bbox 2084 808 2165 839; x_wconf 55' lang='lat'>1187,</span> <span class='ocrx_word' id='word_1_338' title='bbox 2183 809 2202 835; x_wconf 81' lang='lat' dir='ltr'><strong>f.</strong></span> <span class='ocrx_word' id='word_1_339' title='bbox 2220 808 2288 842; x_wconf 76' lang='lat'><strong>378;</strong></span> 
     </span>
     <span class='ocr_line' id='line_1_49' title="bbox 1230 851 1762 888; baseline 0.008 -11"><span class='ocrx_word' id='word_1_340' title='bbox 1230 870 1232 877; x_wconf 69' lang='grc'>,</span> <span class='ocrx_word' id='word_1_341' title='bbox 1274 865 1310 871; x_wconf 86' lang='grc'>-</span> <span class='ocrx_word' id='word_1_342' title='bbox 1324 852 1360 878; x_wconf 83' lang='lat' dir='ltr'><strong>cs.</strong></span> <span class='ocrx_word' id='word_1_343' title='bbox 1381 851 1526 879; x_wconf 62' lang='lat' dir='ltr'><strong>Ponam</strong></span> <span class='ocrx_word' id='word_1_344' title='bbox 1543 853 1609 880; x_wconf 89' lang='grc'>9661</span> <span class='ocrx_word' id='word_1_345' title='bbox 1628 857 1656 881; x_wconf 82' lang='lat' dir='ltr'><strong>et</strong></span> <span class='ocrx_word' id='word_1_346' title='bbox 1671 854 1762 888; x_wconf 74' lang='lat'>9662.)</span> 
     </span>
    </p>
   </div>
   <div class='ocr_carea' id='block_1_23' title="bbox 1274 955 2292 1417">
    <p class='ocr_par' dir='ltr' id='par_1_23' title="bbox 1274 955 2292 1417">
     <span class='ocr_line' id='line_1_50' title="bbox 1318 955 2290 995; baseline 0.007 -14"><span class='ocrx_word' id='word_1_347' title='bbox 1318 966 1329 980; x_wconf 74' lang='grc' dir='ltr'>α</span> <span class='ocrx_word' id='word_1_348' title='bbox 1351 976 1370 982; x_wconf 96' lang='grc'><strong>..</strong></span> <span class='ocrx_word' id='word_1_349' title='bbox 1395 955 1615 984; x_wconf 77' lang='lat' dir='ltr'><strong>Cenomanensi</strong></span> <span class='ocrx_word' id='word_1_350' title='bbox 1631 957 1775 994; x_wconf 79' lang='lat' dir='ltr'><strong>episeopo.</strong></span> <span class='ocrx_word' id='word_1_351' title='bbox 1799 957 1831 986; x_wconf 89' lang='lat' dir='ltr'><strong>Is</strong></span> <span class='ocrx_word' id='word_1_352' title='bbox 1852 957 1910 995; x_wconf 88' lang='lat' dir='ltr'><strong>qui</strong></span> <span class='ocrx_word' id='word_1_353' title='bbox 1930 957 2029 987; x_wconf 77' lang='lat' dir='ltr'><strong>tidem</strong></span> <span class='ocrx_word' id='word_1_354' title='bbox 2047 958 2136 987; x_wconf 69' lang='lat' dir='ltr'><strong>(ledit</strong></span> <span class='ocrx_word' id='word_1_355' title='bbox 2156 958 2290 989; x_wconf 83' lang='lat' dir='ltr'><strong>mulieri</strong></span> 
     </span>
     <span class='ocr_line' id='line_1_51' title="bbox 1275 1007 2291 1048; baseline 0.006 -13"><span class='ocrx_word' id='word_1_356' title='bbox 1275 1014 1374 1044; x_wconf 84' lang='lat' dir='ltr'><strong>super</strong></span> <span class='ocrx_word' id='word_1_357' title='bbox 1396 1007 1609 1037; x_wconf 84' lang='lat' dir='ltr'><strong>matrimonio</strong></span> <span class='ocrx_word' id='word_1_358' title='bbox 1629 1008 1869 1044; x_wconf 70' lang='lat' dir='ltr'><strong>contrahendo,</strong></span> <span class='ocrx_word' id='word_1_359' title='bbox 1888 1009 2014 1039; x_wconf 81' lang='lat' dir='ltr'><strong>carnali</strong></span> <span class='ocrx_word' id='word_1_360' title='bbox 2035 1010 2151 1048; x_wconf 79' lang='lat' dir='ltr'><strong>copula</strong></span> <span class='ocrx_word' id='word_1_361' title='bbox 2174 1011 2291 1042; x_wconf 72' lang='lat' dir='ltr'><strong>subsc-</strong></span> 
     </span>
     <span class='ocr_line' id='line_1_52' title="bbox 1275 1059 2292 1101; baseline 0.006 -13"><span class='ocrx_word' id='word_1_362' title='bbox 1275 1063 1361 1095; x_wconf 79' lang='lat' dir='ltr'><strong>cuta,</strong></span> <span class='ocrx_word' id='word_1_363' title='bbox 1377 1064 1407 1090; x_wconf 88' lang='lat' dir='ltr'><strong>ct</strong></span> <span class='ocrx_word' id='word_1_364' title='bbox 1421 1059 1449 1089; x_wconf 85' lang='lat' dir='ltr'><strong>si</strong></span> <span class='ocrx_word' id='word_1_365' title='bbox 1463 1059 1497 1089; x_wconf 86' lang='lat' dir='ltr'><strong>in</strong></span> <span class='ocrx_word' id='word_1_366' title='bbox 1513 1060 1660 1091; x_wconf 84' lang='lat' dir='ltr'><strong>E(·clesie</strong></span> <span class='ocrx_word' id='word_1_367' title='bbox 1671 1062 1756 1092; x_wconf 84' lang='lat' dir='ltr'><strong>facie</strong></span> <span class='ocrx_word' id='word_1_368' title='bbox 1767 1062 1865 1092; x_wconf 82' lang='lat' dir='ltr'><strong>ducat</strong></span> <span class='ocrx_word' id='word_1_369' title='bbox 1881 1062 1982 1092; x_wconf 85' lang='lat' dir='ltr'><strong>aliam</strong></span> <span class='ocrx_word' id='word_1_370' title='bbox 1998 1067 2028 1093; x_wconf 81' lang='lat' dir='ltr'><strong>et</strong></span> <span class='ocrx_word' id='word_1_371' title='bbox 2046 1068 2231 1101; x_wconf 73' lang='lat' dir='ltr'><strong>cognoscat,</strong></span> <span class='ocrx_word' id='word_1_372' title='bbox 2250 1064 2292 1094; x_wconf 85' lang='lat' dir='ltr'><strong>ad</strong></span> 
     </span>
     <span class='ocr_line' id='line_1_53' title="bbox 1274 1113 2291 1155; baseline 0.006 -13"><span class='ocrx_word' id='word_1_373' title='bbox 1274 1113 1416 1151; x_wconf 82' lang='lat' dir='ltr'><strong>primam</strong></span> <span class='ocrx_word' id='word_1_374' title='bbox 1432 1113 1540 1144; x_wconf 84' lang='lat' dir='ltr'><strong>redire</strong></span> <span class='ocrx_word' id='word_1_375' title='bbox 1553 1118 1694 1151; x_wconf 71' lang='lat' dir='ltr'><strong>tenetur⁷</strong></span> <span class='ocrx_word' id='word_1_376' title='bbox 1708 1115 1798 1154; x_wconf 86' lang='lat' dir='ltr'><strong>quia,</strong></span> <span class='ocrx_word' id='word_1_377' title='bbox 1814 1115 1891 1146; x_wconf 79' lang='lat' dir='ltr'><strong>licet.</strong></span> <span class='ocrx_word' id='word_1_378' title='bbox 1903 1122 2132 1155; x_wconf 77' lang='lat' dir='ltr'><strong>presumptum</strong></span> <span class='ocrx_word' id='word_1_379' title='bbox 2146 1118 2291 1155; x_wconf 89' lang='lat' dir='ltr'><strong>primum</strong></span> 
     </span>
     <span class='ocr_line' id='line_1_54' title="bbox 1274 1166 2290 1208; baseline 0.007 -14"><span class='ocrx_word' id='word_1_380' title='bbox 1274 1166 1526 1196; x_wconf 80' lang='lat' dir='ltr'><strong>matrimonium</strong></span> <span class='ocrx_word' id='word_1_381' title='bbox 1550 1167 1712 1203; x_wconf 82' lang='lat' dir='ltr'><strong>videatur,</strong></span> <span class='ocrx_word' id='word_1_382' title='bbox 1737 1173 1851 1198; x_wconf 87' lang='lat' dir='ltr'><strong>contra</strong></span> <span class='ocrx_word' id='word_1_383' title='bbox 1873 1170 2156 1208; x_wconf 70' lang='lat' dir='ltr'><strong>presumptionem</strong></span> <span class='ocrx_word' id='word_1_384' title='bbox 2180 1175 2290 1201; x_wconf 86' lang='lat' dir='ltr'><strong>tamen</strong></span> 
     </span>
     <span class='ocr_line' id='line_1_55' title="bbox 1274 1217 2291 1261; baseline 0.006 -14"><span class='ocrx_word' id='word_1_385' title='bbox 1274 1217 1466 1257; x_wconf 83' lang='lat' dir='ltr'><strong>hujusmodi</strong></span> <span class='ocrx_word' id='word_1_386' title='bbox 1480 1228 1544 1249; x_wconf 87' lang='lat' dir='ltr'><strong>non</strong></span> <span class='ocrx_word' id='word_1_387' title='bbox 1556 1223 1605 1250; x_wconf 84' lang='lat' dir='ltr'><strong>est</strong></span> <span class='ocrx_word' id='word_1_388' title='bbox 1616 1220 1766 1258; x_wconf 84' lang='lat' dir='ltr'><strong>probatio</strong></span> <span class='ocrx_word' id='word_1_389' title='bbox 1780 1221 1994 1252; x_wconf 82' lang='lat' dir='ltr'><strong>admittenda.</strong></span> <span class='ocrx_word' id='word_1_390' title='bbox 2009 1232 2046 1252; x_wconf 76' lang='lat' dir='ltr'><strong>ex</strong></span> <span class='ocrx_word' id='word_1_391' title='bbox 2061 1232 2125 1261; x_wconf 82' lang='lat' dir='ltr'><strong>quo</strong></span> <span class='ocrx_word' id='word_1_392' title='bbox 2139 1223 2291 1261; x_wconf 82' lang='lat' dir='ltr'><strong>sequitur</strong></span> 
     </span>
     <span class='ocr_line' id='line_1_56' title="bbox 1274 1271 2292 1312; baseline 0.005 -12"><span class='ocrx_word' id='word_1_393' title='bbox 1274 1271 1362 1309; x_wconf 83' lang='lat' dir='ltr'><strong>quod</strong></span> <span class='ocrx_word' id='word_1_394' title='bbox 1386 1281 1446 1301; x_wconf 84' lang='lat' dir='ltr'><strong>nec</strong></span> <span class='ocrx_word' id='word_1_395' title='bbox 1467 1281 1583 1301; x_wconf 79' lang='lat' dir='ltr'><strong>verum</strong></span> <span class='ocrx_word' id='word_1_396' title='bbox 1610 1282 1670 1303; x_wconf 89' lang='lat' dir='ltr'><strong>nec</strong></span> <span class='ocrx_word' id='word_1_397' title='bbox 1695 1273 1830 1312; x_wconf 82' lang='lat' dir='ltr'><strong>aliquod</strong></span> <span class='ocrx_word' id='word_1_398' title='bbox 1857 1279 2012 1304; x_wconf 74' lang='lat' dir='ltr'><strong>censetur</strong></span> <span class='ocrx_word' id='word_1_399' title='bbox 2039 1275 2292 1305; x_wconf 74' lang='lat' dir='ltr'><strong>matrimonium</strong></span> 
     </span>
     <span class='ocr_line' id='line_1_57' title="bbox 1275 1324 2290 1364; baseline 0.006 -12"><span class='ocrx_word' id='word_1_400' title='bbox 1275 1324 1363 1362; x_wconf 86' lang='lat' dir='ltr'><strong>qnod</strong></span> <span class='ocrx_word' id='word_1_401' title='bbox 1382 1324 1421 1354; x_wconf 87' lang='lat' dir='ltr'><strong>de</strong></span> <span class='ocrx_word' id='word_1_402' title='bbox 1446 1325 1533 1355; x_wconf 79' lang='lat' dir='ltr'><strong>facto</strong></span> <span class='ocrx_word' id='word_1_403' title='bbox 1554 1330 1603 1355; x_wconf 84' lang='lat' dir='ltr'><strong>est</strong></span> <span class='ocrx_word' id='word_1_404' title='bbox 1622 1326 1832 1364; x_wconf 88' lang='lat' dir='ltr'><strong>postmodum</strong></span> <span class='ocrx_word' id='word_1_405' title='bbox 1855 1327 2082 1357; x_wconf 74' lang='lat' dir='ltr'><strong>subsecutum.</strong></span> <span class='ocrx_word' id='word_1_406' title='bbox 2107 1329 2179 1357; x_wconf 85' lang='lat' dir='ltr'><strong>Dat.</strong></span> <span class='ocrx_word' id='word_1_407' title='bbox 2200 1330 2290 1358; x_wconf 76' lang='lat' dir='ltr'><strong>Ana-</strong></span> 
     </span>
     <span class='ocr_line' id='line_1_58' title="bbox 1275 1376 2066 1417; baseline 0.006 -12"><span class='ocrx_word' id='word_1_408' title='bbox 1275 1376 1363 1414; x_wconf 76' lang='lat' dir='ltr'><strong>gnie,</strong></span> <span class='ocrx_word' id='word_1_409' title='bbox 1381 1377 1465 1407; x_wconf 88' lang='lat' dir='ltr'><strong>XIII</strong></span> <span class='ocrx_word' id='word_1_410' title='bbox 1479 1377 1639 1408; x_wconf 84' lang='lat' dir='ltr'><strong>kalendas</strong></span> <span class='ocrx_word' id='word_1_411' title='bbox 1652 1378 1812 1417; x_wconf 83' lang='lat' dir='ltr'><strong>januarii,</strong></span> <span class='ocrx_word' id='word_1_412' title='bbox 1827 1388 1914 1409; x_wconf 81' lang='lat' dir='ltr'><strong>anno</strong></span> <span class='ocrx_word' id='word_1_413' title='bbox 1931 1385 2032 1410; x_wconf 71' lang='lat' dir='ltr'><strong>sexto.</strong></span> <span class='ocrx_word' id='word_1_414' title='bbox 2055 1394 2066 1405; x_wconf 56' lang='grc' dir='ltr'><strong>υ</strong></span> 
     </span>
    </p>
   </div>
   <div class='ocr_carea' id='block_1_24' title="bbox 1351 1562 2218 1599">
    <p class='ocr_par' dir='ltr' id='par_1_24' title="bbox 1351 1562 2218 1599">
     <span class='ocr_line' id='line_1_59' title="bbox 1351 1562 2218 1599; baseline 0.005 -9"><span class='ocrx_word' id='word_1_415' title='bbox 1351 1562 1469 1591; x_wconf 84' lang='grc'>1010</span> <span class='ocrx_word' id='word_1_416' title='bbox 1774 1565 1901 1599; x_wconf 87' lang='lat' dir='ltr'><strong>Anagni,</strong></span> <span class='ocrx_word' id='word_1_417' title='bbox 1919 1565 1951 1592; x_wconf 78' lang='lat'><strong>20</strong></span> <span class='ocrx_word' id='word_1_418' title='bbox 1971 1566 2123 1592; x_wconf 73' lang='lat' dir='ltr'><strong>decembre</strong></span> <span class='ocrx_word' id='word_1_419' title='bbox 2142 1566 2218 1594; x_wconf 65' lang='lat'><strong>1232.</strong></span> 
     </span>
    </p>
   </div>
   <div class='ocr_carea' id='block_1_25' title="bbox 1272 1622 2291 1853">
    <p class='ocr_par' dir='ltr' id='par_1_25' title="bbox 1272 1622 2291 1853">
     <span class='ocr_line' id='line_1_60' title="bbox 1310 1622 2290 1662; baseline 0.006 -13"><span class='ocrx_word' id='word_1_420' title='bbox 1310 1622 1411 1650; x_wconf 88' lang='lat' dir='ltr'><strong>Eidem</strong></span> <span class='ocrx_word' id='word_1_421' title='bbox 1435 1624 1562 1651; x_wconf 82' lang='lat' dir='ltr'><strong>declarat</strong></span> <span class='ocrx_word' id='word_1_422' title='bbox 1582 1636 1587 1651; x_wconf 82' lang='lat' dir='ltr'>z</span> <span class='ocrx_word' id='word_1_423' title='bbox 1612 1625 1725 1652; x_wconf 90' lang='lat' dir='ltr'><strong>mulieri</strong></span> <span class='ocrx_word' id='word_1_424' title='bbox 1748 1634 1822 1660; x_wconf 90' lang='lat' dir='ltr'><strong>quae</strong></span> <span class='ocrx_word' id='word_1_425' title='bbox 1841 1627 1951 1660; x_wconf 83' lang='lat' dir='ltr'><strong>juravit</strong></span> <span class='ocrx_word' id='word_1_426' title='bbox 1970 1627 2094 1662; x_wconf 86' lang='lat' dir='ltr'><strong>aliquem</strong></span> <span class='ocrx_word' id='word_1_427' title='bbox 2117 1636 2182 1654; x_wconf 90' lang='lat' dir='ltr'><strong>esse</strong></span> <span class='ocrx_word' id='word_1_428' title='bbox 2204 1637 2290 1655; x_wconf 90' lang='lat' dir='ltr'><strong>suum</strong></span> 
     </span>
     <span class='ocr_line' id='line_1_61' title="bbox 1275 1673 2291 1708; baseline 0.005 -10"><span class='ocrx_word' id='word_1_429' title='bbox 1275 1673 1421 1703; x_wconf 85' lang='lat' dir='ltr'><strong>maritum,</strong></span> <span class='ocrx_word' id='word_1_430' title='bbox 1438 1673 1624 1707; x_wconf 85' lang='lat' dir='ltr'><strong>probationes</strong></span> <span class='ocrx_word' id='word_1_431' title='bbox 1639 1674 1708 1700; x_wconf 89' lang='lat' dir='ltr'><strong>alias</strong></span> <span class='ocrx_word' id='word_1_432' title='bbox 1725 1682 1782 1701; x_wconf 93' lang='lat' dir='ltr'><strong>non</strong></span> <span class='ocrx_word' id='word_1_433' title='bbox 1798 1675 1924 1708; x_wconf 87' lang='lat' dir='ltr'><strong>habenti,</strong></span> <span class='ocrx_word' id='word_1_434' title='bbox 1943 1683 1996 1702; x_wconf 86' lang='lat' dir='ltr'><strong>nec</strong></span> <span class='ocrx_word' id='word_1_435' title='bbox 2011 1675 2114 1702; x_wconf 89' lang='lat' dir='ltr'><strong>debere</strong></span> <span class='ocrx_word' id='word_1_436' title='bbox 2129 1676 2188 1703; x_wconf 89' lang='lat' dir='ltr'><strong>dari</strong></span> <span class='ocrx_word' id='word_1_437' title='bbox 2204 1677 2291 1704; x_wconf 89' lang='lat' dir='ltr'><strong>licen-</strong></span> 
     </span>
     <span class='ocr_line' id='line_1_62' title="bbox 1273 1721 2289 1760; baseline 0.005 -13"><span class='ocrx_word' id='word_1_438' title='bbox 1273 1721 1342 1747; x_wconf 86' lang='lat' dir='ltr'><strong>tiam</strong></span> <span class='ocrx_word' id='word_1_439' title='bbox 1359 1729 1426 1748; x_wconf 91' lang='lat' dir='ltr'><strong>cum</strong></span> <span class='ocrx_word' id='word_1_440' title='bbox 1441 1722 1496 1748; x_wconf 90' lang='lat' dir='ltr'><strong>alio</strong></span> <span class='ocrx_word' id='word_1_441' title='bbox 1513 1722 1729 1749; x_wconf 86' lang='lat' dir='ltr'><strong>matrimonium</strong></span> <span class='ocrx_word' id='word_1_442' title='bbox 1741 1723 1941 1754; x_wconf 82' lang='lat' dir='ltr'><strong>contrahendi,</strong></span> <span class='ocrx_word' id='word_1_443' title='bbox 1955 1732 2008 1751; x_wconf 83' lang='lat' dir='ltr'><strong>nec</strong></span> <span class='ocrx_word' id='word_1_444' title='bbox 2021 1725 2076 1751; x_wconf 87' lang='lat' dir='ltr'><strong>hoc</strong></span> <span class='ocrx_word' id='word_1_445' title='bbox 2091 1726 2117 1751; x_wconf 87' lang='lat' dir='ltr'><strong>ei</strong></span> <span class='ocrx_word' id='word_1_446' title='bbox 2133 1725 2289 1760; x_wconf 88' lang='lat' dir='ltr'><strong>prohiberi.</strong></span> 
     </span>
     <span class='ocr_line' id='line_1_63' title="bbox 1273 1769 2287 1808; baseline 0.005 -12"><span class='ocrx_word' id='word_1_447' title='bbox 1273 1783 1308 1790; x_wconf 91' lang='lat'>—</span> <span class='ocrx_word' id='word_1_448' title='bbox 1326 1769 1409 1803; x_wconf 74' lang='lat' dir='ltr'><strong>(Rae.</strong></span> <span class='ocrx_word' id='word_1_449' title='bbox 1428 1771 1470 1802; x_wconf 88' lang='grc'><strong>16,</strong></span> <span class='ocrx_word' id='word_1_450' title='bbox 1487 1771 1507 1797; x_wconf 81' lang='lat' dir='ltr'><strong>f.</strong></span> <span class='ocrx_word' id='word_1_451' title='bbox 1523 1771 1556 1798; x_wconf 67' lang='lat'><strong>62&gt;</strong></span> <span class='ocrx_word' id='word_1_452' title='bbox 1573 1778 1618 1803; x_wconf 88' lang='lat' dir='ltr'><strong>v⁰;</strong></span> <span class='ocrx_word' id='word_1_453' title='bbox 1636 1780 1704 1800; x_wconf 87' lang='lat' dir='ltr'><strong>ann.</strong></span> <span class='ocrx_word' id='word_1_454' title='bbox 1724 1771 1773 1804; x_wconf 84' lang='lat' dir='ltr'><strong>VI,</strong></span> <span class='ocrx_word' id='word_1_455' title='bbox 1790 1780 1817 1800; x_wconf 92' lang='lat' dir='ltr'><strong>c.</strong></span> <span class='ocrx_word' id='word_1_456' title='bbox 1833 1772 1902 1804; x_wconf 74' lang='lat'><strong>215;</strong></span> <span class='ocrx_word' id='word_1_457' title='bbox 1915 1788 1949 1794; x_wconf 92' lang='lat'><strong>—</strong></span> <span class='ocrx_word' id='word_1_458' title='bbox 1964 1773 2085 1801; x_wconf 71' lang='lat' dir='ltr'><strong>Monam</strong></span> <span class='ocrx_word' id='word_1_459' title='bbox 2101 1774 2177 1808; x_wconf 85' lang='grc'>1187,</span> <span class='ocrx_word' id='word_1_460' title='bbox 2189 1774 2208 1801; x_wconf 86' lang='lat' dir='ltr'><strong>f.</strong></span> <span class='ocrx_word' id='word_1_461' title='bbox 2222 1774 2287 1808; x_wconf 82' lang='lat'>378;</span> 
     </span>
     <span class='ocr_line' id='line_1_64' title="bbox 1272 1818 1630 1853; baseline 0.008 -9"><span class='ocrx_word' id='word_1_462' title='bbox 1272 1831 1308 1838; x_wconf 94' lang='lat'>-</span> <span class='ocrx_word' id='word_1_463' title='bbox 1321 1818 1358 1845; x_wconf 84' lang='lat' dir='ltr'><strong>cf.</strong></span> <span class='ocrx_word' id='word_1_464' title='bbox 1376 1818 1524 1846; x_wconf 60' lang='lat' dir='ltr'><strong>Porrnasr</strong></span> <span class='ocrx_word' id='word_1_465' title='bbox 1540 1819 1630 1853; x_wconf 85' lang='grc'>9609.)</span> 
     </span>
    </p>
   </div>
   <div class='ocr_carea' id='block_1_26' title="bbox 1269 1934 2289 2398">
    <p class='ocr_par' dir='ltr' id='par_1_26' title="bbox 1269 1934 2289 2398">
     <span class='ocr_line' id='line_1_65' title="bbox 1315 1934 2289 1976; baseline 0.008 -15"><span class='ocrx_word' id='word_1_466' title='bbox 1315 1946 1328 1960; x_wconf 83' lang='lat'><strong>‹&lt;</strong></span> <span class='ocrx_word' id='word_1_467' title='bbox 1346 1934 1460 1963; x_wconf 80' lang='lat' dir='ltr'><strong>Eidem.</strong></span> <span class='ocrx_word' id='word_1_468' title='bbox 1480 1934 1616 1965; x_wconf 89' lang='lat' dir='ltr'><strong>Mulieri</strong></span> <span class='ocrx_word' id='word_1_469' title='bbox 1629 1936 1742 1974; x_wconf 84' lang='lat' dir='ltr'><strong>quein</strong></span> <span class='ocrx_word' id='word_1_470' title='bbox 1754 1936 1830 1975; x_wconf 85' lang='lat' dir='ltr'><strong>jure</strong></span> <span class='ocrx_word' id='word_1_471' title='bbox 1845 1937 1984 1974; x_wconf 86' lang='lat' dir='ltr'><strong>prestito</strong></span> <span class='ocrx_word' id='word_1_472' title='bbox 1993 1937 2184 1976; x_wconf 84' lang='lat' dir='ltr'><strong>juramento</strong></span> <span class='ocrx_word' id='word_1_473' title='bbox 2197 1947 2289 1970; x_wconf 84' lang='lat' dir='ltr'><strong>asse-</strong></span> 
     </span>
     <span class='ocr_line' id='line_1_66' title="bbox 1271 1986 2288 2027; baseline 0.006 -12"><span class='ocrx_word' id='word_1_474' title='bbox 1271 1986 1339 2016; x_wconf 85' lang='lat' dir='ltr'><strong>ruit</strong></span> <span class='ocrx_word' id='word_1_475' title='bbox 1354 1987 1464 2017; x_wconf 86' lang='lat' dir='ltr'><strong>virum</strong></span> <span class='ocrx_word' id='word_1_476' title='bbox 1480 1987 1514 2016; x_wconf 92' lang='lat' dir='ltr'><strong>in</strong></span> <span class='ocrx_word' id='word_1_477' title='bbox 1530 1987 1638 2026; x_wconf 86' lang='lat' dir='ltr'><strong>ipsam</strong></span> <span class='ocrx_word' id='word_1_478' title='bbox 1652 1997 1711 2027; x_wconf 87' lang='lat' dir='ltr'><strong>per</strong></span> <span class='ocrx_word' id='word_1_479' title='bbox 1727 1989 1825 2019; x_wconf 84' lang='lat' dir='ltr'><strong>verba</strong></span> <span class='ocrx_word' id='word_1_480' title='bbox 1840 1989 1879 2020; x_wconf 86' lang='lat' dir='ltr'><strong>dc</strong></span> <span class='ocrx_word' id='word_1_481' title='bbox 1895 1991 2042 2027; x_wconf 83' lang='lat' dir='ltr'><strong>presenti</strong></span> <span class='ocrx_word' id='word_1_482' title='bbox 2058 1992 2288 2022; x_wconf 85' lang='lat' dir='ltr'><strong>matrimonia-</strong></span> 
     </span>
     <span class='ocr_line' id='line_1_67' title="bbox 1271 2039 2287 2081; baseline 0.006 -12"><span class='ocrx_word' id='word_1_483' title='bbox 1271 2039 1348 2070; x_wconf 83' lang='lat' dir='ltr'><strong>liter</strong></span> <span class='ocrx_word' id='word_1_484' title='bbox 1363 2041 1592 2077; x_wconf 83' lang='lat' dir='ltr'><strong>consensisse,</strong></span> <span class='ocrx_word' id='word_1_485' title='bbox 1611 2041 1823 2080; x_wconf 83' lang='lat' dir='ltr'><strong>probationes</strong></span> <span class='ocrx_word' id='word_1_486' title='bbox 1847 2043 1930 2073; x_wconf 80' lang='lat' dir='ltr'><strong>alias</strong></span> <span class='ocrx_word' id='word_1_487' title='bbox 1953 2053 2018 2073; x_wconf 92' lang='lat' dir='ltr'><strong>non</strong></span> <span class='ocrx_word' id='word_1_488' title='bbox 2041 2044 2194 2081; x_wconf 70' lang='lat' dir='ltr'><strong>habenti,</strong></span> <span class='ocrx_word' id='word_1_489' title='bbox 2216 2046 2287 2076; x_wconf 90' lang='lat' dir='ltr'><strong>viro</strong></span> 
     </span>
     <span class='ocr_line' id='line_1_68' title="bbox 1271 2092 2287 2133; baseline 0.007 -12"><span class='ocrx_word' id='word_1_490' title='bbox 1271 2092 1312 2121; x_wconf 90' lang='lat' dir='ltr'><strong>ab</strong></span> <span class='ocrx_word' id='word_1_491' title='bbox 1329 2092 1400 2131; x_wconf 89' lang='lat' dir='ltr'><strong>ejus</strong></span> <span class='ocrx_word' id='word_1_492' title='bbox 1413 2093 1622 2131; x_wconf 84' lang='lat' dir='ltr'><strong>impetitione</strong></span> <span class='ocrx_word' id='word_1_493' title='bbox 1638 2103 1696 2133; x_wconf 89' lang='lat' dir='ltr'><strong>per</strong></span> <span class='ocrx_word' id='word_1_494' title='bbox 1712 2095 1914 2125; x_wconf 83' lang='lat' dir='ltr'><strong>sententiam</strong></span> <span class='ocrx_word' id='word_1_495' title='bbox 1931 2096 2092 2131; x_wconf 76' lang='lat' dir='ltr'><strong>absoluto,</strong></span> <span class='ocrx_word' id='word_1_496' title='bbox 2111 2107 2171 2128; x_wconf 88' lang='lat' dir='ltr'><strong>nec</strong></span> <span class='ocrx_word' id='word_1_497' title='bbox 2187 2098 2287 2129; x_wconf 87' lang='lat' dir='ltr'><strong>debes</strong></span> 
     </span>
     <span class='ocr_line' id='line_1_69' title="bbox 1270 2144 2286 2185; baseline 0.005 -10"><span class='ocrx_word' id='word_1_498' title='bbox 1270 2144 1441 2176; x_wconf 85' lang='lat' dir='ltr'><strong>licentiam</strong></span> <span class='ocrx_word' id='word_1_499' title='bbox 1455 2146 1533 2177; x_wconf 87' lang='lat' dir='ltr'><strong>dare</strong></span> <span class='ocrx_word' id='word_1_500' title='bbox 1550 2155 1625 2177; x_wconf 91' lang='lat' dir='ltr'><strong>cum</strong></span> <span class='ocrx_word' id='word_1_501' title='bbox 1641 2147 1706 2177; x_wconf 89' lang='lat' dir='ltr'><strong>alio</strong></span> <span class='ocrx_word' id='word_1_502' title='bbox 1726 2148 1978 2178; x_wconf 84' lang='lat' dir='ltr'><strong>matrimonium</strong></span> <span class='ocrx_word' id='word_1_503' title='bbox 1993 2150 2227 2185; x_wconf 81' lang='lat' dir='ltr'><strong>contrahendi,</strong></span> <span class='ocrx_word' id='word_1_504' title='bbox 2246 2159 2286 2182; x_wconf 82' lang='lat' dir='ltr'><strong>ne</strong></span> 
     </span>
     <span class='ocr_line' id='line_1_70' title="bbox 1271 2199 2287 2240; baseline 0.005 -12"><span class='ocrx_word' id='word_1_505' title='bbox 1271 2202 1385 2228; x_wconf 83' lang='lat' dir='ltr'><strong>auctor</strong></span> <span class='ocrx_word' id='word_1_506' title='bbox 1404 2199 1544 2238; x_wconf 84' lang='lat' dir='ltr'><strong>perjurii</strong></span> <span class='ocrx_word' id='word_1_507' title='bbox 1560 2200 1723 2236; x_wconf 85' lang='lat' dir='ltr'><strong>videaris,</strong></span> <span class='ocrx_word' id='word_1_508' title='bbox 1742 2209 1803 2231; x_wconf 85' lang='lat' dir='ltr'><strong>nec</strong></span> <span class='ocrx_word' id='word_1_509' title='bbox 1822 2200 1884 2231; x_wconf 84' lang='lat' dir='ltr'><strong>hoc</strong></span> <span class='ocrx_word' id='word_1_510' title='bbox 1900 2201 1929 2231; x_wconf 82' lang='lat' dir='ltr'><strong>ci</strong></span> <span class='ocrx_word' id='word_1_511' title='bbox 1946 2202 2088 2232; x_wconf 83' lang='lat' dir='ltr'><strong>dicimus</strong></span> <span class='ocrx_word' id='word_1_512' title='bbox 2107 2202 2287 2240; x_wconf 82' lang='lat' dir='ltr'><strong>prohiben—</strong></span> 
     </span>
     <span class='ocr_line' id='line_1_71' title="bbox 1270 2251 2286 2293; baseline 0.006 -13"><span class='ocrx_word' id='word_1_513' title='bbox 1270 2251 1359 2286; x_wconf 81' lang='lat' dir='ltr'><strong>dum,</strong></span> <span class='ocrx_word' id='word_1_514' title='bbox 1378 2261 1418 2282; x_wconf 90' lang='lat' dir='ltr'><strong>ne</strong></span> <span class='ocrx_word' id='word_1_515' title='bbox 1435 2252 1530 2288; x_wconf 86' lang='lat' dir='ltr'><strong>forte,</strong></span> <span class='ocrx_word' id='word_1_516' title='bbox 1550 2253 1578 2283; x_wconf 89' lang='lat' dir='ltr'><strong>si</strong></span> <span class='ocrx_word' id='word_1_517' title='bbox 1592 2252 1715 2283; x_wconf 87' lang='lat' dir='ltr'><strong>falsum</strong></span> <span class='ocrx_word' id='word_1_518' title='bbox 1727 2254 1870 2293; x_wconf 82' lang='lat' dir='ltr'><strong>juravit,</strong></span> <span class='ocrx_word' id='word_1_519' title='bbox 1889 2255 2139 2285; x_wconf 87' lang='lat' dir='ltr'><strong>matrimonium</strong></span> <span class='ocrx_word' id='word_1_520' title='bbox 2156 2256 2286 2286; x_wconf 88' lang='lat' dir='ltr'><strong>contin-</strong></span> 
     </span>
     <span class='ocr_line' id='line_1_72' title="bbox 1270 2303 2286 2347; baseline 0.006 -14"><span class='ocrx_word' id='word_1_521' title='bbox 1270 2307 1324 2341; x_wconf 81' lang='lat' dir='ltr'><strong>gat</strong></span> <span class='ocrx_word' id='word_1_522' title='bbox 1345 2303 1537 2342; x_wconf 83' lang='lat' dir='ltr'><strong>legitimum</strong></span> <span class='ocrx_word' id='word_1_523' title='bbox 1551 2305 1724 2344; x_wconf 78' lang='lat' dir='ltr'><strong>impediri,</strong></span> <span class='ocrx_word' id='word_1_524' title='bbox 1743 2306 1801 2337; x_wconf 88' lang='lat' dir='ltr'><strong>sed</strong></span> <span class='ocrx_word' id='word_1_525' title='bbox 1816 2315 1875 2337; x_wconf 88' lang='lat' dir='ltr'><strong>sue</strong></span> <span class='ocrx_word' id='word_1_526' title='bbox 1891 2307 2095 2338; x_wconf 81' lang='lat' dir='ltr'><strong>conscientie</strong></span> <span class='ocrx_word' id='word_1_527' title='bbox 2111 2313 2160 2339; x_wconf 82' lang='lat' dir='ltr'><strong>est</strong></span> <span class='ocrx_word' id='word_1_528' title='bbox 2177 2309 2286 2347; x_wconf 85' lang='lat' dir='ltr'><strong>potius</strong></span> 
     </span>
     <span class='ocr_line' id='line_1_73' title="bbox 1269 2356 1807 2398; baseline 0.007 -12"><span class='ocrx_word' id='word_1_529' title='bbox 1269 2356 1501 2396; x_wconf 86' lang='lat' dir='ltr'><strong>relinquenda.</strong></span> <span class='ocrx_word' id='word_1_530' title='bbox 1519 2359 1593 2388; x_wconf 82' lang='lat' dir='ltr'><strong>Dat.</strong></span> <span class='ocrx_word' id='word_1_531' title='bbox 1610 2363 1647 2389; x_wconf 89' lang='lat' dir='ltr'><strong>ut</strong></span> <span class='ocrx_word' id='word_1_532' title='bbox 1662 2368 1774 2398; x_wconf 88' lang='lat' dir='ltr'><strong>supra.</strong></span> <span class='ocrx_word' id='word_1_533' title='bbox 1794 2372 1807 2386; x_wconf 71' lang='lat' dir='ltr'>u</span> 
     </span>
    </p>
   </div>
   <div class='ocr_carea' id='block_1_27' title="bbox 1297 2542 1460 2570">
    <p class='ocr_par' dir='ltr' id='par_1_27' title="bbox 1297 2542 1460 2570">
     <span class='ocr_line' id='line_1_74' title="bbox 1297 2542 1460 2570; baseline 0 0"><span class='ocrx_word' id='word_1_534' title='bbox 1297 2560 1300 2564; x_wconf 87' lang='lat'><em>-</em></span> <span class='ocrx_word' id='word_1_535' title='bbox 1344 2542 1460 2570; x_wconf 90' lang='grc'>1011</span> 
     </span>
    </p>
   </div>
   <div class='ocr_carea' id='block_1_28' title="bbox 1267 2604 2282 2787">
    <p class='ocr_par' dir='ltr' id='par_1_28' title="bbox 1267 2604 2282 2787">
     <span class='ocr_line' id='line_1_75' title="bbox 1303 2604 2282 2635; baseline 0.005 -5"><span class='ocrx_word' id='word_1_536' title='bbox 1303 2604 1479 2631; x_wconf 86' lang='lat' dir='ltr'><strong>Abbatissae</strong></span> <span class='ocrx_word' id='word_1_537' title='bbox 1500 2608 1528 2632; x_wconf 89' lang='lat' dir='ltr'><strong>et</strong></span> <span class='ocrx_word' id='word_1_538' title='bbox 1547 2608 1704 2633; x_wconf 82' lang='lat' dir='ltr'><strong>conventui</strong></span> <span class='ocrx_word' id='word_1_539' title='bbox 1727 2607 1895 2634; x_wconf 87' lang='lat' dir='ltr'><strong>monasterii</strong></span> <span class='ocrx_word' id='word_1_540' title='bbox 1913 2607 2011 2634; x_wconf 86' lang='lat' dir='ltr'><strong>Sancti</strong></span> <span class='ocrx_word' id='word_1_541' title='bbox 2026 2607 2134 2634; x_wconf 84' lang='lat' dir='ltr'><strong>Juliani</strong></span> <span class='ocrx_word' id='word_1_542' title='bbox 2150 2608 2282 2635; x_wconf 79' lang='lat' dir='ltr'><strong>Autisio-</strong></span> 
     </span>
     <span class='ocr_line' id='line_1_76' title="bbox 1267 2651 2282 2691; baseline 0.005 -13"><span class='ocrx_word' id='word_1_543' title='bbox 1267 2651 1401 2680; x_wconf 90' lang='lat' dir='ltr'><strong>dorensis</strong></span> <span class='ocrx_word' id='word_1_544' title='bbox 1414 2657 1512 2680; x_wconf 89' lang='lat' dir='ltr'><strong>notum</strong></span> <span class='ocrx_word' id='word_1_545' title='bbox 1528 2655 1597 2682; x_wconf 79' lang='lat' dir='ltr'><strong>facit</strong></span> <span class='ocrx_word' id='word_1_546' title='bbox 1611 2663 1643 2681; x_wconf 89' lang='lat' dir='ltr'><strong>se</strong></span> <span class='ocrx_word' id='word_1_547' title='bbox 1659 2655 1790 2682; x_wconf 86' lang='lat' dir='ltr'><strong>inhibere</strong></span> <span class='ocrx_word' id='word_1_548' title='bbox 1807 2664 1842 2682; x_wconf 88' lang='lat' dir='ltr'><strong>ne</strong></span> <span class='ocrx_word' id='word_1_549' title='bbox 1857 2656 1923 2690; x_wconf 89' lang='lat' dir='ltr'><strong>quis</strong></span> <span class='ocrx_word' id='word_1_550' title='bbox 1939 2656 2032 2691; x_wconf 87' lang='lat' dir='ltr'><strong>ipsius</strong></span> <span class='ocrx_word' id='word_1_551' title='bbox 2048 2657 2213 2683; x_wconf 83' lang='lat' dir='ltr'><strong>monasterii</strong></span> <span class='ocrx_word' id='word_1_552' title='bbox 2230 2657 2282 2683; x_wconf 89' lang='lat' dir='ltr'><strong>ho-</strong></span> 
     </span>
     <span class='ocr_line' id='line_1_77' title="bbox 1268 2701 2281 2739; baseline 0.004 -12"><span class='ocrx_word' id='word_1_553' title='bbox 1268 2701 1376 2732; x_wconf 86' lang='lat' dir='ltr'><strong>mines,</strong></span> <span class='ocrx_word' id='word_1_554' title='bbox 1393 2703 1443 2736; x_wconf 91' lang='lat' dir='ltr'><strong>qui</strong></span> <span class='ocrx_word' id='word_1_555' title='bbox 1462 2711 1478 2729; x_wconf 86' lang='lat' dir='ltr'><strong>a</strong></span> <span class='ocrx_word' id='word_1_556' title='bbox 1489 2703 1563 2738; x_wconf 88' lang='lat' dir='ltr'><strong>jugo</strong></span> <span class='ocrx_word' id='word_1_557' title='bbox 1579 2703 1709 2738; x_wconf 89' lang='lat' dir='ltr'><strong>ipsarum</strong></span> <span class='ocrx_word' id='word_1_558' title='bbox 1725 2703 1844 2730; x_wconf 89' lang='lat' dir='ltr'><strong>dominii</strong></span> <span class='ocrx_word' id='word_1_559' title='bbox 1860 2704 1895 2730; x_wconf 92' lang='lat' dir='ltr'><strong>de</strong></span> <span class='ocrx_word' id='word_1_560' title='bbox 1908 2705 1974 2739; x_wconf 90' lang='lat' dir='ltr'><strong>jure</strong></span> <span class='ocrx_word' id='word_1_561' title='bbox 1989 2705 2160 2731; x_wconf 71' lang='lat' dir='ltr'><strong>subtrahere</strong></span> <span class='ocrx_word' id='word_1_562' title='bbox 2177 2713 2208 2731; x_wconf 88' lang='lat' dir='ltr'><strong>se</strong></span> <span class='ocrx_word' id='word_1_563' title='bbox 2226 2713 2281 2731; x_wconf 92' lang='lat' dir='ltr'><strong>non</strong></span> 
     </span>
     <span class='ocr_line' id='line_1_78' title="bbox 1268 2753 2282 2787; baseline 0.004 -11"><span class='ocrx_word' id='word_1_564' title='bbox 1268 2753 1413 2785; x_wconf 84' lang='lat' dir='ltr'><strong>poterant,</strong></span> <span class='ocrx_word' id='word_1_565' title='bbox 1431 2755 1582 2786; x_wconf 87' lang='lat' dir='ltr'><strong>postquam</strong></span> <span class='ocrx_word' id='word_1_566' title='bbox 1600 2753 1680 2787; x_wconf 87' lang='lat' dir='ltr'><strong>ipsae</strong></span> <span class='ocrx_word' id='word_1_567' title='bbox 1697 2753 1880 2787; x_wconf 84' lang='lat' dir='ltr'><strong>probaverint</strong></span> <span class='ocrx_word' id='word_1_568' title='bbox 1895 2761 1947 2780; x_wconf 85' lang='lat' dir='ltr'><strong>eos</strong></span> <span class='ocrx_word' id='word_1_569' title='bbox 1963 2761 2028 2780; x_wconf 88' lang='lat' dir='ltr'><strong>csse</strong></span> <span class='ocrx_word' id='word_1_570' title='bbox 2049 2762 2119 2780; x_wconf 84' lang='lat' dir='ltr'><strong>suos</strong></span> <span class='ocrx_word' id='word_1_571' title='bbox 2130 2776 2137 2787; x_wconf 86' lang='lat'>‚</span> <span class='ocrx_word' id='word_1_572' title='bbox 2153 2754 2282 2780; x_wconf 86' lang='lat' dir='ltr'><strong>detinere</strong></span> 
     </span>
    </p>
   </div>
   <div class='ocr_carea' id='block_1_29' title="bbox 1266 2800 2280 2881">
    <p class='ocr_par' dir='ltr' id='par_1_29' title="bbox 1266 2800 2280 2881">
     <span class='ocr_line' id='line_1_79' title="bbox 1267 2800 2280 2836; baseline 0.003 -10"><span class='ocrx_word' id='word_1_573' title='bbox 1267 2803 1315 2826; x_wconf 85' lang='lat' dir='ltr'><strong>aut</strong></span> <span class='ocrx_word' id='word_1_574' title='bbox 1331 2800 1402 2826; x_wconf 88' lang='lat' dir='ltr'><strong>alias</strong></span> <span class='ocrx_word' id='word_1_575' title='bbox 1419 2804 1566 2836; x_wconf 85' lang='lat' dir='ltr'><strong>receptare</strong></span> <span class='ocrx_word' id='word_1_576' title='bbox 1582 2806 1758 2836; x_wconf 82' lang='lat' dir='ltr'><strong>praesumat.</strong></span> <span class='ocrx_word' id='word_1_577' title='bbox 1775 2817 1808 2822; x_wconf 88' lang='lat'><em>-</em></span> <span class='ocrx_word' id='word_1_578' title='bbox 1827 2802 1912 2835; x_wconf 79' lang='lat' dir='ltr'><strong>(Rau.</strong></span> <span class='ocrx_word' id='word_1_579' title='bbox 1932 2802 1977 2834; x_wconf 85' lang='grc'><strong>16,</strong></span> <span class='ocrx_word' id='word_1_580' title='bbox 1995 2803 2014 2829; x_wconf 84' lang='grc'><strong>1“.</strong></span> <span class='ocrx_word' id='word_1_581' title='bbox 2031 2803 2064 2830; x_wconf 73' lang='grc' dir='ltr'>6ῗ</span> <span class='ocrx_word' id='word_1_582' title='bbox 2081 2809 2126 2835; x_wconf 79' lang='lat' dir='ltr'><strong>v⁰;</strong></span> <span class='ocrx_word' id='word_1_583' title='bbox 2143 2811 2211 2829; x_wconf 88' lang='lat' dir='ltr'><strong>ann.</strong></span> <span class='ocrx_word' id='word_1_584' title='bbox 2230 2802 2280 2835; x_wconf 89' lang='lat' dir='ltr'><strong>VI,</strong></span> 
     </span>
     <span class='ocr_line' id='line_1_80' title="bbox 1266 2848 1386 2881; baseline 0.008 -7"><span class='ocrx_word' id='word_1_585' title='bbox 1266 2855 1293 2875; x_wconf 83' lang='lat' dir='ltr'><strong>c.</strong></span> <span class='ocrx_word' id='word_1_586' title='bbox 1313 2848 1386 2881; x_wconf 75' lang='lat'><strong>216.)</strong></span> 
     </span>
    </p>
   </div>
   <div class='ocr_carea' id='block_1_30' title="bbox 1774 2544 2211 2579">
    <p class='ocr_par' dir='ltr' id='par_1_30' title="bbox 1774 2544 2211 2579">
     <span class='ocr_line' id='line_1_81' title="bbox 1774 2544 2211 2579; baseline 0.005 -8"><span class='ocrx_word' id='word_1_587' title='bbox 1774 2544 1899 2579; x_wconf 87' lang='lat' dir='ltr'><strong>Anagni,</strong></span> <span class='ocrx_word' id='word_1_588' title='bbox 1920 2545 1949 2571; x_wconf 84' lang='grc'><strong>15</strong></span> <span class='ocrx_word' id='word_1_589' title='bbox 1963 2545 2115 2572; x_wconf 81' lang='lat' dir='ltr'><strong>decembre</strong></span> <span class='ocrx_word' id='word_1_590' title='bbox 2134 2545 2211 2573; x_wconf 63' lang='lat'>1232.</span> 
     </span>
    </p>
   </div>
   <div class='ocr_carea' id='block_1_31' title="bbox 1310 2951 2280 2982">
    <p class='ocr_par' dir='ltr' id='par_1_31' title="bbox 1310 2951 2280 2982">
     <span class='ocr_line' id='line_1_82' title="bbox 1310 2951 2280 2982; baseline 0.005 -5"><span class='ocrx_word' id='word_1_591' title='bbox 1310 2961 1323 2976; x_wconf 76' lang='grc' dir='ltr'><strong>ιι</strong></span> <span class='ocrx_word' id='word_1_592' title='bbox 1343 2972 1363 2979; x_wconf 92' lang='grc'><strong>..</strong></span> <span class='ocrx_word' id='word_1_593' title='bbox 1380 2951 1526 2981; x_wconf 82' lang='lat' dir='ltr'><strong>abbatisse</strong></span> <span class='ocrx_word' id='word_1_594' title='bbox 1541 2956 1567 2981; x_wconf 78' lang='lat' dir='ltr'><strong>et</strong></span> <span class='ocrx_word' id='word_1_595' title='bbox 1583 2953 1748 2982; x_wconf 80' lang='lat' dir='ltr'><strong>conventui</strong></span> <span class='ocrx_word' id='word_1_596' title='bbox 1762 2954 1943 2982; x_wconf 77' lang='lat' dir='ltr'><strong>monasterii</strong></span> <span class='ocrx_word' id='word_1_597' title='bbox 1958 2953 2065 2982; x_wconf 80' lang='lat' dir='ltr'><strong>Sancti</strong></span> <span class='ocrx_word' id='word_1_598' title='bbox 2079 2953 2202 2982; x_wconf 76' lang='lat' dir='ltr'><strong>Iuliani</strong></span> <span class='ocrx_word' id='word_1_599' title='bbox 2216 2954 2280 2982; x_wconf 80' lang='lat' dir='ltr'><strong>Au-</strong></span> 
     </span>
    </p>
   </div>
  </div>
 </body>
</html>
