2498 3242
182 228 240 258 585

181 293 355 324 humiliter
376 292 565 332 postulabat
586 297 637 328 ut,
662 302 737 324 cum
760 293 847 323 idem
868 294 906 323 dc
928 293 1001 323 labe
1022 294 1196 332 pravitatis

181 345 328 376 heretice
345 355 405 376 nec
419 346 590 376 convictus
606 346 708 376 fuerit
720 355 779 376 nec
792 351 977 385 suspectus,
993 347 1074 386 quin
1086 347 1195 385 potius

136 399 139 403 '
181 398 317 429 habitus
334 399 376 428 sit
393 398 433 429 ab
449 398 604 429 omnibus
620 398 803 429 catholicus
820 404 851 430 et
874 399 999 435 tidelis,
1023 400 1195 438 providere

181 451 247 482 sihi
264 452 445 491 superbiis
468 452 507 482 de
529 452 736 490 benignitate
757 453 852 482 Sedis
876 453 1062 491 Apostolice
1079 452 1196 489 digna-

182 513 304 535 remur.
323 505 405 536 Cum
423 505 536 543 igitur,
558 505 643 535 sicut
661 514 698 535 ex
721 506 882 536 relatione
898 506 1094 536 dilectorum
1110 505 1196 534 filio-

180 565 256 587 rum
281 561 470 587 nostrorum
495 558 547 593 G„
575 558 663 587 tituli
690 559 802 588 Sancti
826 559 944 588 Marci.
975 563 1005 589 et
1031 560 1077 593 S„
1107 557 1195 587 tituli

182 610 296 641 Sancti
312 611 485 640 Laurentii
502 611 536 640 in
549 611 675 641 Lucina
691 612 951 650 presbiterorum
962 610 1194 645 cardinalium,

182 662 278 693 nobis
295 663 457 698 innotuit,
483 664 631 702 prefatus
652 664 922 702 archiepiscopus
945 673 1055 694 coram
1075 664 1123 693 eis
1143 672 1196 693 re-

182 716 373 753 cognoverit
389 716 572 748 antedicta.
591 717 787 747 mandamus
803 722 985 756 quatenus,
1004 717 1070 747 nisi
1086 725 1196 747 coram

183 769 277 799 vobis
291 769 460 807 legitimus
477 770 665 808 apparuerit
687 774 869 800 accusator.
885 771 1011 809 ipsum,
1030 769 1197 800 sententia

184 830 250 852 non
266 822 418 853 obstante
432 823 590 867 predicta.
606 823 780 861 presertim
797 833 871 853 cum
888 823 974 853 idem
990 823 1025 852 in
1041 823 1196 852 omnibus

182 879 271 906 stare
292 875 458 905 mandatis
476 875 639 911 Ecclesie,
657 876 743 906 sicut
760 877 894 908 asserit,
917 876 960 906 sit
982 880 1132 914 paratus,
1156 875 1197 905 ad

182 931 304 958 terram
321 937 416 958 suam
432 929 470 958 de
488 933 599 959 nostra
617 929 750 959 licentia
768 929 962 959 redeuntem
978 938 1043 958 non
1059 928 1197 966 permit-

182 981 260 1011 tatis
276 991 293 1011 a
310 990 488 1021 quoquam.
507 982 680 1013 occasione
701 982 879 1021 premissa,
904 986 1014 1011 contra
1029 981 1196 1020 justitiam

181 1034 369 1070 molestari3
386 1035 547 1065 facientes
564 1035 594 1065 ei
611 1035 755 1067 restitui,
771 1035 910 1065 veritate
926 1035 1069 1072 cognita,
1087 1034 1196 1064 nichi-

179 1086 326 1117 lominus
352 1087 436 1117 bona
460 1097 531 1118 sua.
556 1088 825 1119 Contradictores
848 1092 909 1118 etc.
936 1087 1108 1118 Provisuri
1133 1091 1195 1117 etc.

179 1140 275 1177 Quod
288 1141 393 1171 sinon
407 1149 522 1171 omnes
537 1145 597 1171 etc.
611 1142 685 1170 Dat.
700 1141 864 1178 Anagnie,
878 1140 989 1170 idibus
998 1140 1194 1176 decembris,

181 1192 394 1231 pontificatus
411 1193 516 1223 nostri
534 1201 621 1223 anno
637 1197 740 1223 sexto.
760 1205 773 1219 »

252 1363 341 1391 398

216 1425 264 1456 G.,
281 1425 485 1452 archidiacono
499 1425 641 1457 Tullensi,
656 1425 765 1452 decano
782 1428 811 1452 et
826 1426 965 1460 magistro
980 1425 1136 1460 Stephano,
1153 1434 1198 1452 ca-

182 1474 287 1501 nonico
310 1474 593 1506 Libet-dunensibus,
611 1474 727 1501 mandat
742 1478 886 1509 quatenus
904 1475 1075 1510 episcopum
1091 1473 1200 1501 Virdu-

182 1532 313 1555 nensem,
326 1524 386 1558 qui,
400 1532 451 1559 pro
463 1532 497 1550 eo
508 1524 584 1559 quod
595 1523 730 1551 Juvenali
740 1523 949 1559 etquibusdam
960 1523 1023 1550 aliis
1035 1524 1200 1550 mercatori-

183 1573 239 1600 bus
250 1573 401 1605 Romanis,
413 1572 595 1599 Senensibus
611 1577 639 1599 et
650 1572 827 1600 Florentinis
838 1573 872 1599 de
884 1572 1008 1599 diversis
1021 1572 1126 1599 debitis
1142 1580 1198 1599 uon

185 1622 382 1655 satisfecerat,
400 1622 672 1648 excommunicatus
688 1622 794 1653 fuerat,
812 1623 877 1656 ejus
897 1625 970 1648 terra
987 1621 1139 1656 supposita
1153 1620 1200 1647 in-

183 1671 316 1706 tet-dicto,
333 1671 381 1706 qui
398 1679 466 1697 vero
482 1671 517 1697 de
532 1671 740 1698 satisfaciendo
761 1671 870 1697 eisdem
893 1670 1009 1697 dederat
1027 1670 1200 1705 juratoriam

183 1720 360 1754 cautionem,
377 1720 543 1746 absolutum
560 1719 695 1746 nuntient
712 1721 740 1746 in
757 1719 828 1746 locis
844 1719 872 1746 in
888 1719 996 1754 quibus
1011 1719 1146 1754 expedire
1159 1719 1201 1746 vi-

182 1768 288 1803 derint,
298 1772 327 1795 et
339 1768 522 1795 interdictum
536 1768 716 1803 praedictum
729 1768 868 1796 relaxent.
878 1767 1010 1802 —(R1-:o.
1022 1767 1064 1799 16,
1077 1768 1096 1795 f.
1110 1767 1143 1795 59
1154 1773 1197 1800 νος

179 1826 247 1845 aun.
267 1817 318 1851 Vl,
335 1826 361 1844 c.
377 1817 445 1851 203;
464 1833 494 1837 -—
514 1817 636 1845 Monam
656 1818 731 1849 1187,
749 1817 768 1845 f.
787 1817 860 1850 376.)

679 1363 806 1398 Anagui,
825 1363 856 1390 18
873 1363 1026 1390 decembre
1048 1363 1125 1391 1232.

224 1932 236 1946 «
261 1920 306 1954 G.,
329 1920 550 1949 archidiacono
573 1920 718 1955 Tullensi,
739 1942 757 1948 ..
777 1920 889 1949 decano
911 1925 937 1949 ct
953 1920 1101 1957 magistro
1120 1919 1199 1956 St[e-

178 1974 307 2012 phano],
322 1975 470 2003 canonico
482 1973 767 2009 Liberdunensibus,
784 1974 934 2002 Tullensis
947 1972 1082 2002 diocesis.
1100 1971 1197 2008 Cum,

181 2026 268 2057 sicut
291 2025 493 2056 venerabilis
515 2043 564 2055 —.
588 2026 663 2056 Dat.
687 2025 858 2064 Anagnie,
881 2026 943 2056 XV
966 2024 1127 2055 kalendas
1146 2024 1198 2063 ja-

181 2079 304 2114 nuarii,
323 2088 410 2110 anno
426 2083 529 2110 sexto.
549 2091 562 2106 n

220 2314 256 2341 R.
268 2314 303 2340 de
318 2313 484 2349 Tui-rilllisl,
495 2313 674 2349 Berengario
685 2314 720 2340 de
732 2313 849 2348 Espiels
860 2317 888 2340 et
901 2313 931 2340 P.
943 2313 1071 2344 Arberti,
1080 2313 1201 2340 canoni-

182 2363 227 2389 cis
244 2361 541 2393 Barchinonensibus,
556 2362 673 2389 mandat
687 2366 841 2396 quatenus,
853 2377 887 2382 —
898 2370 964 2388 cum
978 2360 1010 2389 P.
1021 2361 1056 2388 de
1067 2360 1201 2388 Caderita

182 2413 228 2444 (=
243 2410 375 2438 Cadreita
383 2410 417 2443 Ἰ),
435 2411 595 2438 canonicus
615 2410 752 2438 vicensis
768 2410 918 2442 ecclesiae,
935 2418 986 2445 pro
1001 2409 1200 2444 inquisitionis

185 2460 302 2494 negotio
327 2468 414 2494 quam
442 2464 542 2486 contra
575 2458 732 2486 Vicensem
759 2460 929 2495 episcopum
955 2459 1200 2494 prosequebatur,

183 2509 274 2536 semel
294 2512 323 2535 et
345 2509 449 2535 iterum
471 2509 499 2535 in
517 2508 643 2544 propriis
661 2509 799 2544 expensis
820 2508 855 2535 ad
877 2508 980 2534 Sedem
1000 2507 1200 2543 Apostolicam

184 2558 376 2594 personaliter
393 2558 563 2591 laborasset,
581 2562 699 2593 propter
717 2557 792 2592 quod
810 2557 1003 2584 creditoribus
1018 2559 1080 2582 erat
1095 2555 1201 2582 debitis

183 2607 339 2641 obligatus,
351 2620 388 2627 —
401 2607 427 2633 ei
444 2610 472 2633 et
489 2606 578 2633 sociis
596 2607 659 2633 suis
675 2606 846 2633 absentibus
862 2614 896 2632 ex
913 2606 966 2632 bac
981 2613 1079 2638 causa,
1092 2605 1202 2640 portio-

185 2665 249 2683 nem
267 2656 302 2682 de
318 2656 475 2683 cotidianis
490 2655 747 2683 distributionibus
762 2656 977 2690 contingentem
990 2654 1118 2686 eosdem,
1135 2662 1202 2681 cum

186 2713 241 2732 non
259 2705 397 2732 haberent
412 2704 450 2731 ibi
469 2704 545 2731 aliud
563 2704 754 2738 beneficium,
772 2712 823 2738 pro
840 2702 1001 2738 praebenda
1017 2702 1128 2737 integre
1146 2703 1202 2729 mi-

186 2754 302 2780 nistrari
323 2753 443 2784 saciant,
467 2761 501 2779 ne
526 2753 599 2779 idem
624 2752 656 2780 Ρ.
679 2756 800 2786 cogatur
821 2760 853 2778 ea
872 2752 1026 2778 occasione
1053 2751 1201 2785 negotium

181 2802 319 2829 deserere
335 2801 547 2837 imperfectum.
565 2816 598 2821 —
613 2801 697 2835 (Rea.
718 2801 760 2835 16,
783 2801 802 2828 f.
818 2800 852 2827 60
868 2807 909 2831 νος
926 2808 994 2828 ann.
1011 2799 1068 2833 VI,
1086 2807 1113 2827 e.
1128 2799 1204 2833 204.)

681 2251 809 2286 Anagni‚
825 2250 857 2278 ‘27
874 2250 1030 2277 novembre
1050 2249 1126 2277 1232.

229 2918 241 2931 «
261 2906 291 2934 lt.
312 2905 346 2934 de
364 2905 509 2940 Turrill.‚
528 2905 712 2942 Berenqario
727 2903 760 2933 de
776 2903 889 2941 Espiels
904 2908 930 2932 et
950 2903 981 2932 P.
1000 2903 1130 2937 stt-berti,
1149 2911 1202 2932 ca-

1051 221 1233 258 SIXIEME
1255 221 1416 260 ANNEE.

1234 296 1240 689 l

2234 234 2290 264 586

1278 297 1400 325 nomicis
1422 297 1732 326 Bar-chinonensibus.
1756 297 1839 327 Cum
1865 297 2004 327 dilectus
2029 298 2117 327 tilius
2142 316 2190 327 —.
2216 300 2288 330 Dat.

1279 349 1442 386 Anagnie,
1458 350 1487 379 V
1502 349 1661 380 kalendas
1677 350 1873 385 decembris,
1890 360 1976 380 anno
1993 355 2094 381 scxto.
2116 364 2127 377 n

1355 534 1374 561 Ι
1382 534 1474 562 000

1316 594 1407 622 Priori
1423 600 1451 622 et
1467 596 1622 622 conventui
1638 596 1673 622 de
1685 595 1867 631 Campaniola
1885 602 1983 623 notutn
2002 599 2067 624 fucit
2083 607 2114 624 se
2131 600 2225 633 ipsum
2240 608 2291 627 eos

1279 643 1448 670 eximendos
1468 644 1574 670 ducere
1593 654 1608 670 a
1630 646 1822 679 praestatione
1841 645 2016 672 decimarum
2035 647 2149 677 triginta
2166 656 2216 674 sex
2236 648 2290 674 bu—

1779 535 1904 569 Anagnt,
1927 537 1954 562 17
1971 536 2122 563 dect-inbre
2142 538 2219 564 1232.

1280 692 1457 719 bulcatarum
1481 697 1581 724 terrae,
1606 694 1649 719 vel
1674 693 1762 728 circa,
1784 702 1856 728 quas
1882 694 2050 726 palmerius,
2077 698 2291 724 concanonicus

1279 749 1389 775 eorum,
1407 741 1441 767 ab
1460 741 1590 774 Alberto,
1608 741 1784 768 Abraamino
1801 747 1829 768 et
1845 741 2023 776 Hem-ignoto
2041 744 2185 777 tratribus,
2201 753 2290 779 quon—

1279 789 1342 816 dam
1366 790 1432 816 fittis
1453 789 1591 816 Grimaldi
1615 790 1649 816 de
1676 789 1784 824 Baisio,
1805 791 1831 816 in
1848 791 1964 817 seudum
1986 792 2144 822 obtinebat,
2160 801 2291 828 quasque

1279 847 1293 865 a
1311 838 1357 872 T..
1372 839 1458 865 fratre
1484 839 1578 874 ipsius
1600 838 1745 871 Palmerii,
1765 840 1811 866 cui
1833 840 1868 866 de
1889 842 1953 875 jure
1975 840 2091 867 feudum
2115 842 2291 876 praedictum

1279 887 1474 922 competebat,
1498 891 1526 914 et
1552 896 1567 914 a
1598 887 1684 914 dictis
1710 887 1836 914 dominis
1869 889 1963 921 feudi,
1993 890 2114 924 pecnnia
2137 898 2221 924 quam
2249 891 2292 917 eis

1280 945 1351 971 papa
1374 939 1575 967 concesserat.
1592 936 1782 971 suffragante,
1801 937 1868 964 dicti
1889 938 1966 970 prior
1982 942 2009 964 et
2029 943 2192 964 conventus
2209 939 2293 965 rede-

1279 989 1408 1018 merant;
1425 985 1535 1012 inhibet
1554 993 1588 1012 ne
1604 985 1671 1020 quis
1686 986 1721 1011 ab
1738 987 1781 1012 eis
1804 986 1838 1012 de
1855 987 1940 1013 terris
1955 987 2064 1013 eisdem
2087 987 2214 1013 decimas
2229 988 2292 1014 exi-

1278 1043 1346 1069 gere
1362 1035 1407 1060 vel
1422 1038 1595 1069 extorquere
1611 1038 1787 1070 praesumat.
1801 1049 1834 1054 -
1852 1034 1936 1069 (Rea.
1953 1036 1994 1069 tss,
2012 1036 2024 1062 1·
2048 1036 2081 1063 00
2099 1044 2136 1066 r⁰;
2154 1044 2220 1062 ann.
2239 1035 2291 1070 VI,

1278 1091 1304 1110 c.
1323 1083 1397 1116 ⁵205.)

1321 1198 1333 1212 ι(
1363 1209 1382 1214 ..
1403 1187 1506 1224 priori
1529 1192 1555 1215 et
1576 1188 1742 1216 conventui
1763 1187 1797 1215 de
1817 1187 2028 1225 Campatn'ola,
2049 1188 2168 1217 ordinis
2191 1189 2292 1217 sancti

1278 1239 1456 1276 Augustini,
1470 1240 1604 1277 Iteyin[e]
1621 1240 1755 1269 diocesis.
1771 1239 1928 1269 Annuere
1943 1240 2113 1269 consuevit
2128 1240 2229 1270 Sedes
2241 1257 2290 1269 —.

1279 1292 1353 1320 Dat.
1371 1291 1535 1329 Anagnie,
1551 1293 1629 1322 XVI
1645 1292 1805 1323 kalendas
1818 1293 1977 1332 januarii.
1996 1302 2082 1323 anno
2099 1298 2200 1322 sextu.
2218 1308 2228 1319 υ

1355 1476 1470 1506 1001
1781 1478 1907 1512 Anagni,
1922 1478 1953 1505 ‘zt
1973 1478 2124 1505 decembre
2143 1478 2219 1506 1232.

1317 1538 1481 1570 Hemerieo,
1497 1538 1697 1565 archidiacono
1715 1539 1882 1571 Parisiensi,
1899 1540 2065 1574 Wernacio,
2080 1540 2229 1568 'l'ervisino
2244 1549 2293 1567 ca·

1282 1588 1397 1618 nonico,
1415 1591 1443 1613 et
1460 1586 1681 1613 Bartholomaeo
1697 1587 1731 1613 de
1747 1587 1860 1622 Mouci,
1876 1587 2047 1615 Cat-notensi
2063 1589 2217 1623 canonico,
2236 1588 2291 1615 Pa-

1283 1635 1371 1662 risius
1388 1635 1647 1669 commorantibus,
1666 1636 1781 1663 mandat
1796 1640 1939 1671 quatenus
1954 1645 2070 1664 causam
2087 1637 2161 1664 inter
2176 1637 2294 1672 episco-

1283 1693 1351 1720 pum
1368 1685 1601 1717 Laudunensem,
1615 1693 1650 1711 ex
1663 1693 1718 1711 una
1730 1688 1819 1720 parte,
1831 1689 1860 1712 et
1871 1685 2063 1712 Laudunense
2074 1687 2242 1721 capitulum,
2257 1695 2293 1713 ex

1281 1734 1385 1767 altera,
1403 1738 1547 1769 exortam,
1565 1742 1653 1769 super
1665 1734 1869 1768 jurisdictione
1886 1743 1972 1769 quam
1988 1735 2165 1770 praedictum
2181 1735 2294 1770 capitu-

1282 1783 1341 1810 lum
1355 1786 1553 1818 usurpaverat,
1565 1783 1600 1809 ad
1612 1783 1716 1809 Sedem
1729 1783 1928 1818 Apostolicam
1941 1784 2096 1812 remittant.
2108 1800 2140 1803 —
2152 1784 2235 1817 (Rae.
2250 1784 2292 1816 16,

1282 1832 1300 1858 f.
1318 1832 1352 1859 60
1368 1839 1411 1864 v0;
1430 1840 1497 1858 ann.
1514 1831 1566 1866 VI,
1584 1840 1609 1859 c.
1626 1832 1694 1866 2063
1711 1846 1747 1852 —
1763 1833 1883 1860 Mousau
1902 1833 1979 1864 1187,
1998 1833 2015 1859 s.
2034 1833 2107 1865 379.)

1324 1960 1337 1974 «
1364 1949 1519 1985 Mayistris
1546 1948 1717 1983 Hemert'co,
1746 1949 1966 1977 archidiacono
1997 1950 2179 1985 Paris-tensi,
2215 1950 2294 1978 Wer—

1283 2002 1385 2036 nacto,
1406 2001 1579 2036 Tervisino,
1598 2006 1623 2030 e!
1640 2001 1848 2030 Bartholomeo
1864 2002 1898 2030 de
1914 2003 2027 2037 Monet,
2047 2002 2226 2031 Carnotcnsi
2241 2011 2294 2031 ca-

1283 2055 1411 2089 nonicis,
1426 2054 1567 2082 Par-isius
1577 2055 1847 2083 commorantibus.
1866 2054 2014 2084 Dilectus
2030 2054 2120 2083 filius
2137 2054 2295 2092 magister

1281 2106 1453 2137 Johannes
1466 2106 1505 2137 de
1518 2106 1663 2145 Templo,
1678 2107 1911 2137 Laudunensis
1927 2107 2090 2139 officialis.
2103 2112 2295 2146 procurator

1281 2159 1484 2189 venerabilis
1499 2159 1612 2190 fratris
1629 2159 1734 2190 nostri
1753 2183 1772 2188 ..
1791 2160 1937 2198 episcopi
1954 2160 2202 2196 Laudunensis,
2220 2170 2295 2199 pro-

1280 2212 1391 2251 posuit
1411 2221 1522 2242 coram
1539 2212 1635 2243 nobis
1655 2212 1759 2251 quod,
1777 2222 1852 2243 cum
1873 2213 2094 2243 Laudunense
2115 2214 2296 2252 capitulum

1281 2265 1347 2295 sibi
1363 2274 1381 2295 a
1402 2265 1486 2296 Sede
1506 2265 1695 2303 Apostolica
1710 2270 1871 2304 proponat
1887 2266 2071 2297 indultum.
2091 2271 2125 2296 ut
2142 2267 2176 2296 in
2194 2267 2296 2298 male-

1281 2319 1423 2348 factores
1441 2327 1536 2354 suos,
1555 2318 1613 2357 qui
1629 2319 1819 2349 communia
1834 2319 1983 2357 ipsorum
1998 2319 2082 2349 bona
2101 2319 2294 2357 pervadunt,

1282 2371 1466 2402 secundum
1482 2371 1655 2410 antiquam
1672 2372 1960 2402 consuetudinem.
1974 2372 2044 2402 sive
2061 2372 2196 2402 absente
2213 2372 2296 2411 epis-

1282 2433 1362 2463 copo
1384 2424 1454 2455 sive
1476 2428 1647 2463 presente,
1666 2425 1795 2463 possint
1814 2424 2074 2455 ecclesiasticam
2097 2425 2297 2455 sententiam

1283 2477 1503 2516 promulgare,
1522 2482 1632 2517 atque,
1650 2478 1707 2507 ubi
1724 2478 1765 2508 ad
1780 2478 2044 2508 satisfactionem
2061 2483 2207 2516 raptores
2223 2488 2297 2517 per-

1283 2531 1447 2567 venerint,
1461 2535 1591 2569 recepto
1608 2531 1752 2569 capitali,
1767 2541 1921 2561 excessus
1934 2531 2210 2562 emendationem.
2226 2531 2296 2561 abs-

1283 2593 1347 2623 que
1370 2584 1523 2623 episcopo
1546 2589 1577 2614 et
1600 2585 1765 2615 ministris
1788 2585 1875 2623 ejus,
1901 2585 2048 2622 recipere
2071 2594 2106 2613 ac
2130 2584 2297 2614 dimittere

1283 2637 1416 2667 valeant
1435 2648 1440 2667 :
1459 2638 1572 2672 iidem,
1591 2637 1801 2676 indulgentia
1819 2637 2010 2677 hujusmodi
2027 2637 2212 2667 abutentes.
2232 2645 2297 2667 non

1284 2691 1392 2721 sotum
1418 2691 1458 2720 ad
1486 2691 1587 2721 laicos
1614 2691 1759 2721 notorios
1783 2691 1952 2721 invasores
1978 2690 2137 2720 bonortnn
2161 2699 2296 2719 suorum

1284 2744 1523 2779 communium,
1537 2753 1651 2773 verum
1667 2744 1768 2773 etiam
1784 2743 1824 2773 ad
1841 2743 1934 2777 alios,
1950 2752 2007 2773 uec
2026 2752 2089 2772 non
2107 2743 2198 2771 cbori
2217 2743 2296 2772 Lau-

1285 2796 1446 2827 dunensis
1471 2797 1609 2827 ecclesie
1639 2806 1675 2826 ac
1705 2796 1787 2826 alios
1810 2796 1962 2829 clericos,
1992 2795 2127 2825 abbat-fs
2153 2804 2295 2834 qnoque,

1284 2849 1424 2888 priores.
1449 2850 1593 2889 capitula
1616 2855 1647 2880 et
1669 2854 1851 2880 conventus
1873 2858 1909 2879 ac
1926 2849 2132 2880 communias
2149 2849 2296 2887 insuper,

1286 2902 1369 2932 citra
1384 2903 1616 2942 pervasionem
1633 2903 1794 2933 bonorum
1808 2902 2034 2933 communium
2048 2902 2107 2932 hoc
2122 2902 2297 2933 extendere
