2498 3242
135 308 210 338 1049

133 373 260 405 eisdem
283 373 435 412 partibus
463 374 679 410 constitutos,
709 375 752 405 sit
778 375 813 405 in
841 374 1029 405 turbatione
1059 372 1149 412 posi-

134 430 224 462 tum,
250 430 288 456 ut
312 426 377 456 sibi
401 427 601 465 perditionis
626 428 804 458 imminere
831 427 1031 466 periculum,
1061 425 1149 465 quod

134 482 261 510 avertat
282 479 463 516 Dominus,
486 480 658 517 timeatur,
679 480 913 511 celsitudinem
939 484 1029 510 tuam
1051 488 1148 517 roga-

133 540 208 562 mus
221 535 252 562 et
263 531 476 563 obsecramus
488 533 524 562 in
540 533 682 563 Domino
697 533 803 565 Jhesu
820 533 965 569 Christo,
982 537 1147 572 quatenus

134 584 300 614 dictorum
327 585 516 625 bajulorum
547 587 754 625 corrigendis
784 586 975 617 excessibus
1002 589 1148 615 mentem

134 636 270 675 vigilem
302 641 334 667 et
362 646 496 676 operam
531 639 659 669 tribuas
688 638 903 675 diligentem,
935 638 975 668 ab
1006 636 1148 675 inceptis

135 693 251 720 contra
272 691 481 721 venerabiles
502 692 621 722 tratres
644 692 1053 722 nostros..13iterrensem
1075 695 1106 721 et
1127 713 1146 719 ..

135 742 362 781 Agathensem
388 743 558 782 episcopos
587 754 623 774 ac
647 744 729 775 alios
756 744 1007 783 questionibus,
1031 748 1068 774 ut
1091 752 1149 782 per

135 795 259 834 scripta
282 801 395 826 nostra
417 796 545 835 pridem
568 801 622 827 tue
645 797 838 828 celsitudini
861 797 1008 828 suasisse
1031 796 1150 828 recoli-

136 857 228 884 mus,
248 858 307 888 pro
329 849 443 879 divina
469 854 500 880 et
525 854 637 880 nostra
663 851 850 881 reverentia
872 851 1078 886 desistendo,
1103 851 1151 881 ita

136 901 224 941 quod
249 906 377 932 tantum
403 903 584 941 negotium,
609 903 764 942 precipue
791 904 838 933 tui
858 903 982 934 favoris
1004 904 1150 942 presidio

135 954 379 984 confovendum
393 959 424 985 et
440 955 652 993 dirigendum
669 956 704 986 in
721 956 841 987 melius
858 956 1061 995 prelatorum
1079 962 1150 987 stu-

135 1007 190 1038 dio
206 1007 362 1044 salutari,
383 1008 556 1039 occasione
573 1009 787 1048 questionum
810 1009 1001 1048 hujusmodi
1020 1009 1070 1039 vel
1087 1009 1150 1039 ali-

135 1069 277 1100 quorum
294 1060 495 1100 calumpniis
513 1070 578 1092 non
593 1067 707 1101 pereat
719 1062 770 1092 vel
782 1062 962 1093 decrescat.
975 1062 1146 1101 Alioquin,

135 1122 176 1143 ne
188 1113 342 1144 fortassis
359 1114 469 1144 anime
487 1119 598 1145 nostre
615 1115 649 1144 111
666 1115 904 1145 detrimentum
918 1115 1092 1149 amideret,
1107 1115 1146 1149 si,

133 1167 231 1206 quasi
255 1166 504 1205 negligentibus
521 1167 628 1203 nobis,
647 1168 734 1206 quod
751 1168 848 1202 absit,
867 1173 933 1197 tam
950 1168 1073 1206 grande
1091 1177 1149 1198 ne-

134 1220 261 1259 gotium
283 1220 465 1259 deperiret,
483 1221 636 1251 omittere
655 1230 720 1251 non
744 1221 927 1259 poterimus
950 1221 1031 1260 quin
1053 1222 1146 1260 jura,

132 1273 305 1303 libertates
341 1277 372 1304 et
409 1273 605 1312 approbatas
639 1274 900 1304 consuetudines
932 1274 1149 1304 ecclesiarum

133 1326 364 1356 Narbonensis
380 1326 550 1364 provincie
566 1329 728 1364 pot-estate
745 1326 840 1356 nobis
857 1326 978 1356 tradita
995 1327 1149 1356 defenda-

132 1387 219 1408 mus.
237 1379 310 1409 Dat.
329 1378 497 1414 Laterani,
516 1378 614 1409 nouis
628 1379 720 1415 maii,
737 1388 824 1409 anno
840 1383 966 1409 octavo.
985 1391 997 1406 »

210 1578 323 1608 {9¹⁸2
734 1577 848 1610 Lati-an,
865 1578 899 1606 29
914 1578 985 1605 avril
1001 1578 1079 1608 1234.

174 1641 404 1676 Archiepiscopo
427 1640 600 1673 Viennensi,
625 1639 673 1667 cui
696 1640 849 1675 legationis
871 1641 996 1668 officium
1017 1642 1046 1668 in
1060 1641 1153 1681 vAlbi-

137 1690 272 1725 gensium
293 1690 423 1725 partibus
444 1689 648 1722 commiserat,
666 1688 781 1716 mandat
800 1692 945 1724 quatenus
961 1690 1092 1717 eamdem
1110 1691 1153 1717 le-

137 1741 284 1776 gationem
301 1740 417 1768 studeat
431 1740 612 1767 laudabiliter
628 1748 776 1767 exercere.
794 1755 827 1760 —
844 1740 929 1775 (Rae.
948 1741 990 1772 17,
1007 1741 1025 1768 f.
1046 1741 1095 1768 182
1111 1748 1152 1773 r⁰;

135 1799 204 1817 ann.
222 1789 305 1825 VIII,
321 1798 346 1817 ο.
367 1789 416 1822 73;
432 1804 466 1810 -
483 1789 604 1817 Monam
620 1788 698 1821 1189,
716 1789 734 1816 f.
754 1788 809 1823 32.)

180 1912 193 1927 «
225 1922 244 1928 ..
273 1900 500 1938 archiepiscopo
530 1899 709 1933 Viennensi,
740 1899 906 1936 Apostolice
931 1899 1015 1928 Sedis
1045 1900 1151 1937 legato.

137 1953 221 1984 Cum
238 1962 276 1983 ex
292 1952 441 1992 injuncte
454 1952 463 1973 ¹
475 1969 522 1981 —-.
537 1952 611 1982 Dat.
631 1951 798 1987 Laterani,
814 1952 865 1982 III
880 1951 1042 1982 kalendas
1058 1952 1151 1988 maii,

136 2014 225 2036 anno
243 2010 369 2036 octavo.
389 2017 402 2032 n

214 2203 331 2232 1918
767 2201 881 2236 Latran‚
897 2202 913 2228 2
931 2202 986 2228 mai
1006 2202 1080 2230 1234.

176 2265 277 2292 Eidem
293 2265 427 2292 concedit
440 2269 470 2292 ut
485 2265 511 2290 111
530 2268 606 2291 terra
621 2263 774 2298 legationis
790 2263 846 2298 ipsi
861 2265 1035 2291 commissae
1050 2274 1154 2293 exces-

138 2322 191 2342 sus
208 2314 409 2348 religiosorum
427 2317 455 2340 et
475 2314 596 2340 aliorum
615 2316 816 2346 exemplorum
833 2313 979 2347 corrigere
1000 2315 1103 2349 possit.
1121 2329 1154 2334 —

138 2364 223 2396 (ttae.
243 2364 285 2395 17,
303 2363 321 2390 s.
342 2363 390 2389 18‘2
406 2370 446 2394 r⁰;
464 2372 530 2389 ann.
552 2362 630 2397 Vm,
647 2372 672 2391 c.
692 2363 747 2396 711.)

183 2485 195 2499 ι(
222 2473 338 2502 Eidem.
363 2472 647 2503 Commendabilis
673 2473 878 2511 expet-lentie
901 2473 1073 2504 certitudo,
1102 2478 1155 2503 tue

140 2525 317 2564 probitatis
340 2525 489 2563 insignia
508 2526 748 2562 manifestans,
776 2526 953 2556 etlicaciter
970 2535 1029 2556 nos
1048 2526 1155 2556 horta-

143 2583 196 2608 tur
216 2583 269 2613 ut,
295 2583 325 2608 te
347 2588 462 2609 secure
487 2588 543 2617 pro
566 2580 747 2609 11·;1‹·ta11dis
769 2579 915 2609 Era-lesio
937 2579 1079 2617 negotiis
1096 2579 1157 2610 eli-

141 2635 274 2669 gentes,
295 2631 533 2662 correctionem
558 2637 783 2670 exemplorum
808 2632 841 2661 in
868 2636 955 2662 terra
980 2631 1158 2670 legationis

144 2684 205 2713 11111
231 2685 407 2714 commisse
427 2688 458 2713 et
480 2684 576 2722 plene
600 2684 777 2721 legationis
794 2685 938 2714 otlicinm
962 2685 996 2714 in
1020 2685 1156 2721 eisdem,

145 2746 210 2766 non
227 2737 438 2767 obstantibus
455 2746 568 2767 eorum
581 2737 778 2775 privilegiis,
796 2737 990 2767 discretioni
1007 2738 1159 2768 111011110-

144 2790 276 2820 cialiter
302 2790 560 2825 connnittamus,
590 2800 629 2820 ne
655 2790 739 2820 desit
764 2791 936 2829 potestatis
962 2791 1157 2827 auctoritas,

142 2843 200 2873 cui
217 2843 310 2873 adest
325 2843 454 2881 puritas
470 2843 674 2874 conscientie
691 2848 722 2873 et
739 2849 848 2882 presto
867 2844 1090 2884 estjudicium
1106 2854 1160 2875 ra-

182 2975 204 2999 1.
220 2976 295 2999 Avec
311 2974 422 3001 ronvoi.
437 2975 505 2999 dans
523 2976 547 3000 le
563 2977 702 3006 Registre,
718 2975 734 2999 it
748 2976 774 2999 la
788 2976 869 3000 lettre
886 2976 965 3006 VIII,
980 2976 1008 3001 ’11
1028 2977 1066 3008 (11·
1084 2977 1161 3007 1915).

988 298 1205 338 HUITIEME
1228 299 1388 338 ANNEE.

2169 314 2244 345 1050

1231 372 1342 403 tionis.
1361 374 1507 411 Agentes
1524 375 1627 413 igitur
1643 376 1766 413 gratias
1788 376 1936 414 largitori
1953 378 2103 408 omnium
2119 380 2244 417 gratia-

1230 434 1315 461 rum,
1333 426 1367 455 in
1387 427 1493 464 gratia
1509 427 1570 456 tibi
1586 428 1626 457 ab
1643 428 1714 466 ipso
1729 428 1857 464 collata,
1876 433 1908 459 et
1924 430 2116 462 affectantes
2133 437 2168 462 ut
2184 442 2242 471 per

1232 482 1261 508 te
1286 488 1385 517 prava
1409 479 1444 509 in
1471 480 1597 510 directa
1619 485 1650 511 et
1671 490 1788 519 aspera
1809 486 2044 513 convertantur
2068 485 2102 513 in
2131 485 2240 523 plana,

1231 531 1433 562 fraternitati
1451 537 1504 563 tue
1524 534 1731 571 presentium
1748 535 1943 565 auctoritate
1966 538 2178 568 concedimus
2194 543 2240 573 ut,

1232 584 1266 614 in
1285 594 1400 615 omnes
1426 590 1593 624 exemptos
1618 586 1794 624 legationis
1810 587 1881 616 tibi
1907 589 2093 625 0001011550,
2122 600 2241 621 secun-

1232 636 1309 666 dum
1326 636 1435 667 datam
1455 638 1515 667 tibi
1532 648 1550 668 a
1569 639 1636 668 Deo
1652 639 1879 677 prudentiam,
1904 641 2048 671 officium
2065 642 2241 680 legationis

1232 700 1404 728 exercens,
1423 693 1567 731 exceptis
1583 693 1880 730 Cisterciensibus‚
1899 704 2052 726 excessus
2069 698 2243 735 religioso-

1231 754 1306 775 rum
1334 750 1364 775 et
1384 746 1526 776 aliorum
1552 751 1778 786 exemplorum
1805 752 1891 778 terre
1914 750 2070 787 predicte,
2099 760 2164 781 non
2189 753 2241 781 ob-

1233 802 1340 829 stante
1369 800 1455 838 quod
1480 800 1616 839 quidam
1640 810 1754 831 eorum
1780 801 1826 831 ita
1855 811 1890 831 se
1917 802 2145 841 privilegiatos
2171 814 2243 835 0550

1232 856 1430 891 proponunt,
1446 854 1532 892 quod
1552 853 1590 883 ad
1607 854 1845 884 correctionem
1863 864 1976 885 eorum
1993 855 2120 893 legatus
2139 858 2245 896 Apos-

1233 905 1329 936 tolice
1344 906 1439 936 Sedis
1455 907 1630 945 procedere
1644 912 1797 946 nequeat,
1817 908 1883 937 nisi
1899 908 1939 938 ad
1957 908 2016 938 1100
2033 909 2077 939 sit
2090 910 2245 948 speciali-

1232 961 1282 988 ter
1298 967 1316 988 a
1332 959 1474 989 Romani
1492 960 1664 990 Pontificis
1680 960 1783 991 latere
1799 961 2002 997 destinatus,
2020 961 2124 993 libere
2138 963 2245 1001 possis

1232 1011 1398 1049 corrigere
1420 1012 1514 1051 juxta
1531 1012 1741 1050 prudentiam
1758 1022 1776 1043 a
1792 1014 1933 1044 Domino
1949 1014 2010 1044 tibi
2026 1015 2149 1052 datam,
2169 1024 2245 1046 cum

1232 1072 1298 1093 non
1320 1064 1511 1102 ignoremus
1534 1066 1700 1096 versutias
1722 1066 1851 1096 inimici
1877 1067 1934 1105 qui
1950 1066 2070 1097 electos
2088 1069 2148 1098 Dei
2165 1078 2243 1107 sup-

1231 1116 1381 1154 plantare
1401 1118 1530 1154 nititur‚
1549 1122 1591 1154 et,
1608 1119 1714 1149 modis
1731 1119 1853 1158 quibus
1871 1124 1988 1157 potest,
2009 1125 2156 1152 evertere
2172 1131 2242 1152 ma-

1232 1168 1399 1199 chinatur⁵
1417 1171 1572 1201 Ceterum
1593 1180 1631 1201 ea
1652 1180 1715 1210 que
1730 1181 1789 1210 per
1804 1172 1887 1202 alios
1905 1173 2094 1204 visitatores
2110 1175 2244 1213 provide

1232 1221 1403 1252 inveneris
1417 1223 1583 1260 instituta,
1597 1224 1950 1255 faciasinviolal)iliter
1961 1226 2130 1257 observari
2142 1238 2147 1263 3
2161 1237 2243 1267 quos

1233 1275 1449 1312 supersedere
1474 1276 1627 1306 nolumus
1654 1277 1857 1308 visitationis
1873 1278 1997 1313 officio,
2023 1279 2088 1309 nisi
2108 1284 2140 1309 tu
2162 1280 2242 1311 illud

1232 1326 1365 1357 duxeris
1388 1327 1636 1359 destinandum.
1656 1330 1730 1359 Dat.
1754 1331 1926 1366 Laterani,
1950 1332 1996 1361 VI
2016 1340 2120 1363 nonas
2146 1334 2241 1370 maii,

1234 1387 1321 1409 anno
1336 1384 1460 1410 octavo.
1482 1393 1495 1407 1)

1310 1550 1425 1578 1919

1271 1611 1435 1639 Bai-onibus
1454 1614 1536 1647 regni
1553 1612 1690 1640 Franciae
1706 1614 1831 1649 injungit
1842 1620 1986 1651 quatenus
1997 1626 2095 1651 regem
2110 1618 2245 1647 Franciae

1234 1661 1269 1687 ad
1286 1661 1340 1687 hoc
1356 1661 1504 1692 inducant,
1522 1662 1598 1696 quod
1616 1662 1685 1688 nihil
1702 1671 1752 1697 per
1768 1663 1888 1691 ballivos
1907 1674 1977 1692 suos
1993 1667 2020 1692 in
2043 1667 2245 1701 Albigensium

1237 1709 1366 1744 partibus
1382 1710 1454 1736 effici
1472 1711 1604 1744 patiatur,
1617 1711 1693 1746 quod
1710 1711 1777 1738 fidei
1793 1711 1973 1741 Christianae
1991 1718 2019 1741 et
2036 1716 2151 1748 negotio
2168 1718 2248 1752 pacis

1236 1759 1274 1785 sit
1290 1759 1473 1786 detrimenm.
1489 1774 1525 1780 —
1540 1760 1623 1793 (Rae.
1644 1761 1685 1793 17,
1703 1761 1720 1787 f.
1741 1761 1790 1788 182
1808 1769 1847 1793 νος
1860 1771 1926 1790 ann.
1942 1763 2020 1796 VIII,
2033 1773 2058 1791 0.
2073 1766 2119 1797 75;
2131 1780 2168 1786 -
2183 1766 2248 1793 Μο-

1236 1816 1306 1836 nasu
1324 1808 1400 1841 1189,
1418 1809 1436 1835 f.
1453 1808 1508 1843 ³29.)

1828 1553 1942 1589 Latran,
1958 1555 1992 1582 28
2007 1556 2077 1583 avril
2098 1557 2172 1585 1234.

1278 1922 1290 1937 (ι
1308 1910 1464 1939 Nobilibus
1480 1911 1559 1940 viris
1573 1912 1729 1941 universis
1744 1913 1910 1943 baronibus
1926 1917 2016 1952 reym·
2030 1917 2169 1946 Francie.
2186 1918 2248 1947 Vo—

1237 1963 1305 1999 bis,
1331 1963 1370 1993 de
1395 1963 1517 2002 quibus
1540 1965 1686 1995 evidenti
1711 1966 1839 1997 ratione
1865 1971 2016 1999 tenemus
2038 1970 2125 2008 quod
2147 1980 2248 2009 penes

1237 2016 1449 2046 carissimum
1469 2017 1503 2046 in
1528 2017 1662 2048 Christo
1685 2018 1791 2049 filium
1808 2025 1957 2050 nostrum
1977 2045 1995 2051 ..
2014 2032 2124 2059 regem
2146 2025 2249 2054 Fran-

1237 2077 1350 2099 corum
1372 2069 1538 2099 illustrem
1556 2071 1734 2108 puritatem
1752 2072 1829 2102 fidei
1845 2078 1875 2103 et
1897 2074 2085 2106 dilectionis
2109 2077 2249 2115 plenitu-

1235 2121 1347 2151 dinem
1363 2121 1532 2159 habeatis,
1551 2123 1650 2161 digne
1667 2125 1874 2155 suadendum
1889 2127 2042 2157 duximus
2059 2134 2104 2159 ut.
2123 2139 2198 2159 cum
2213 2131 2248 2160 in

1237 2175 1496 2214 Albigenjsium]
1511 2177 1660 2215 partibus
1675 2187 1732 2217 pro
1745 2179 1877 2215 negotio
1893 2180 1967 2210 fidei
1984 2182 2124 2212 multum
2142 2193 2249 2223 sump-

1239 2228 1325 2258 tuosi
1349 2228 1473 2259 laboris
1499 2230 1651 2260 habitum
1677 2236 1707 2261 et
1731 2231 1913 2270 plurimum
1935 2234 1973 2264 de
1997 2235 2145 2265 tidelium
2171 2246 2248 2267 san-

1238 2282 1338 2317 guine
1356 2282 1399 2311 sit
1421 2283 1581 2319 0111151101,
1601 2284 1640 2313 ad
1660 2284 1719 2314 1100
1736 2294 1848 2323 regem
1866 2287 2007 2317 eundem
2023 2289 2142 2319 vestris
2160 2290 2250 2320 salu-

1239 2332 1366 2362 taribus
1403 2334 1539 2364 monitis
1574 2334 1757 2372 inducatis,
1793 2337 1880 2375 quod
1913 2338 2017 2368 nichil
2055 2340 2087 2368 in
2125 2341 2251 2372 eisdem

1240 2385 1388 2422 partibus
1413 2395 1470 2425 per
1494 2387 1620 2418 balivos
1638 2398 1715 2419 suos
1733 2398 1791 2419 seu
1814 2399 1872 2428 per
1893 2390 2022 2430 aliquos
2046 2393 2128 2423 alios
2146 2395 2252 2432 patia-

1240 2442 1292 2467 tur
1316 2439 1424 2474 -effici,
1457 2449 1514 2478 per
1542 2442 1629 2480 quod
1656 2443 1759 2480 possit
1793 2443 2036 2474 incrementum
2068 2446 2250 2479 christiane

1241 2491 1326 2527 tidei,
1346 2492 1433 2531 quod
1449 2498 1575 2524 avertat
1592 2495 1773 2533 Dominus,
1793 2498 1971 2535 prepediri.
1989 2500 2155 2535 Ceterum,
2174 2502 2251 2540 quia

1242 2545 1367 2582 prefato
1391 2546 1461 2583 regi
1481 2551 1511 2576 et
1530 2570 1549 2575 ..
1573 2547 1696 2577 illustri
1714 2549 1827 2585 regine
1845 2551 2047 2580 Francorum
2070 2562 2168 2591 super
2184 2554 2251 2585 11115

1242 2598 1422 2636 apostolica
1440 2600 1561 2637 scripta
1586 2601 1785 2631 fiducialiter
1810 2602 2031 2638 destinamus,
2058 2605 2251 2636 discretioni

1242 2655 1349 2680 vestre
1367 2651 1401 2680 in
1418 2652 1559 2681 Domino
1578 2653 1684 2683 Jhesu
1701 2653 1834 2684 Christo
1851 2659 1882 2685 et
1898 2655 1932 2684 in
1951 2657 2181 2687 remissionem
2200 2659 2252 2688 in-

1238 2705 1412 2744 jungimus
1433 2712 1660 2745 peccatorum,
1680 2713 1862 2748 quatenus,
1887 2720 1960 2740 cum
1985 2712 2089 2742 nichil
2112 2713 2146 2742 111
2171 2713 2253 2752 ipsis

1244 2759 1426 2797 rogandum
1456 2760 1666 2797 duxerimus,
1699 2762 1764 2792 nisi
1795 2763 1882 2801 quod
1907 2763 2037 2802 justitie
2071 2774 2253 2797 consonum

1244 2812 1482 2849 persentimus,
1502 2813 1626 2842 eisdem
1644 2815 1768 2844 etlicaci
1787 2816 1897 2845 studio
1913 2818 2099 2855 suggeratis
2116 2824 2152 2848 ut
2171 2819 2255 2851 illud

1244 2864 1289 2894 ita
1305 2869 1455 2903 prompta
1468 2871 1577 2895 mente
1595 2867 1778 2904 perficiant,
1793 2868 1880 2906 quod
1897 2869 2013 2900 sedern
2030 2871 2254 2909 Apostolicam

1245 2925 1375 2955 semper
1400 2917 1521 2948 habere
1548 2919 1734 2949 btmivolam
1761 2920 1951 2951 ilarescant.
1975 2923 2048 2952 Dat.
2078 2924 2251 2962 Laterani,

1246 2969 1315 3000 1111
1331 2969 1490 3001 kalendas
1507 2971 1598 3007 maii,
1617 2980 1704 3002 anno
1720 2977 1844 3003 octavo.
1865 2985 1878 3001 »
