2498 3242
226 261 282 290 633
951 261 1190 292 nnols'rssns
1211 261 1267 290 DE
1290 253 1512 292 Gnneoinn
1535 264 1593 294 ix.
2265 267 2321 297 684

224 329 264 356 sis
282 328 410 356 otwinus.
431 333 454 354 cl
472 327 593 363 Ilngwni
610 327 642 355 dc
657 327 752 361 Torrc,
773 327 883 355 decano
899 328 1062 365 S‹·d‹'l‹>‹·[1‘]‚
1084 327 1231 356 Edttt’nsis

224 386 249 409 ct
266 381 471 410 (Hibitawmisis
488 380 649 408 diocesani.
670 380 820 410 Intravit.
837 385 870 409 ut
892 381 996 410 t'ertur
1013 397 1062 410 -.
1080 381 1153 410 Dat.
1172 381 1229 410 La—

225 433 342 462 terani.
360 433 406 462 XI
424 431 581 461 kalendas
599 432 724 470 aprilis.
745 442 832 463 anno
846 433 996 471 septimo.
1015 446 1027 459 »

299 602 417 630 ¹¹98

258 664 472 698 :tntu-ermensi
483 668 510 690 et
521 664 556 691 de
569 664 741 699 ›tilderborg
750 667 791 697 (=
802 664 1002 698 Middelburg),
1015 664 1228 691 l‘t'aemonstra-

223 713 329 745 tensis,
345 717 373 738 et
387 712 519 740 Fulcardi
536 713 642 740 Montis
657 718 684 739 et
703 713 808 747 Frigidi
828 713 947 746 Montis,
965 712 1167 739 Cisterciensis
1183 721 1229 739 οι·-

223 761 337 793 dinum,
360 762 526 792 abbatibus.
551 762 665 789 mandat
688 767 831 796 quatenus
852 763 878 788 in
901 761 1177 788 praemonstratensi
1201 765 1230 788 et

223 810 250 836 in
267 811 331 836 aliis
347 810 478 837 eeclesiis
499 810 629 845 ejusdem
651 811 760 837 ordinis
781 812 927 844 corrigant
946 815 973 836 et
993 810 1147 836 reforment
1161 818 1230 836 cor-

789 602 902 634 banan,
919 603 953 630 ΤΞ
971 611 1046 629 mars
1065 602 1157 629 12331.

222 858 341 893 rig-enda
357 864 384 885 et
401 860 627 891 1·esoi·man‹la,et
646 859 969 893 Praemonstratensem‚
985 863 1012 885 et
1029 859 1100 886 alios
1110 859 1228 885 abbates

221 908 270 941 qui
287 908 445 933 sententiae
461 908 768 934 excoxiinzunimnouis
783 908 817 934 ab
834 907 933 933 eodeni
950 907 1051 933 abbate
1073 907 1229 933 I'raemon-

223 957 357 981 stratensi
375 956 401 981 in
420 956 561 990 praefatos
578 956 741 982 visitatores
758 956 866 982 ordinis
883 956 1086 990 promulgatae,
1105 963 1228 981 consen-

223 1011 286 1029 sum
304 1004 468 1033 tribuerint,
487 1012 501 1029 a
518 1004 685 1030 sacerdotali
708 1004 807 1030 ordine
829 1004 1018 1038 suspendant.
1035 1019 1067 1023 —
1086 1003 1165 1034 (Rae.
1187 1005 1227 1037 17,

222 1052 240 1077 t'.
264 1052 270 1077 l
290 1059 336 1079 w:
355 1060 420 1078 ann.
438 1051 501 1086 VII,
517 1060 542 1078 c.
556 1052 588 1086 ἃς
605 1067 640 1072 -
657 1052 802 1079 Ροττιιᾼετ
817 1052 902 1085 9137;
920 1052 1228 1086 cs.1‘b1‘‹1.‚postet‘29.)

263 1167 275 1179 ιι
288 1177 306 1182 ..
320 1155 552 1192 ‚tn‘trcrpicnsi.
569 1178 589 1182 ..
604 1155 637 1183 dr
650 1155 865 1192 .l[iI‹I[c7·]I10r9‚
882 1155 1171 1183 Prcmonstratrnsis
1181 1163 1227 1183 07·-

221 1207 313 1236 dinis.
335 1213 360 1236 c!
374 1231 394 1235 ..
416 1208 562 1237 fulcardi
578 1209 686 1237 Montis
702 1214 727 1237 e!
744 1208 864 1246 Friyidi
880 1209 1002 1243 Montis,
1023 1209 1228 1238 cisson-ciensis

220 1260 349 1296 ordinis,
378 1261 544 1289 abhatibus.
574 1262 827 1298 [tt-1111«uraugiensis,
861 1262 1056 1296 Bon-acernis,
1085 1262 1228 1291 Camera-

221 1314 316 1341 ccnsis
334 1319 358 1341 el
380 1314 575 1350 Trajceunsis
598 1315 757 1343 diocrsum.
783 1314 900 1343 Gravis
922 1318 968 1343 est
986 1313 1162 1343 admodum
1177 1331 1226 1342 —.

220 1364 306 1395 Olim
327 1365 508 1404 siqnidem.
529 1365 603 1395 licet
619 1366 809 1395 mandatum
826 1371 974 1395 nostrum
991 1375 1049 1404 pro
1068 1366 1228 1395 reforma-

221 1417 308 1447 tione
340 1417 488 1447 favi-:uda
519 1427 576 1456 per
608 1418 757 1456 singulas
789 1419 936 1448 dioceses
969 1418 1008 1447 ad
1035 1418 1227 1448 diocesanos

221 1471 389 1509 episcopos
406 1476 609 1506 emanasset,
635 1472 674 1501 ad
691 1472 965 1510 supplicationem
982 1477 1091 1502 tamen
1110 1496 1130 1501 ..
1148 1472 1228 1502 Pre-

220 1525 475 1553 monstratensis
489 1524 617 1554 abbatis
632 1530 660 1554 et
676 1525 816 1554 aliorum
833 1525 871 1554 de
888 1525 1003 1555 ordine
1020 1534 1096 1557 sno,
1116 1525 1228 1555 humi-

220 1576 296 1606 liter
313 1577 569 1615 sn1·1·li‹·;mtimn
589 1582 621 1606 nt
641 1586 703 1607 non
721 1587 778 1616 per
795 1583 977 1613 extraneos,
997 1578 1053 1608 sed
1069 1587 1126 1617 per
1139 1579 1228 1617 ejus-

695 1631 824 1660 visitari
855 1632 1040 1661 sacerernns
1075 1631 1225 1666 eosdem,

221 1687 341 1711 statuta
359 1683 499 1721 quedam
518 1683 657 1713 fecimus
675 1693 731 1721 pro
751 1684 959 1713 lafita-mando
977 1684 1092 1714 ordine
1108 1692 1228 1714 memo-

220 1739 302 1764 rato.
323 1740 350 1764 et
373 1744 437 1764 non
458 1735 530 1764 sine
549 1735 650 1765 multa
669 1736 772 1773 gratia
799 1736 986 1766 deserentes
1009 1736 1149 1771 eisdem,
1170 1745 1228 1775 per

220 1796 288 1817 vos.
312 1788 371 1817 tilii
397 1812 416 1817 ..
441 1789 694 1827 Antverpiensis
718 1792 746 1818 et
773 1812 792 1817 ..
817 1789 854 1817 de
874 1789 1058 1827 Mildcsborg
1080 1789 1226 1825 abbates,

220 1845 248 1870 et
275 1840 432 1870 dilectum
455 1841 560 1870 filium
588 1864 607 1870 ..
633 1841 784 1871 abbatem
804 1842 915 1871 Sancti
936 1841 1042 1871 Alexii
1063 1842 1102 1871 de
1125 1842 1226 1878 Urbe,

220 1894 448 1923 mandavimus
460 1894 718 1932 publicationem
732 1899 930 1924 statutorum
944 1895 1102 1933 ipsorum,
1119 1900 1149 1925 et
1161 1904 1228 1925 cor-

219 1947 399 1977 rectionem
417 1952 445 1977 et
464 1947 734 1977 ressa-mationem
746 1947 893 1985 ejusdem
908 1948 1034 1978 ordinis
1049 1948 1120 1978 fieri
1131 1948 1166 1978 in
1178 1958 1228 1978 ea-

218 1999 343 2037 pitibns
360 2004 386 2029 et
407 1999 440 2028 in
458 1999 626 2029 membris.
640 2004 734 2038 prout
749 2000 964 2030 correctionis
976 2005 1005 2030 et
1022 2001 1227 2031 reformatio-

218 2052 270 2081 nis
297 2052 403 2081 officio
436 2052 641 2089 indiget-enm
673 2053 745 2091 qui.
776 2053 947 2083 venientes
982 2054 1022 2084 ad
1054 2053 1161 2084 locum
1197 2060 1228 2085 et

221 1629 293 1658 dem
330 1630 456 1659 ordinis
489 1630 662 1660 zelatores.

218 2109 339 2134 statuta
356 2104 470 2134 eadem
486 2105 704 2143 publicantes.
724 2105 900 2144 procedere
917 2106 1078 2137 omisistis
1095 2111 1228 2146 propter
1245 2104 1248 2108 ’

218 2157 448 2196 appellationis
464 2158 640 2197 objectum,
658 2163 689 2188 et
705 2159 862 2197 quoniam
879 2160 928 2197 [..]
947 2159 1048 2190 abbas
1067 2161 1227 2190 Premen-

218 2211 403 2241 stratensis.
415 2211 453 2239 ad
467 2211 673 2250 tpiornndam
687 2211 880 2241 coabbatum
891 2221 1026 2242 suorum
1036 2213 1224 2250 consilium,

217 2263 255 2293 de
280 2263 377 2293 facto.
407 2272 481 2292 enm
505 2263 543 2293 de
565 2264 639 2303 jure
662 2264 860 2303 nequiverit,
886 2265 920 2294 in
947 2264 1106 2303 injuriam
1131 2265 1226 2295 Sedis

216 2316 402 2354 Apostolice
420 2325 455 2345 ac
472 2321 710 2354 contemptum,
728 2317 1079 2347 excommunicationis
1097 2322 1226 2348 senten-

218 2369 296 2398 tiam
321 2368 355 2397 in
377 2378 433 2397 vos
455 2378 518 2398 non
545 2373 593 2399 est
613 2369 739 2399 veritus
764 2369 983 2407 promulgare.
1010 2370 1124 2409 Nuper
1148 2380 1225 2402 vcro

216 2421 315 2451 idem.
332 2431 405 2451 cum
424 2422 622 2461 quibusdam
642 2422 817 2452 abbatibus
832 2423 883 2452 sui
895 2423 1021 2453 ordinis
1038 2424 1078 2453 ad
1093 2434 1226 2462 presen-

215 2473 295 2503 tiam
317 2479 464 2504 nostram
483 2475 640 2505 accedens
665 2479 693 2505 et
720 2474 850 2513 culpam
874 2485 969 2505 suam
984 2476 1156 2507 humiliter
1171 2487 1224 2508 re-

216 2536 428 2566 cognoscens.
449 2537 547 2566 super
563 2528 735 2566 premissis
754 2528 1015 2559 misericordiam
1031 2530 1225 2568 suppliciter

216 2662 339 2691 ser-Eque
356 2661 388 2684 de
404 2660 501 2684 Mficon
514 2661 580 2684 dont
595 2661 612 2684 il
630 2661 717 2691 s'agit,
730 2664 771 2685 est
786 2662 908 2691 Aymon;
923 2662 947 2686 le
963 2666 1052 2686 comte
1068 2663 1101 2686 de
1116 2663 1223 2695 Mimon,

213 2705 296 2734 Jean;
313 2706 336 2728 le
356 2705 447 2736 doyen
467 2705 500 2728 de
519 2705 672 2736 Besancon,
690 2705 846 2729 Guillaume
863 2706 896 2730 de
912 2706 1035 2736 Vienne;
1052 2707 1076 2731 le
1093 2712 1221 2739 castrum,

215 2752 305 2778 Rupes
318 2751 446 2773 Saluo-ea
461 2749 602 2779 (Solum-e).

247 2794 268 2817 1.
289 2794 413 2817 l'otthast
430 2794 549 2817 attribue
564 2793 580 2816 ὲ
595 2796 666 2816 cette
683 2793 774 2824 piece,
791 2801 838 2817 sur
855 2794 993 2818 l'autorite
1009 2794 1042 2819 de
1058 2795 1220 2827 MANmQUE,

214 2839 339 2861 Annales
356 2839 569 2866 sister-cieuses,
589 2837 615 2860 la
630 2837 693 2861 date
711 2840 736 2861 11
756 2840 890 2862 kalendas
906 2840 1005 2868 aprilis
1021 2840 1060 2869 (=
1078 2840 1103 2863 31
1123 2841 1220 2872 mars);

213 2883 238 2905 lc·
254 2884 377 2911 lavisti-e
394 2882 485 2905 donne
502 2883 594 2905 raison
610 2882 624 2904 a
642 2881 681 2906 Le
701 2882 802 2911 Pater,
820 2884 989 2907 Bibliotheca
1007 2886 1220 2910 Praemonstra-

216 2929 312 2954 tensis,
329 2927 392 2950 chez
410 2927 454 2956 qui
472 2926 496 2949 la
513 2925 589 2956 pieee
605 2930 646 2950 est
658 2926 736 2950 datee
752 2929 789 2949 XI
805 2928 940 2951 kalendas
955 2930 1064 2957 aprilis.

1313 326 1511 364 postulavit,
1538 329 1735 367 promittens
1756 330 1894 361 firmiter
1916 339 1974 369 pro
1994 340 2028 361 se
2049 339 2086 361 ae
2109 331 2263 362 omnibus
2281 332 2320 363 de

1313 378 1428 409 ordine
1445 389 1504 410 suo
1520 385 1641 411 statuta
1654 382 1800 420 predicta
1817 382 2103 413 sei11violahilite1·
2118 387 2318 415 servaturos.

1314 430 1403 461 Licet
1419 431 1522 469 igitur
1539 437 1627 464 tante
1646 435 1904 473 presumptionis
1927 443 2098 465 excessum
2114 435 2320 474 potuerimus

1314 483 1423 514 acrius
1441 484 1625 521 vindicare,
1643 495 1718 516 cum
1736 487 1824 517 idem
1840 487 1958 523 abbas,
1978 487 2057 518 talia
2074 492 2187 518 contra
2203 489 2321 519 Sedem

1312 536 1536 574 Apostolicam
1557 537 1593 567 in
1615 539 1765 577 personis
1793 540 2019 578 delegatorum
2042 549 2178 571 suorum
2203 550 2320 580 presu-

1313 597 1417 625 mens,
1435 590 1584 628 posuerit
1601 590 1636 620 in
1656 590 1763 621 celum
1779 600 1814 622 os
1830 601 1944 629 suum,
1963 597 1994 623 et
2008 593 2123 631 lingua
2141 593 2212 633 ejus
2228 598 2319 624 tran-

1313 641 1407 671 sierit
1431 651 1530 681 super
1555 647 1676 673 terram
1700 653 1706 673 ε
1731 653 1791 674 nos
1815 648 1941 681 tamen,
1966 645 2171 684 simplicitati
2187 646 2320 677 veniam

1315 694 1509 731 tribuentes,
1523 700 1553 725 et
1569 700 1704 734 agentes
1721 697 1835 728 mitius
1847 706 1922 727 eum
1933 702 2048 737 sponte
2061 698 2235 735 confessis,
2248 707 2316 735 vos,

1313 746 1375 776 filii
1399 770 1418 776 ..
1448 747 1602 778 Fuleardi
1627 749 1750 780 Montis
1773 754 1804 780 et
1829 773 1848 779 ..
1873 750 2000 789 Frigidi
2022 751 2144 782 Montis
2169 751 2316 787 abbates,

1313 799 1531 838 subrogantes
1556 801 1626 832 loeo
1649 802 1790 840 predicti
1806 802 1935 833 abbatis
1958 803 2071 833 Sancti
2086 803 2205 839 Alexii,
2224 805 2319 844 eujus

1313 852 1499 883 absentiam
1508 853 1634 884 tamdiu
1646 854 1785 886 eeclesia
1799 864 1859 885 sua
1870 855 2010 886 tolerare
2023 864 2088 886 non
2099 860 2216 894 potest,
2229 865 2318 886 man-

1312 905 1428 936 damus
1451 910 1626 945 quatenus,
1651 915 1716 938 non
1738 908 1890 938 obstante
1915 907 2135 947 appellatione
2159 909 2316 947 predicta,

1313 959 1426 989 tamin
1443 960 1746 991 premonstratensi
1757 970 1856 1000 quam
1866 961 1901 990 in
1915 961 1991 992 aliis
2005 961 2155 992 ecelesiis
2171 962 2320 1001 ejusdem

1312 1012 1450 1048 ordinis,
1473 1017 1504 1043 et
1528 1017 1593 1042 tam
1613 1013 1647 1043 in
1671 1013 1835 1052 capitibus
1859 1022 1958 1053 quam
1978 1013 2013 1044 in
2033 1013 2202 1050 membris,
2225 1023 2320 1044 man-

1311 1064 1424 1094 datum
1444 1065 1660 1104 apostolicum
1677 1070 1892 1106 exequentes,
1910 1067 2264 1103 Premonstratensem,
2288 1070 2320 1098 et

1312 1117 1394 1147 alios
1412 1118 1576 1156 predictos
1599 1118 1735 1149 abbates
1753 1119 1810 1158 qui
1828 1119 1893 1149 sibi
1911 1119 1946 1149 in
1968 1119 2160 1158 hujusmodi
2179 1127 2320 1150 consen-

1312 1166 1428 1200 sum‘et
1441 1166 1618 1201 eonsilium
1630 1171 1830 1208 tribuerunt,
1845 1181 1903 1211 per
1916 1181 1972 1203 sex
1987 1173 2164 1209 mensium,
2178 1176 2319 1212 quatuor

1311 1231 1388 1253 vero
1406 1224 1547 1262 majores
1567 1234 1606 1255 ex
1623 1224 1671 1255 eis
1688 1229 1815 1256 actores
1830 1234 1888 1264 per
1904 1225 1984 1256 anni
2000 1225 2154 1264 spatium,
2173 1234 2192 1256 a
2209 1234 2320 1256 saeer-

1312 1275 1412 1306 dotali
1428 1277 1558 1312 ordine,
1577 1277 1705 1308 sublato
1722 1278 1899 1317 cujuslibet
1922 1277 2193 1309 contradictionis
2212 1282 2243 1309 et
2262 1287 2318 1317 ap-

1310 1329 1501 1368 pellationis
1523 1330 1707 1366 obstaculo,
1734 1330 1960 1369 suspendatis,
1984 1330 2031 1361 ita
2053 1331 2141 1370 quod
2163 1330 2319 1370 suspensi

1312 1383 1466 1413 ultimum
1492 1383 1600 1413 locum
1624 1388 1758 1414 teneant
1781 1384 1815 1414 in
1838 1384 2028 1420 refectorio,
2047 1384 2108 1422 [in]
2124 1384 2268 1422 capitulo
2287 1388 2319 1414 et

1312 1436 1346 1465 in
1372 1436 1488 1472 choro,
1514 1446 1550 1466 ae
1577 1437 1668 1467 omni
1689 1440 1780 1467 sexta
1800 1437 1886 1467 seria
1908 1446 1925 1466 a
1949 1437 2027 1466 vino
2049 1436 2190 1467 debeant
2214 1436 2318 1466 absti-

1312 1498 1402 1520 nere.
1426 1489 1550 1520 Taliter
1563 1493 1674 1519 autem
1689 1489 1883 1519 mandatum
1903 1493 2053 1519 nostrum
2068 1487 2207 1528 implere
2223 1497 2318 1519 cure-

1312 1542 1366 1577 tis,
1400 1542 1487 1581 quod
1509 1542 1643 1580 dignam
1667 1542 1736 1572 Deo
1758 1546 1789 1572 et
1809 1541 1905 1571 nobis
1924 1541 2002 1572 inde
2021 1541 2157 1580 possitis
2181 1541 2318 1571 reddere

1311 1595 1485 1630 rationem,
1501 1595 1695 1633 rescripturi
1710 1594 1806 1624 nobis
1824 1603 1930 1633 usque
1948 1594 1989 1624 ad
2005 1594 2128 1624 festum
2144 1593 2234 1624 beati
2249 1593 2318 1623 An-

1312 1647 1387 1678 dree
1405 1647 1553 1686 proximo
1568 1647 1718 1676 futurum
1738 1646 1898 1686 quicquid
1918 1646 1996 1677 inde
2018 1646 2178 1676 duxeritis
2196 1646 2318 1676 facien-

1311 1700 1400 1730 dum.
1418 1700 1511 1737 Quod
1528 1700 1556 1730 si
1570 1709 1635 1729 non
1651 1708 1765 1730 omnes
1781 1703 1840 1730 etc.
1862 1700 1935 1729 Dat.
1955 1699 2122 1736 Laterani,
2138 1699 2187 1730 XI
2201 1698 2318 1730 kalen-

1312 1753 1370 1783 das
1387 1752 1512 1792 aprilis,
1531 1761 1618 1783 anno
1634 1752 1784 1791 septimo.
1804 1764 1817 1778 ι)

1385 1958 1405 1986 Ι
1417 1957 1500 1986 199
1892 1957 2006 1988 Latran,
2022 1957 2056 1984 26
2071 1964 2148 1983 mars
2168 1955 2245 1984 1233.

1347 2019 1576 2055 Archiepiscopo
1598 2019 1806 2047 Terraeonensi
1827 2019 1943 2046 mandat
1963 2022 2107 2054 quatenus
2130 2017 2160 2044 P.
2186 2017 2221 2044 de
2243 2017 2318 2044 Cha-

1311 2067 1410 2100 derita,
1427 2068 1567 2095 canonico
1586 2067 1718 2100 Vieensi,
1736 2077 1787 2104 pro
1809 2068 2016 2095 restauratione
2036 2075 2228 2103 expensarum
2244 2074 2317 2102 quas

1311 2117 1512 2152 prosequendo
1528 2117 1725 2152 inquisitionis
1746 2117 1893 2154 negotium
1913 2120 2012 2144 contra
2031 2115 2185 2143 Vicensem
2201 2115 2316 2151 episeo-

1310 2173 1378 2200 pum
1400 2165 1544 2200 subierat,
1565 2165 1600 2192 de
1622 2165 1708 2193 bonis
1730 2166 1764 2192 ad
1787 2165 1980 2201 episcopalem
2006 2172 2134 2192 mensam
2159 2163 2315 2192 vicensem

1309 2215 1507 2250 spectantibus
1520 2215 1548 2241 in
1565 2215 1698 2242 ducentis
1712 2219 1741 2242 et
1755 2215 1943 2250 quadraginta
1957 2214 2053 2241 aureis
2069 2213 2204 2240 satisfieri
2218 2213 2313 2246 faciat,

1308 2263 1450 2290 revocatis
1466 2263 1568 2291 litteris
1583 2271 1656 2298 quas
1670 2271 1759 2298 super
1774 2264 1830 2291 hoc
1846 2263 1896 2298 Β.,
1912 2263 2050 2290 canonico
2069 2261 2297 2289 Barchinonensi
2307 2283 2314 2294 ,

1308 2315 1336 2338 et
1352 2313 1417 2347 eius
1432 2312 1562 2347 collegis,
1577 2311 1612 2338 ad
1633 2312 1799 2346 petitionem
1820 2313 1914 2346 ipsius
1933 2311 2076 2347 episcopi,
2098 2319 2171 2346 papa
2186 2309 2314 2338 destina-

1307 2364 1396 2388 verat.
1413 2375 1444 2380 —-
1461 2360 1544 2394 (Rae.
1558 2361 1602 2392 17,
1618 2360 1637 2386 f.
1650 2359 1665 2386 2
1681 2367 1722 2392 r⁰;
1740 2368 1807 2387 ann.
1821 2359 1886 2391 Vll,
1903 2368 1930 2388 c.
1946 2360 1979 2392 5;
1996 2375 2028 2379 —
2044 2359 2082 2387 cf.
2095 2366 2190 2392 supra,
2206 2367 2234 2385 n.
2250 2357 2313 2393 999,

1308 2409 1376 2436 1140
1392 2412 1420 2436 et
1437 2409 1526 2442 1193.)

1349 2523 1361 2537 «
1382 2534 1401 2540 ..
1419 2511 1644 2549 archiepiscopo
1663 2511 1890 2540 Tarraconensi.
1909 2509 1993 2540 Cum
2003 2508 2143 2539 dilectus
2155 2507 2245 2538 filius
2259 2524 2309 2537 —-.

1305 2564 1379 2594 Dat.
1399 2563 1565 2599 Laterani,
1582 2563 1646 2594 VII
1661 2562 1820 2594 kalendas
1837 2562 1963 2601 aprilis,
1982 2570 2068 2592 anno
2085 2561 2236 2600 septimo.
2255 2571 2268 2587 n

1378 2769 1397 2796 Ι
1407 2767 1497 2796 20⁰
1888 2766 2000 2798 Latran,
2017 2766 2051 2793 26
2067 2773 2143 2793 mars
2159 2764 2238 2792 1233.

1338 2830 1568 2865 Archiepiscopo
1590 2829 1792 2865 Salzburgensi
1812 2829 1926 2856 mandat
1944 2832 2086 2865 quatenus
2106 2827 2140 2854 ad
2163 2825 2308 2854 liberatio-

1304 2887 1368 2905 nem
1381 2879 1508 2914 episcopi
1519 2878 1790 2914 Babembergensis,
1802 2878 1836 2905 ab
1853 2877 1978 2905 Henrico
1994 2877 2028 2904 de
2044 2875 2229 2903 Finkenstein
2246 2882 2309 2909 pro-

1303 2927 1405 2954 ditorie
1428 2929 1518 2963 eapti,
1540 2927 1682 2962 intendat,
1706 2931 1734 2954 et
1757 2932 1859 2954 terram
1886 2924 2147 2961 Babembergensis
2168 2922 2307 2950 ecelesiae
