2498 3242
146 283 204 319 989
1001 282 1216 321 SEPTIEME
1239 283 1400 321 ANNEE.
2198 297 2256 328 990

145 354 243 393 portu
259 354 423 389 consistit,
442 364 507 385 non
524 355 631 386 solum
645 356 764 395 legatis
781 361 812 387 et
828 357 958 387 nuntiis
972 355 1161 395 Apostolice

147 402 259 442 Sedis,
284 416 400 438 verum
424 408 524 438 etiam
551 408 627 439 aliis
650 409 685 438 in
712 408 868 447 Angliam
896 409 1102 439 intrantibus
1131 412 1162 439 et

147 459 347 490 exeuntibus
371 460 411 490 al)
433 461 564 493 eadem,
591 485 610 490 ..
635 461 779 500 priorem
801 466 831 492 et
854 466 1053 492 conventum
1072 462 1162 500 ejus-

146 507 222 542 dem
246 513 444 543 monasterii
470 518 619 552 oporteat
649 514 745 553 quasi
769 514 895 554 jugiter
923 514 1161 553 hospitalitatis

147 561 304 596 exhibere
327 565 451 596 solacia
474 570 505 596 et
531 567 721 597 necessaria
744 567 952 602 ministrare,
979 576 1039 597 nec
1065 567 1106 596 ad
1128 567 1162 596 id

146 618 278 657 proprie
293 618 357 648 sibi
373 623 548 657 suppetant
567 618 754 654 facultates,
768 637 807 641 —
819 619 921 658 priori
939 624 969 649 et
983 619 1161 649 conventui

147 671 375 701 concessimus
394 671 596 710 supradictis
613 676 648 702 ut
664 671 839 702 ecclesiam
855 672 893 701 de
910 672 1159 710 Gutteston[ia],

146 724 182 754 in
205 732 271 763 qua
289 724 344 763 jus
363 728 558 763 patronatus
581 729 735 755 asserunt
759 734 793 755 se
816 724 956 760 habere,
978 725 1085 763 ipsius
1107 734 1161 755 ce-

146 778 244 808 dente
269 777 321 808 vel
346 778 521 808 recedente
546 782 684 813 rectore,
711 778 746 808 in
771 787 853 808 usus
877 778 1161 817 procurandorum

146 828 318 869 hospitum
340 835 533 862 convertere
552 831 701 867 valeant,
723 831 770 861 ita
791 836 900 862 tamen
918 831 1005 871 quod
1027 831 1067 861 ad
1087 840 1159 862 eam

144 886 342 922 perpetuum
357 884 519 914 vicarium
534 889 565 914 et
581 884 737 915 idoneum
754 885 1004 924 archiepiscopo
1017 886 1159 916 Cantua-

145 934 251 967 riensi
275 937 332 976 qui
355 946 412 975 pro
435 941 581 976 tempore
604 937 717 973 fuerit,
740 946 853 968 eorum
875 938 1063 973 diocesano,
1084 947 1160 976 pre-

145 992 296 1025 sentent3
325 990 381 1029 qui
409 990 443 1019 in
470 999 507 1020 ea
533 990 734 1020 constitutus
758 1000 817 1029 per
840 991 950 1029 ipsum
973 991 1098 1021 eisdem
1121 991 1160 1021 de

147 1041 398 1081 temporalibus,
413 1043 478 1081 ipsi
492 1052 570 1073 vero
586 1043 625 1073 de
641 1043 874 1081 spiritualibus
891 1043 1007 1074 debeat
1024 1052 1160 1082 respon-

145 1095 235 1126 dere.
256 1094 400 1134 Ideoque
417 1095 616 1126 mandamus
632 1100 809 1135 quatenus,
826 1096 1011 1134 predictum
1027 1106 1161 1127 monas-

146 1148 267 1178 terium
289 1146 452 1178 habentes
476 1157 534 1186 pro
553 1148 667 1178 divina
689 1153 719 1178 et
741 1153 853 1179 nostra
875 1149 1063 1179 reverentia
1085 1158 1160 1188 pro-

145 1201 285 1240 pensius
302 1201 582 1236 commendatum,
601 1200 685 1231 illud
700 1210 738 1231 ea
756 1201 929 1231 occasione
949 1202 1035 1240 quod
1052 1202 1160 1232 dictus

145 1254 248 1294 prior,
266 1254 301 1283 in
319 1252 480 1284 electione
497 1253 610 1284 dilecti
626 1254 687 1283 filii
707 1277 726 1283 ..
742 1254 839 1285 electi
853 1255 1108 1285 Cantuariensis
1125 1263 1160 1285 se

147 1310 372 1345 contemptum
401 1315 572 1342 asserens,
601 1307 799 1337 contradixit
827 1307 934 1337 eidem
965 1317 1023 1337 seu
1055 1308 1161 1345 gratie

146 1358 340 1400 hujusmodi
357 1359 423 1389 sibi
437 1359 477 1389 ab
491 1359 681 1398 Apostolica
695 1359 779 1390 Sede
793 1360 890 1395 facte,
905 1369 965 1390 nec
975 1360 1160 1391 molestetis

147 1423 208 1444 nec
231 1412 434 1452 permittatis
458 1412 498 1442 ab
524 1412 636 1451 aliquo
656 1412 844 1448 molestari,
868 1412 926 1443 sed
947 1413 994 1443 sic
1018 1413 1102 1443 illud
1124 1414 1160 1443 in

146 1466 321 1506 premissis
344 1466 455 1496 fovere
479 1474 516 1495 ac
536 1474 733 1496 conservare
756 1465 895 1501 curetis,
921 1466 1008 1505 quod
1029 1466 1160 1505 placere

145 1519 240 1550 vobis
255 1528 319 1558 que
336 1518 432 1549 nohis
447 1522 525 1549 sunt
538 1518 671 1557 placita,
687 1518 884 1555 sentiamus,
903 1523 933 1549 et
950 1519 1159 1549 devotionern

143 1575 291 1602 vestram
316 1571 485 1610 possimus
514 1571 633 1602 exinde
662 1571 782 1601 merito
811 1572 1056 1602 commendare.
1083 1573 1157 1602 Dat.

143 1624 319 1659 Laterani,
343 1625 373 1654 V
396 1623 471 1654 idus
500 1623 682 1659 februarii,
706 1624 920 1663 pontificatus
940 1624 1046 1655 nostri
1071 1634 1158 1655 anno

141 1677 295 1716 septimo.
318 1689 331 1704 ))

178 1821 282 1845 ¹808.
299 1832 332 1836 ——
349 1817 380 1843 In
399 1816 522 1844 eundem
539 1817 655 1843 modum
679 1817 821 1851 scriptum
839 1822 884 1843 est
905 1837 924 1843 ..
944 1819 1037 1850 priori
1054 1821 1078 1844 et
1093 1826 1159 1845 con-

142 1868 237 1892 ventui
251 1867 369 1900 ejusdem
387 1867 559 1896 monasterii.
575 1866 602 1892 in
621 1866 737 1892 modum
753 1866 964 1898 concessionis,
983 1875 1094 1901 usque:
1109 1867 1159 1894 de-

142 1914 208 1941 beat
223 1913 400 1949 respondere
412 1917 433 1940 ¹.

219 2136 237 2163 1
246 2133 336 2163 809

184 2203 299 2230 Decano
316 2203 532 2230 Saresberiensi
548 2207 576 2229 et
588 2203 792 2229 archidiacono
811 2202 991 2230 Berkesiriae
1009 2204 1053 2237 (=
1070 2204 1160 2231 Berk-

145 2253 247 2284 sliire),
266 2251 501 2278 Saresbcriensis
517 2251 680 2283 dioecesis,
697 2252 813 2278 mandat
828 2257 972 2286 quatenus
989 2253 1159 2287 magistrum

146 2300 331 2334 J[011annem]
352 2301 387 2326 (le
403 2300 509 2327 Sancto
523 2300 645 2331 Albano,
662 2301 719 2332 cui,
737 2301 906 2327 decanatum
921 2302 1017 2328 Sancti
1030 2301 1161 2333 Quintini

145 2355 306 2384 spontanee
323 2349 493 2381 resignanti,
511 2349 574 2383 ipse
592 2358 662 2383 papa
681 2349 888 2376 thesaurariam
906 2349 1159 2377 saresberiensem

698 2134 814 2167 Latran,
836 2135 864 2162 17
879 2136 994 2170 janvier
1011 2135 1087 2163 1234.

146 2402 312 2429 vacantem,
335 2406 400 2423 cum
425 2397 586 2432 praebenda
609 2397 703 2424 eidem
726 2406 853 2426 annexa.
876 2399 1052 2431 contulerat,
1075 2408 1161 2434 quam

143 2447 257 2473 electus
274 2446 493 2473 cantuariensis
509 2446 684 2477 obtinuerat,
704 2447 730 2472 in
748 2447 924 2481 corporalem
944 2448 1160 2481 possessionem

143 2495 356 2529 praedictarum
371 2495 569 2521 thesaurariae
581 2499 609 2520 et
622 2495 804 2529 praebendae
815 2495 960 2522 inducant.
974 2511 1006 2514 —
1021 2495 1102 2528 (ltto.
1117 2497 1159 2528 ⁴17,

143 2543 162 2570 1⁸.
183 2543 231 2570 140
249 2550 294 2574 νος
314 2552 369 2569 ann
404 2542 470 2574 Vll,
489 2551 514 2570 c.
535 2543 607 2575 530.)

186 2677 198 2691 «
213 2688 232 2693 ..
247 2665 359 2694 decano
371 2665 594 2694 Saresberiensi
609 2670 634 2694 e!
650 2688 669 2694 ..
682 2665 902 2695 archidiacono
916 2666 1092 2699 Berkesirie,
1106 2667 1160 2696 Sa-

143 2719 338 2747 resberirnsis
363 2718 498 2747 diocesis.
529 2717 646 2756 Ampla
674 2718 770 2748 Sedis
793 2718 980 2756 Apostolice
1008 2737 1055 2748 —.
1084 2719 1158 2749 Dat.

144 2770 313 2805 Laterani,
331 2770 408 2800 xvi
426 2770 586 2801 kalendas
603 2770 778 2803 februarii,
797 2779 884 2801 anno
902 2771 1053 2809 septimo.
1075 2783 1088 2798 ³>

178 2919 199 2942 1.
218 2918 269 2943 Cet
285 2919 316 2942 in
331 2919 454 2942 eundem
472 2919 589 2942 modum
611 2925 640 2942 sc
656 2921 770 2947 trouve,
787 2918 856 2942 dans
870 2919 894 2943 lc
914 2920 1052 2949 Reyistre,
1069 2919 1160 2950 ajout&

145 2969 179 2987 en
197 2968 298 2993 margo.

1319 358 1436 386 1810

1281 418 1409 446 Roberto
1428 421 1560 454 Anketil,
1583 422 1721 450 canonico
1746 422 1877 456 Dolensi,
1901 425 2030 459 indulget
2052 430 2082 452 ut
2102 427 2256 454 ecclesiam

1245 466 1342 494 Sancti
1359 468 1477 504 Georgii
1493 470 1529 496 de
1543 469 1704 504 Collerilla,
1721 471 1954 500 Constantiensis
1971 474 2130 507 dioecesis,
2147 476 2256 504 haben-

1245 518 1301 542 tem
1318 524 1415 544 curam
1432 519 1592 546 animarum
1608 528 1761 552 annexam,
1777 529 1862 555 quam
1877 523 2016 549 canonice
2028 524 2185 557 obtinebat,
2200 533 2255 551 una

1244 571 1309 589 cum
1328 565 1490 598 praebenda
1507 566 1638 600 Dolensi,
1655 576 1819 603 quanquam
1836 569 1861 595 ei
1880 570 1997 597 minime
2014 571 2051 597 sit
2067 581 2188 605 annexa,
2205 581 2257 599 va-

1245 612 1300 638 leat
1317 614 1452 640 retinere.
1469 629 1503 635 —
1519 615 1603 648 (Rea.
1623 617 1663 649 17,
1681 617 1700 644 f.
1720 617 1769 644 149
1788 624 1830 646 vo:
1848 627 1915 646 ann.
1935 618 2039 648 V11.e.
2057 621 2129 654 551.)

1799 361 1911 394 Lati-an,
1931 362 1962 389 19
1974 361 2085 397 janvier
2105 363 2181 391 1234.

1287 725 1299 739 «
1325 715 1446 744 lieberto
1466 716 1602 752 ΑηΙῑειίι,
1631 720 1779 748 canonico
1802 720 1932 749 Dolensi.
1957 720 2039 751 Cum
2063 722 2111 751 sic
2133 722 2255 753 dicaris

1243 784 1292 795 —.
1310 767 1384 797 Dat.
1402 768 1569 804 Laterani,
1588 769 1689 800 XIIII
1705 770 1864 802 kalendas
1880 773 2059 803 februarii.
2077 783 2164 804 anno
2181 783 2256 813 sep-

1244 819 1334 850 timo.
1355 832 1368 847 »

1317 999 1430 1028 1811

1279 1061 1386 1088 Abbati
1415 1066 1444 1090 et
1472 1065 1628 1091 conventui
1652 1064 1864 1094 Casinensibus
1886 1067 2017 1103 indulget
2043 1073 2073 1096 ut
2102 1071 2256 1098 ecclesiam

1244 1109 1367 1137 Sanctae
1382 1111 1489 1139 Mariae
1505 1112 1540 1139 de
1561 1112 1714 1149 Cengulis,
1732 1115 1766 1142 ad
1787 1116 1917 1151 ipsorum
1941 1119 2147 1145 monasterium
2166 1120 2256 1154 perti-

1245 1162 1372 1191 nentem,
1389 1161 1424 1186 ab
1441 1161 1560 1196 antiquo
1574 1162 1609 1189 ad
1627 1171 1711 1190 usum
1729 1165 1936 1192 monachorum
1953 1175 2002 1200 pro
2017 1167 2148 1194 vestibus
2163 1168 2256 1203 depu-

1244 1211 1348 1240 tatam,
1366 1217 1400 1235 eo
1424 1218 1479 1236 non
1506 1210 1639 1238 obstante
1655 1212 1731 1246 quod
1749 1213 1894 1247 quondam
1912 1213 1948 1242 R.
1971 1215 2140 1248 Senebaldi,
2163 1217 2256 1252 ipsius

1244 1265 1334 1292 papae
1350 1257 1528 1285 subdiacono
1545 1263 1573 1286 et
1588 1260 1745 1293 capellano,
1762 1266 1789 1288 et
1806 1261 1852 1295 13.,
1873 1263 1965 1298 ipsius
1983 1272 2071 1298 papae
2086 1266 2254 1298 camerario,

1244 1305 1310 1332 olim
1327 1314 1469 1333 concessa
1484 1307 1590 1340 fuerat,
1607 1309 1641 1335 ad
1657 1310 1792 1337 eumdem
1811 1319 1911 1344 usum,
1929 1313 2006 1339 salva
2023 1317 2116 1340 tamen
2135 1314 2257 1342 honesta

1243 1354 1457 1381 sustentatione
1489 1357 1696 1384 monachorum
1724 1360 1808 1393 juxta
1838 1361 2078 1388 consuetudinem
2109 1363 2255 1398 antiquam

1243 1401 1369 1429 Domino
1385 1403 1582 1431 famulantium
1599 1406 1627 1432 in
1644 1406 1759 1439 eadem,
1780 1407 1904 1434 retinere
1927 1410 2052 1443 possint,
2071 1411 2204 1438 inhibens
2221 1420 2257 1439 ne

1244 1451 1306 1485 ipsa
1328 1452 1452 1478 ecclesia
1476 1454 1519 1479 vel
1547 1458 1706 1488 proventus
1730 1456 1823 1489 ipsius
1848 1456 1876 1483 in
1902 1466 1974 1484 usus
1998 1459 2068 1485 alios
2091 1459 2126 1485 de
2157 1464 2254 1487 cetero

1242 1504 1458 1527 convertantur.
1476 1515 1511 1521 —
1526 1501 1610 1535 (Rae.
1630 1503 1671 1535 17,
1689 1504 1707 1530 f.
1728 1504 1776 1531 149
1794 1512 1836 1536 v⁰3
1855 1514 1920 1532 ann.
1944 1506 2007 1538 vlt,
2025 1515 2050 1534 c.
2067 1508 2140 1540 552.)

1802 1004 1915 1037 Lati-an,
1933 1006 1966 1033 ‘25
1983 1007 2088 1034 sevrier
2107 1008 2184 1036 1234.

1285 1613 1298 1628 «
1316 1624 1337 1630 ..
1356 1602 1458 1631 abbati
1473 1608 1499 1632 et
1515 1606 1681 1633 conventui
1698 1605 1923 1636 Casinensibus.
1942 1608 2099 1639 Annuere
2115 1618 2257 1640 consue-

1242 1654 1289 1684 vit
1303 1658 1364 1685 etc.
1379 1672 1428 1684 —.
1446 1656 1520 1685 Dat.
1539 1657 1706 1693 Laterani,
1720 1659 1748 1688 V
1764 1658 1924 1690 kalendas
1940 1662 2064 1697 martii,
2081 1670 2167 1692 anno
2181 1671 2256 1701 sep-

1242 1707 1334 1738 timo.
1352 1720 1365 1734 »

1318 1887 1438 1916 {8¹92

1279 1948 1323 1981 Z.‚
1343 1949 1522 1976 subdiacono
1538 1958 1607 1983 suo,
1625 1954 1791 1987 praeposito
1807 1958 1836 1981 et
1851 1955 1976 1989 capitulo
1993 1955 2142 1984 Pratensis
2160 1959 2256 1986 eccle-

1243 1998 1303 2024 siae
1329 2003 1427 2024 notum
1449 1999 1516 2026 facit
1540 2009 1573 2027 se
1592 2002 1763 2029 confirmare
1783 2002 1940 2030 Coelestini
1966 2006 2041 2032 tertii
2067 2015 2156 2042 papae
2180 2008 2256 2035 litte-

1244 2054 1289 2073 ras
1302 2048 1321 2078 1,
1339 2046 1482 2080 Laterani,
1501 2048 1569 2076 VIII
1585 2049 1650 2076 idus
1665 2052 1852 2085 septembris,
1869 2062 1944 2080 anno
1959 2055 2084 2089 septimo
2099 2058 2142 2089 (=
2156 2056 2172 2083 6
2189 2065 2256 2092 sep-

1243 2095 1355 2122 tembre
1384 2097 1475 2129 1197),
1498 2097 1594 2129 datas,
1621 2099 1820 2127 confirmantis
1841 2102 1992 2136 quamdam
2017 2104 2254 2133 constitutionem

1243 2143 1401 2178 praepositi
1426 2149 1454 2171 et
1478 2146 1684 2174 canonicorum
1709 2149 1851 2175 ecclesiae
1877 2149 2040 2180 Pratensis,
2067 2153 2201 2180 videlicet
2226 2158 2257 2181 ut

1244 2192 1341 2218 nullus
1361 2193 1486 2220 clericus
1509 2202 1524 2220 a
1548 2194 1679 2222 Pratensi
1703 2197 1827 2224 ecclesia
1851 2198 2023 2226 beneficium
2048 2202 2187 2236 percipiat
2211 2204 2255 2230 vel

1244 2240 1447 2274 praebendam,
1465 2243 1596 2278 exceptis
1611 2244 1666 2270 illis
1679 2246 1728 2279 qui
1745 2246 1779 2272 ad
1795 2246 1888 2281 ipsius
1899 2248 2074 2276 cotidianum
2088 2250 2194 2277 fuerint
2205 2251 2256 2277 ob-

1243 2289 1377 2323 sequium
1395 2290 1539 2325 deputatu
1557 2292 1667 2319 inserto
1684 2294 1739 2321 sub
1756 2303 1807 2321 sua
1826 2295 1902 2322 bulla
1920 2298 2129 2332 praedictarum
2148 2300 2257 2327 littera-

1244 2345 1306 2363 rum
1323 2342 1434 2365 tenore.
1452 2354 1484 2359 —
1501 2339 1585 2371 (Rm.
1606 2342 1646 2374 17,
1663 2342 1683 2368 f.
1703 2343 1750 2370 149
1766 2350 1813 2375 v⁰;
1828 2352 1896 2371 ann.
1915 2344 1980 2378 vn,
1998 2355 2022 2373 c.
2041 2347 2113 2381 553.)

1798 1891 1915 1925 Latran,
1935 1894 1965 1920 17
1981 1894 2087 1922 fevi-ier
2105 1895 2182 1923 ¹234.

1287 2451 1299 2465 «
1320 2441 1351 2474 Z,
1373 2441 1558 2472 subdiacono
1581 2449 1692 2474 nostro.
1717 2447 1869 2483 preposito
1891 2452 1917 2476 ct
1942 2449 2077 2485 capitulo
2102 2450 2257 2479 Pralensi's

1243 2493 1372 2522 ecclesie.
1398 2495 1592 2525 Pistoriensis
1617 2497 1752 2527 diocesis.
1778 2499 1885 2529 Justis
1910 2501 2094 2538 petentium
2119 2507 2180 2533 etc.
2205 2521 2254 2532 —.

1243 2545 1317 2574 Dat.
1336 2546 1503 2582 Laterani,
1520 2548 1604 2579 XIII
1620 2549 1779 2580 kalendas
1793 2552 1916 2588 martii,
1931 2562 2018 2583 anno
2034 2555 2184 2593 septimo.
2200 2568 2213 2581 υ

1319 2724 1436 2754 1813

1279 2785 1386 2813 Abbati
1402 2791 1431 2814 et
1451 2788 1606 2815 conventui
1631 2791 1798 2817 monasterii
1820 2790 1988 2819 Casinensis
2004 2793 2148 2828 significat
2163 2803 2196 2822 se
2212 2796 2257 2822 in-

1803 2728 1920 2758 Lau-an.
1941 2731 1970 2757 15
1988 2731 2090 2758 sevi-ier
2107 2733 2184 2760 ¹234.

1278 2919 1297 2944 1.
1321 2920 1363 2945 On
1382 2924 1513 2947 trouvera
1534 2923 1558 2947 le
1579 2927 1653 2949 toxto
1677 2925 1710 2949 do
1726 2929 1797 2950 cette
1815 2927 1887 2951 bulte
1907 2927 2032 2958 imprimi:
2049 2929 2117 2954 dans
2132 2930 2156 2954 la
2172 2937 2256 2956 revue

1244 2965 1278 2988 Le
1294 2966 1393 2995 Μομεη
1408 2967 1467 2996 aye,
1484 2967 1574 2992 anuee
1592 2968 1658 2998 1893,
1677 2977 1701 2999 p.
1719 2970 1770 2993 lGl.
