2498 3242
212 215 247 242 Τί

213 296 388 325 amaricato
411 294 498 333 quod
522 293 639 332 sapiat,
664 292 704 322 ab
729 294 921 331 exasperato
948 292 1035 330 quod
1059 292 1211 326 mulceat,

212 349 288 387 quia
301 347 562 377 exterminantur
572 346 604 375 in
619 346 768 383 [amaris]
781 344 1000 382 verbisjmella
1013 344 1210 377 dulcedinis,

213 401 268 430 ubi
285 403 386 430 totum
403 402 516 439 pectus
532 400 667 438 occupat
683 398 734 427 vis
749 398 884 428 doloris.
904 397 1108 436 Principium
1126 397 1211 435 prin-

210 454 293 493 cipis
312 453 426 491 inclyti
448 453 612 491 quondam
635 453 721 490 regis
742 451 910 481 Ludowici
932 451 1017 480 clare
1041 449 1209 485 memorie,

213 507 377 545 negotium
398 506 487 544 pacis
504 507 533 535 et
554 505 629 534 tidei
647 504 786 534 fideliter
808 503 1044 542 promoventi-*3
1063 502 1209 532 l-Icclesie

211 560 306 589 matri
323 567 381 588 sue
403 558 509 588 attulit
529 558 631 587 risum
648 559 676 587 et
696 557 869 595 gamiium:
893 556 950 586 sed
967 555 1075 586 emule
1095 555 1209 584 mortis

209 612 274 642 sato
292 611 480 641 miserando
503 611 698 640 subtractus,
721 609 823 639 risum
842 609 875 638 in
893 609 1015 638 luctum
1037 607 1207 641 convertit,

208 664 364 703 gaudium
382 663 415 694 in
434 663 625 692 lamentum,
649 664 817 699 totumque.
835 661 1003 699 negotium
1027 660 1113 698 quod
1138 659 1206 689 scli-

207 717 312 749 cibus,
328 717 396 747 Deo
412 718 554 745 auctore.
569 714 823 753 promovebatur
838 713 1006 752 auspiciis,
1021 712 1135 742 mortis
1149 719 1207 741 sue

207 769 315 809 gladio
332 769 474 808 graviter
491 768 692 797 vulneravit:
711 767 780 800 sed,
803 766 1008 796 successione
1028 765 1130 804 prolis
1153 764 1207 793 oh·
1234 804 1235 810 ἵ

206 823 313 855 ducta,
332 822 479 851 vulneris
495 821 644 851 cicatrice
661 820 754 858 quasi
775 819 925 857 reviguit,
946 821 976 848 et
994 827 1085 856 spem
1105 817 1205 848 saturi

905 209 1151 239 lii-:Gls'l‘ltlfls
1174 209 1234 238 DE
1257 201 1487 240 GREGOIRE
1511 211 1569 241 lx.

2233 212 2273 240 72

1244 314 1246 325 ,.
1271 292 1413 323 termino
1431 293 1529 324 suerit
1547 303 1605 325 sue
1623 295 1796 334 legationis
1817 304 1982 335 egressus,
2002 296 2067 336 ipsi
2086 295 2117 326 id
2135 296 2276 327 auctori-

1240 342 1243 421 t*
1270 346 1334 375 tate
1363 346 1544 384 apostolica
1570 349 1781 386 exequentes,
1808 349 2047 379 ordinationem
2070 350 2181 379 contra
2213 357 2274 379 vos

1270 397 1411 427 Senonis
1427 398 1561 433 editam,
1583 408 1620 430 ac
1636 400 1731 430 vobis
1751 401 1960 440 postmodum
1974 402 2081 441 ipsius
2099 401 2196 439 legati
2217 401 2268 432 lit-

1237 439 1241 522 (
1268 450 1346 480 teris
1362 451 1556 486 intimatam,
1568 453 1762 483 denuntient
1777 454 1909 492 penitus
1926 455 2059 484 irratam
2075 456 2106 484 et
2122 454 2267 490 inanem,

1267 503 1297 532 et.
1319 512 1473 542 expresse
1495 504 1667 536 inhibeant
1689 514 1728 536 ne
1749 507 1823 544 quis
1846 515 1884 537 ea
1907 507 2077 538 occasione
2100 508 2268 546 presumat

1265 556 1485 586 ecclesiastica
1508 557 1594 587 bona
1608 558 1764 589 invadere
1791 559 1843 589 vel
1858 559 2002 596 turbare,
2026 560 2191 599 quoslihet
2210 560 2267 599 qui

1264 617 1360 638 secus
1374 610 1565 648 attemptare
1580 611 1853 650 presumpserint,
1866 620 1885 642 a
1896 612 2142 651 presumptione
2154 613 2266 652 hujus-

1264 662 1354 692 modi
1382 664 1628 701 compescentes
1646 681 1694 694 —.
1717 664 1872 694 Firmiter
1898 665 2039 703 denique
2065 665 2211 703 gerimus
2233 666 2269 696 in

1235 734 1236 757 1
1264 715 1432 753 proposito
1449 715 1554 746 facere
1577 716 1688 747 omnia
1714 725 1776 755 que
1805 725 1864 756 pro
1893 717 2141 748 conservatione
2169 718 2271 749 vestri

1264 767 1399 797 honoris
1409 776 1446 798 ac
1458 769 1574 803 status,
1590 769 1772 800 secundum
1783 769 1891 800 Deum
1906 771 1938 800 et
1952 770 2170 805 honestatem,
2185 770 2271 801 vide-

1264 820 1368 850 rimus
1384 820 1543 851 facienda.
1569 833 1583 849 »ι

206 875 331 906 fructus
342 874 505 912 preteritis
517 873 685 903 laboribus
700 873 831 910 penitus
845 880 908 902 non
922 871 1054 901 ademit.
1068 871 1205 904 Verum,
1234 878 1235 887 ¹

207 928 293 967 quod
303 928 451 957 dolentes
465 926 650 958 1·‹‘·f‹‘=rimus‚
666 925 845 954 verendum
858 926 905 954 est
920 933 958 954 ne
973 932 1094 953 novum
1108 923 1207 953 insor-

205 982 333 1012 tunium
357 981 485 1016 nogotio
502 980 590 1017 pacis
612 981 639 1008 ct
660 978 734 1007 lidei
754 978 800 1007 sic
822 978 1021 1007 infortunate
1040 976 1205 1011 succedat,

204 1037 238 1064 ut
257 1034 432 1063 scintillam
455 1033 536 1071 spei.
557 1040 619 1070 (1110
643 1032 675 1060 111
694 1031 773 1060 cleri
796 1030 971 1060 devotione
992 1029 1204 1063 remanserat,

204 1087 299 1116 ssatus
314 1088 424 1116 exortu
440 1084 654 1122 malignitatis
668 1084 848 1121 extinguat.
865 1083 928 1113 Sed
942 1082 1026 1112 absit
1041 1081 1128 1120 quod
1145 1081 1205 1111 hoc

204 1139 368 1177 negotium
392 1138 490 1167 unius
513 1137 608 1175 culpa
631 1136 780 1174 perimat,
800 1144 857 1174 pro
879 1144 942 1173 (1110
964 1135 1010 1164 tot
1032 1134 1205 1164 martirum

203 1192 337 1229 sangnis
355 1190 417 1220 sub
436 1190 535 1219 altare
555 1189 615 1218 ltei
638 1197 715 1218 voce
735 1188 901 1218 indefessa
921 1187 1056 1219 clamat;
1076 1195 1203 1225 preser-

200 1245 257 1274 tim
272 1253 344 1273 cum
360 1244 468 1282 potius
483 1251 540 1280 pro
554 1242 776 1272 ecclesiastica
791 1241 940 1271 libertate
957 1240 1090 1275 tuenda,
1104 1247 1204 1278 quam

202 1306 258 1335 pro
284 1296 404 1333 negotii
430 1295 647 1324 subventione
673 1294 818 1328 vitanda,
848 1293 1010 1323 duxeritis
1036 1293 1203 1331 appellan—

201 1349 572 1387 dumRecognoscimus
589 1347 751 1386 siquidem
762 1348 793 1376 et
805 1346 946 1376 fatemur
957 1346 1044 1384 quod
1058 1345 1205 1375 Ecclesia

203 1401 375 1432 Gallicana
404 1403 473 1439 post
503 1400 727 1439 Apostolicam
757 1399 876 1429 Sedem
907 1399 1072 1437 quoddam
1103 1398 1204 1428 totius

203 1453 461 1484 Christianitatis
469 1452 695 1491 cstspeculum
706 1453 734 1481 et
747 1452 919 1481 immotum
933 1451 1008 1480 fidei
1018 1451 1204 1480 firmamen—

201 1509 281 1537 tum.
301 1508 409 1545 utpote
426 1514 488 1544 quc
506 1506 536 1535 111
554 1506 680 1535 fervore
696 1505 771 1534 tidei
787 1504 964 1534 christiane
980 1512 1016 1533 ac
1030 1503 1203 1533 devotione

202 1560 389 1598 Apostoli-‘e
406 1558 500 1589 Sedis
515 1567 577 1587 non
596 1558 745 1596 sequitur
760 1557 853 1591 alias,
868 1557 936 1590 sed,
954 1558 986 1586 ut
999 1564 1073 1585 cum
1089 1564 1202 1586 earum

202 1622 278 1651 pace
306 1605 499 1645 dixerimus,
530 1610 704 1644 a1uecedit3
736 1610 830 1648 cujus
857 1609 1065 1639 devotionem
1093 1608 1203 1638 verbis

201 1665 357 1695 ext‹.›ll·;=re
377 1664 578 1701 superfluum
603 1665 804 1701 reputamus,
829 1670 902 1691 eum
922 1662 964 1691 sit
985 1661 1083 1691 claris
1101 1661 1203 1699 operi-

203 1717 265 1747 bus
283 1718 468 1747 liranis-esta.
491 1716 668 1745 Intellectis
690 1715 788 1753 igitur
806 1714 1054 1753 gravaminibus
1075 1713 1169 1743 vobis
1186 1722 1204 1743 a

202 1770 319 1800 dilecto
340 1769 407 1799 tilio
426 1770 536 1798 nos-tro
553 1769 591 1797 1¹..
612 1768 721 1797 Sancti
741 1767 858 1805 Angeli
876 1767 1014 1796 diacono
1031 1765 1203 1799 cardinali,

203 1822 391 1861 Apostolice
421 1822 515 1852 Sedis·
546 1821 661 1854 legato,
689 1829 746 1858 per
771 1819 1011 1849 ordinationem
1038 1818 1204 1857 quandam

203 1875 344 1905 Senonis
367 1874 485 1903 editam
507 1873 668 1909 irrogatis.
693 1873 767 1902 tacti
787 1872 898 1901 dolore
921 1871 1030 1901 cordis
1054 1871 1205 1900 intrinse-
1234 1907 1235 1918 ἵ

202 1935 271 1961 cus,
296 1929 325 1957 et
350 1927 441 1964 gravi
465 1926 681 1955 admiratione
704 1925 869 1958 commoti,
893 1924 1034 1954 eundem
1062 1923 1204 1961 legatum

202 1980 385 2010 litterarum
410 1979 583 2017 :1s1·›⁶;·1·itate
612 1979 810 2008 nostrarum,
837 1978 871 2007 ut
893 1976 1012 2011 decuit,
1037 1976 1202 2014 redargui-

201 2041 287 2067 mus,
315 2035 343 2062 et
374 2032 404 2061 ei
433 2032 588 2061 ommino
620 2031 782 2064 dedimus,
802 2031 835 2059 in
867 2030 986 2059 virtute
1003 2029 1201 2061 obedientie,
1235 2060 1236 2063 Ἰ

203 2086 340 2115 firmiter
371 2086 403 2114 in
439 2084 599 2122 preceptis
633 2085 667 2113 ut
698 2083 939 2113 ordinationem
978 2083 1095 2120 ipsam,
1133 2082 1204 2111 sive

201 2146 407 2176 quocumque
427 2137 491 2165 alio
511 2136 644 2165 nomine
665 2136 785 2165 sactum
806 2134 998 2173 hujusmodi
1019 2135 1202 2167 censeatur,

200 2191 335 2221 omuino
348 2190 477 2219 revocet
492 2189 562 2218 sine
577 2196 679 2225 mora,
694 2188 737 2217 ita
751 2188 838 2225 quod
855 2187 1018 2217 revocatio
1035 2186 1105 2225 ipsa
1118 2186 1203 2215 ultra

199 2245 265 2272 tres
281 2242 350 2271 dies·
367 2244 439 2280 post
459 2241 677 2278 receptionem
695 2240 879 2270 litterarum
895 2240 1081 2269 nostrarum
1100 2238 1203 2268 nulla-

197 2298 292 2325 tenus
305 2294 484 2329 differatur,
500 2295 528 2322 et
543 2301 695 2330 expresse
711 2292 853 2322 inhibeat
865 2300 904 2321 ne
918 2292 992 2329 quis
1008 2292 1121 2320 contra
1131 2299 1200 2325 vos,

200 2356 256 2378 seu
284 2347 366 2376 alias·
389 2354 546 2384 personas·
574 2345 826 2379 ecclesiasticas,
850 2344 919 2374 sive
944 2343 1031 2373 bona
1057 2343 1202 2381 ipsarum

199 2400 321 2438 aliqua,
340 2398 510 2428 occasione
531 2397 687 2436 predicta,
709 2397 877 2435 presumat
899 2395 1090 2426 violentiam
1109 2403 1202 2425 excr-

199 2461 282 2485 eere‚
301 2460 337 2481 ac
354 2450 479 2481 restitui
497 2450 594 2480 saciat
609 2449 777 2483 universa,
795 2449 823 2478 si
841 2457 916 2486 qua,
936 2447 1106 2478 occasione
1119 2447 1202 2485 jam-

197 2505 294 2539 dicta,
318 2506 393 2534 sunt
414 2503 453 2533 de
475 2502 570 2532 bonis
592 2501 826 2532 ecclesiasticis
844 2502 1011 2539 occupata.
1036 2500 1198 2538 Denique,

197 2557 343 2587 volentes
358 2556 451 2586 vobis
464 2557 494 2585 et
509 2555 583 2585 aliis
600 2563 682 2593 quos
699 2554 757 2584 hoc
770 2553 938 2592 negotium
954 2553 1057 2591 tangit
1069 2552 1201 2591 plenius

197 2609 381 2648 providere,
407 2607 655 2638 venerabilibus
677 2606 833 2636 fratribus
856 2605 979 2636 nostris
997 2629 1017 2635 ..
1042 2605 1199 2635 Cenoma-

196 2662 291 2692 nensi
307 2663 338 2692 et
355 2685 376 2691 ..
393 2660 625 2691 Aurelianensi
639 2659 815 2698 episcopis,
834 2660 864 2689 et
879 2658 999 2688 dilecto
1017 2657 1088 2687 filio
1106 2680 1126 2688 ..
1144 2657 1198 2687 al)-

196 2714 263 2744 bati
283 2714 322 2744 de
339 2713 448 2752 Burgo
465 2713 571 2743 Medio
590 2712 740 2742 Blesensl
762 2720 820 2750 per
838 2711 960 2750 scripta
976 2711 1088 2740 nostra
1109 2718 1199 2739 man-

196 2766 351 2796 davimus
368 2767 413 2800 ut,
433 2765 461 2795 si
483 2765 662 2795 cardinalis
683 2764 752 2803 ipse
772 2764 932 2798 nostrum,
959 2762 1046 2801 quod
1065 2762 1198 2792 omnino

196 2826 262 2849 non
281 2818 458 2852 credimuS,
482 2816 660 2855 neglexerit
676 2816 728 2846 vel
749 2815 915 2846 distulerit
928 2814 1109 2852 adimplere
1125 2823 1196 2853 pre-

194 2873 335 2910 ceptum,
357 2871 412 2900 aut
434 2869 518 2900 forte
539 2869 579 2899 ad
601 2869 803 2908 presentiam
824 2868 972 2898 nostram
992 2866 1193 2906 regrediens,

1332 966 1402 997 134
2011 966 2089 1002 [Juin
2107 966 2196 1003 1222]

1298 1049 1327 1076 P.
1345 1048 1467 1075 decanus
1476 1051 1503 1075 et
1519 1049 1675 1083 capitulum
1692 1049 1827 1076 ecclesiae
1837 1049 2000 1076 Parisiensis
2009 1053 2221 1085 conqueruntur
2232 1052 2266 1078 de

1263 1098 1294 1124 R.
1317 1098 1412 1124 Sancti
1438 1098 1537 1132 Angeli
1556 1097 1707 1129 cardinali,
1727 1097 1882 1132 apostolico
1902 1098 2004 1133 legato,
2031 1099 2079 1133 qui
2107 1100 2266 1134 Remensis,

1231 1168 1232 1171 ,
1262 1147 1444 1179 Senonensis,
1464 1146 1635 1173 'l‘urouensis
1653 1148 1680 1172 ct
1700 1146 1937 1181 Rothomagensis
1959 1147 2170 1182 provinciarum
2190 1148 2266 1183 capi-

1262 1195 1327 1222 tulis
1340 1195 1483 1222 decimam
1497 1195 1654 1221 indebitam
1671 1195 1858 1229 imposuerat,
1869 1198 1895 1222 ct
1907 1195 1979 1222 alias
1996 1199 2163 1230 gravaverat
2175 1196 2268 1224 Eccle-

1261 1244 1335 1270 siam
1349 1243 1756 1277 Gallicanam.—(R1·:G.i-'k,f.
1767 1244 1851 1276 24r03
1862 1252 1928 1271 ann.
1949 1244 2126 1277 l,c.134;—
2145 1245 2265 1273 Monmu

1232 1282 1233 1287 ¹
1264 1293 1340 1324 1¹84,
1352 1292 1370 1318 f.
1381 1294 1425 1324 57,
1442 1300 1475 1318 ex
1492 1292 1552 1318 cod.
1570 1292 1632 1318 Vat.
1649 1293 1728 1324 7024,
1745 1292 1764 1318 s.
1786 1293 2096 1326 1093—z'bid.118·'1,s.
2117 1295 2214 1327 86;-
2229 1293 2267 1320 cs.

1264 1340 1418 1371 Bsnoxius,
1428 1339 1549 1365 Annales
1560 1340 1577 1365 t.
1588 1338 1844 1373 xx,(mmm1,t.
1854 1339 1874 1374 1)
1885 1339 1930 1366 ed.
1940 1339 2270 1376 Tl1einer(1870)p.542.)

1302 1457 1316 1472 «
1340 1445 1453 1474 Lz'llere
1485 1445 1688 1485 capitulorum
1711 1446 1798 1484 reyni
1822 1445 1962 1475 Francie.
1993 1447 2208 1478 Sanctissimo
2235 1448 2269 1477 in

1262 1498 1392 1528 Christo
1410 1497 1493 1536 patri
1511 1507 1545 1527 ac
1563 1497 1697 1528 domino
1713 1498 1909 1537 G[regorio]‚
1927 1499 2140 1529 miseratione
2156 1499 2270 1530 divina

1262 1559 1392 1580 summo
1413 1552 1443 1581 et
1467 1550 1650 1580 universali
1672 1551 1819 1589 pontifici
1842 1551 1952 1582 devoti
1979 1553 2009 1581 et
2032 1551 2176 1582 humiles
2198 1552 2268 1591 ejus

1262 1603 1379 1633 famuli
1396 1604 1434 1633 P.
1453 1603 1597 1633 decanus
1619 1604 1786 1642 totumque
1807 1604 1988 1642 capitulum
2011 1605 2146 1635 ecclesie
2172 1605 2266 1635 Pari-

1262 1656 1395 1690 siensis,
1408 1656 1633 1695 subiectionis,
1646 1656 1831 1686 devotionis
1842 1657 1872 1686 et
1885 1657 1984 1687 totius
2000 1657 2183 1688 obedientIe
2196 1657 2264 1695 ple-

1264 1709 1459 1739 nitudinem.

1305 1775 1319 1788 ι(
1352 1763 1386 1792 Si
1409 1762 1531 1801 populo
1543 1771 1603 1791 suo
1618 1763 1820 1792 reservasset
1830 1762 1994 1792 Dominus
2011 1763 2149 1793 alterum
2175 1763 2266 1793 Jere-

1261 1815 1363 1845 miam
1386 1815 1626 1845 sanctificatum
1644 1815 1684 1844 al)
1708 1816 1812 1850 utero,
1831 1815 1899 1853 qui,
1924 1815 2008 1846 sicut
2028 1815 2081 1845 ille
2098 1815 2268 1854 planxisse

1263 1868 1393 1906 legitur,
1422 1868 1519 1898 sciret
1544 1868 1698 1906 plangere
1725 1867 1948 1906 captivitatem
1972 1868 2086 1907 populi
2112 1868 2176 1903 sui,
2204 1877 2269 1899 non

1264 1921 1622 1959 tantumquadruplici,
1642 1920 1896 1960 sesIJmultiplici,
1918 1921 1945 1951 si
1960 1922 2083 1960 posset,
2101 1921 2269 1960 plangeret

1263 1974 1416 2009 alfabeto,
1431 1974 1462 2004 et
1476 1974 1592 2003 merito
1602 1974 1697 2013 juxta
1710 1973 1888 2004 novitatem
1902 1974 2028 2013 flagitii,
2041 1982 2164 2004 novum
2175 1982 2268 2005 exco-

1263 2027 1379 2065 gitaret
1400 2035 1504 2065 genus
1527 2027 1674 2057 lamenti.
1701 2027 1760 2056 Ille
1786 2027 1914 2065 planxit
1942 2027 2265 2065 transmigrationem

1235 2072 1236 2085 ³
1263 2080 1376 2118 populi
1394 2079 1444 2109 sui
1465 2079 1506 2110 ab
1526 2079 1675 2109 hostibus
1693 2079 1821 2115 factam,
1844 2079 1969 2110 meritis
1988 2081 2196 2118 peccatorum
2217 2079 2265 2110 in-

1234 2144 1235 2147 *
1263 2131 1398 2161 tlictam:
1420 2132 1480 2161 iste
1494 2132 1662 2170 plangeret
1680 2131 1898 2162 calamitatem
1918 2140 1982 2162 non
2001 2132 2121 2162 veteris
2139 2132 2265 2171 populi,

1263 2184 1320 2214 sed
1338 2184 1447 2214 inclite
1462 2184 1562 2222 Syon,
1578 2184 1616 2213 de
1635 2192 1699 2222 qua
1715 2184 1838 2214 dictum
1854 2185 1917 2214 est:
1935 2195 1950 2211 «
1970 2184 2086 2222 Diligit
2101 2185 2266 2215 Dominus

1263 2239 1373 2275 portas
1389 2238 1479 2274 Syon
1496 2245 1596 2275 super
1612 2236 1724 2266 omnia
1738 2237 1949 2267 tabernacula
1965 2237 2066 2267 Jacob
2085 2247 2111 2272 »3
2132 2236 2264 2267 calami-

1262 2291 1360 2319 tatem
1383 2288 1563 2328 plangeret,
1586 2298 1649 2319 non
1667 2289 1708 2319 ab
1729 2289 1894 2320 extraneis
1915 2291 1945 2320 et
1970 2289 2116 2320 inimicis
2138 2289 2264 2319 immis-

1234 2335 1235 2345 ’
1262 2351 1344 2377 sam,
1361 2342 1418 2372 sed
1428 2342 1468 2372 al)
1480 2341 1528 2371 eis
1541 2350 1681 2380 quorum
1696 2342 1782 2371 esset
1794 2342 1975 2380 protegere,
1987 2350 2052 2372 non
2068 2342 2264 2381 opprimere,

1261 2395 1485 2433 procuratam,
1513 2393 1731 2424 calamitatem
1758 2394 1927 2433 plangeret
1955 2402 2017 2432 que
2045 2403 2109 2424 non
2136 2393 2263 2425 meritis

1263 2447 1419 2481 redditur,
1443 2446 1500 2476 sed
1522 2446 1631 2484 potius
1652 2454 1691 2476 ex
1709 2446 1887 2476 insolentia
1902 2446 2138 2477 dominationis
2162 2446 2262 2477 infer-

1262 2500 1312 2529 tur
1335 2507 1447 2529 eorum
1465 2498 1588 2537 quihus
1609 2498 1728 2528 dicitur
1745 2508 1752 2527 ε
1771 2510 1784 2525 «
1809 2499 2034 2537 Providentesj
2054 2508 2119 2529 non
2140 2501 2260 2536 coacte,

1261 2552 1317 2581 sed
1333 2553 1522 2590 spontanee,
1535 2559 1640 2590 neque
1653 2552 1687 2581 ut
1699 2551 1908 2582 dominantes
1923 2551 1956 2581 in
1972 2552 2070 2586 clero,
2085 2552 2142 2582 sed
2157 2552 2262 2583 forma

1259 2604 1335 2635 facti
1357 2604 1466 2643 gregis
1484 2612 1524 2633 ex
1544 2604 1665 2634 animo.
1684 2616 1697 2631 υ
1719 2603 1850 2634 Veritas
1871 2604 2005 2642 quidem
2027 2605 2072 2635 ita
2095 2613 2129 2635 se
2151 2604 2259 2640 habet,

1258 2657 1346 2695 quod
1362 2665 1381 2686 a
1397 2656 1532 2686 domino
1550 2656 1655 2695 legato
1671 2656 1772 2686 totius
1787 2655 1960 2695 legationis
1975 2665 2033 2687 sue
2050 2657 2189 2687 concilio
2207 2656 2261 2687 Bi·

1256 2709 1347 2748 turis]
1359 2710 1548 2743 convocato,
1568 2708 1786 2747 capitulorum
1816 2709 1939 2739 ibidem
1960 2709 2066 2740 nuntii
2087 2718 2146 2748 pro
2167 2709 2260 2740 Albi-

1257 2761 1351 2800 gensi
1367 2761 1495 2799 negotio
1511 2762 1747 2796 convenerunt,
1762 2762 1798 2792 ut
1810 2769 1848 2792 ea
1861 2770 1924 2800 que
1940 2762 1973 2792 in
1988 2762 2103 2793 eodem
2120 2761 2259 2793 concilio

1256 2815 1474 2844 tractarentur
1491 2822 1549 2844 seu
1567 2814 1798 2852 statuerentur,
1817 2814 1971 2854 capitulis
1999 2815 2069 2845 suis
2087 2815 2257 2849 referrent,

1257 2868 1291 2897 ut
1305 2874 1405 2906 super
1422 2867 1470 2897 eis
1487 2866 1717 2902 deliberarent,
1735 2867 1828 2898 nulla
1842 2867 1975 2906 quidem
1989 2867 2122 2907 penitus
2138 2867 2187 2898 eis
2201 2875 2257 2907 po-
