<?xml version="1.0" encoding="UTF-8"?>
<!DOCTYPE html PUBLIC "-//W3C//DTD XHTML 1.0 Transitional//EN"
    "http://www.w3.org/TR/xhtml1/DTD/xhtml1-transitional.dtd">
<html xmlns="http://www.w3.org/1999/xhtml" xml:lang="en" lang="en">
 <head>
  <title>
</title>
<meta http-equiv="Content-Type" content="text/html;charset=utf-8" />
  <meta name='ocr-system' content='tesseract 3.04.00' />
  <meta name='ocr-capabilities' content='ocr_page ocr_carea ocr_par ocr_line ocrx_word'/>
</head>
<body>
  <div class='ocr_page' id='page_1' title='image "./lesregistresdegr01cathuoft_0581.png"; bbox 0 0 2498 3242; ppageno 0'>
   <div class='ocr_carea' id='block_1_1' title="bbox 159 302 235 332">
    <p class='ocr_par' dir='ltr' id='par_1_1' title="bbox 159 302 235 332">
     <span class='ocr_line' id='line_1_1' title="bbox 159 302 235 332; baseline 0 0"><span class='ocrx_word' id='word_1_1' title='bbox 159 302 235 332; x_wconf 80' lang='lat'>1145</span> 
     </span>
    </p>
   </div>
   <div class='ocr_carea' id='block_1_2' title="bbox 157 361 1169 459">
    <p class='ocr_par' dir='ltr' id='par_1_2' title="bbox 157 361 1169 459">
     <span class='ocr_line' id='line_1_2' title="bbox 157 361 1169 404; baseline -0.002 -7"><span class='ocrx_word' id='word_1_2' title='bbox 157 369 344 398; x_wconf 75' lang='lat' dir='ltr'><strong>constitutis.</strong></span> <span class='ocrx_word' id='word_1_3' title='bbox 357 367 441 404; x_wconf 82' lang='lat' dir='ltr'><strong>Quia</strong></span> <span class='ocrx_word' id='word_1_4' title='bbox 453 376 573 398; x_wconf 87' lang='lat' dir='ltr'><strong>sensus</strong></span> <span class='ocrx_word' id='word_1_5' title='bbox 584 361 736 398; x_wconf 62' lang='lat' dir='ltr'><strong>hominis</strong></span> <span class='ocrx_word' id='word_1_6' title='bbox 745 385 794 397; x_wconf 92' lang='lat'><strong>—.</strong></span> <span class='ocrx_word' id='word_1_7' title='bbox 807 369 881 398; x_wconf 87' lang='lat' dir='ltr'><strong>Dat.</strong></span> <span class='ocrx_word' id='word_1_8' title='bbox 898 366 1040 402; x_wconf 84' lang='lat' dir='ltr'><strong>Pernsii‚</strong></span> <span class='ocrx_word' id='word_1_9' title='bbox 1053 367 1084 397; x_wconf 95' lang='lat' dir='ltr'><strong>II</strong></span> <span class='ocrx_word' id='word_1_10' title='bbox 1094 366 1169 395; x_wconf 90' lang='lat' dir='ltr'><strong>idus</strong></span> 
     </span>
     <span class='ocr_line' id='line_1_3' title="bbox 157 420 946 459; baseline -0.001 -8"><span class='ocrx_word' id='word_1_11' title='bbox 157 420 313 454; x_wconf 78' lang='lat' dir='ltr'><strong>octobris,</strong></span> <span class='ocrx_word' id='word_1_12' title='bbox 331 420 544 459; x_wconf 85' lang='lat' dir='ltr'><strong>pontificatus</strong></span> <span class='ocrx_word' id='word_1_13' title='bbox 561 421 666 451; x_wconf 83' lang='lat' dir='ltr'>nostri</span> <span class='ocrx_word' id='word_1_14' title='bbox 683 430 770 451; x_wconf 85' lang='lat' dir='ltr'><strong>anno</strong></span> <span class='ocrx_word' id='word_1_15' title='bbox 788 425 911 451; x_wconf 86' lang='lat' dir='ltr'><strong>octavo.</strong></span> <span class='ocrx_word' id='word_1_16' title='bbox 935 433 946 446; x_wconf 70' lang='lat' dir='ltr'>u</span> 
     </span>
    </p>
   </div>
   <div class='ocr_carea' id='block_1_3' title="bbox 229 626 343 656">
    <p class='ocr_par' dir='ltr' id='par_1_3' title="bbox 229 626 343 656">
     <span class='ocr_line' id='line_1_4' title="bbox 229 626 343 656; baseline -0.026 0"><span class='ocrx_word' id='word_1_17' title='bbox 229 626 343 656; x_wconf 68' lang='lat'>2¹3¹</span> 
     </span>
    </p>
   </div>
   <div class='ocr_carea' id='block_1_4' title="bbox 157 686 1170 867">
    <p class='ocr_par' dir='ltr' id='par_1_4' title="bbox 157 686 1170 867">
     <span class='ocr_line' id='line_1_5' title="bbox 194 686 1169 721; baseline -0.002 -7"><span class='ocrx_word' id='word_1_18' title='bbox 194 687 301 714; x_wconf 78' lang='lat' dir='ltr'>Abbati</span> <span class='ocrx_word' id='word_1_19' title='bbox 319 687 485 714; x_wconf 85' lang='lat' dir='ltr'><strong>monasterii</strong></span> <span class='ocrx_word' id='word_1_20' title='bbox 504 687 539 713; x_wconf 93' lang='lat' dir='ltr'><strong>de</strong></span> <span class='ocrx_word' id='word_1_21' title='bbox 561 687 796 714; x_wconf 83' lang='lat' dir='ltr'><strong>Reinhesburnia</strong></span> <span class='ocrx_word' id='word_1_22' title='bbox 818 695 901 714; x_wconf 86' lang='lat' dir='ltr'><strong>usum</strong></span> <span class='ocrx_word' id='word_1_23' title='bbox 925 687 1002 713; x_wconf 87' lang='lat' dir='ltr'><strong>anuli</strong></span> <span class='ocrx_word' id='word_1_24' title='bbox 1017 686 1169 721; x_wconf 82' lang='lat' dir='ltr'><strong>concedit,</strong></span> 
     </span>
     <span class='ocr_line' id='line_1_6' title="bbox 158 735 1166 770; baseline -0.001 -8"><span class='ocrx_word' id='word_1_25' title='bbox 158 737 236 763; x_wconf 82' lang='lat' dir='ltr'><strong>sicut</strong></span> <span class='ocrx_word' id='word_1_26' title='bbox 258 735 366 762; x_wconf 86' lang='lat' dir='ltr'><strong>Lucius</strong></span> <span class='ocrx_word' id='word_1_27' title='bbox 389 735 463 769; x_wconf 80' lang='lat'>[1111.</span> <span class='ocrx_word' id='word_1_28' title='bbox 487 736 580 770; x_wconf 86' lang='lat' dir='ltr'><strong>ipsius</strong></span> <span class='ocrx_word' id='word_1_29' title='bbox 601 744 689 770; x_wconf 84' lang='lat' dir='ltr'><strong>papae</strong></span> <span class='ocrx_word' id='word_1_30' title='bbox 711 736 946 770; x_wconf 76' lang='lat' dir='ltr'><strong>praedecessor·‚</strong></span> <span class='ocrx_word' id='word_1_31' title='bbox 970 735 1166 769; x_wconf 64' lang='lat' dir='ltr'><strong>{Hei-manno),</strong></span> 
     </span>
     <span class='ocr_line' id='line_1_7' title="bbox 157 785 1170 820; baseline -0.002 -8"><span class='ocrx_word' id='word_1_32' title='bbox 157 785 252 820; x_wconf 83' lang='lat' dir='ltr'><strong>ipsius</strong></span> <span class='ocrx_word' id='word_1_33' title='bbox 281 785 392 811; x_wconf 84' lang='lat' dir='ltr'><strong>abbatis</strong></span> <span class='ocrx_word' id='word_1_34' title='bbox 420 785 648 820; x_wconf 76' lang='lat' dir='ltr'><strong>praedecessori,</strong></span> <span class='ocrx_word' id='word_1_35' title='bbox 675 793 758 811; x_wconf 86' lang='lat' dir='ltr'><strong>usum</strong></span> <span class='ocrx_word' id='word_1_36' title='bbox 788 785 888 811; x_wconf 79' lang='lat' dir='ltr'><strong>mitrae</strong></span> <span class='ocrx_word' id='word_1_37' title='bbox 913 787 1111 812; x_wconf 78' lang='lat' dir='ltr'><strong>concesserat.</strong></span> <span class='ocrx_word' id='word_1_38' title='bbox 1137 799 1170 803; x_wconf 97' lang='lat'><strong>—</strong></span> 
     </span>
     <span class='ocr_line' id='line_1_8' title="bbox 158 833 1103 867; baseline 0 -7"><span class='ocrx_word' id='word_1_39' title='bbox 158 833 243 867; x_wconf 68' lang='lat' dir='ltr'><strong>(Rau.</strong></span> <span class='ocrx_word' id='word_1_40' title='bbox 261 834 304 865; x_wconf 89' lang='grc'><strong>17,</strong></span> <span class='ocrx_word' id='word_1_41' title='bbox 321 834 339 860; x_wconf 83' lang='lat' dir='ltr'><strong>s.</strong></span> <span class='ocrx_word' id='word_1_42' title='bbox 357 834 408 860; x_wconf 71' lang='lat'><strong>‘214</strong></span> <span class='ocrx_word' id='word_1_43' title='bbox 426 841 470 865; x_wconf 85' lang='lat' dir='ltr'><strong>v⁰;</strong></span> <span class='ocrx_word' id='word_1_44' title='bbox 488 842 554 861; x_wconf 92' lang='lat' dir='ltr'><strong>ann.</strong></span> <span class='ocrx_word' id='word_1_45' title='bbox 573 833 654 865; x_wconf 82' lang='lat' dir='ltr'><strong>VIII,</strong></span> <span class='ocrx_word' id='word_1_46' title='bbox 671 842 695 860; x_wconf 93' lang='lat' dir='ltr'><strong>c.</strong></span> <span class='ocrx_word' id='word_1_47' title='bbox 713 834 782 865; x_wconf 61' lang='lat'><strong>25&amp;</strong></span> <span class='ocrx_word' id='word_1_48' title='bbox 798 848 835 854; x_wconf 91' lang='lat'><strong>—</strong></span> <span class='ocrx_word' id='word_1_49' title='bbox 850 833 996 861; x_wconf 65' lang='lat' dir='ltr'><strong>Porrnnsr</strong></span> <span class='ocrx_word' id='word_1_50' title='bbox 1011 833 1103 866; x_wconf 82' lang='lat'>9739.)</span> 
     </span>
    </p>
   </div>
   <div class='ocr_carea' id='block_1_5' title="bbox 680 625 1096 660">
    <p class='ocr_par' dir='ltr' id='par_1_5' title="bbox 680 625 1096 660">
     <span class='ocr_line' id='line_1_9' title="bbox 680 625 1096 660; baseline 0 -8"><span class='ocrx_word' id='word_1_51' title='bbox 680 625 818 660; x_wconf 76' lang='lat' dir='ltr'><strong>Pet-ouse‚</strong></span> <span class='ocrx_word' id='word_1_52' title='bbox 838 627 867 652; x_wconf 81' lang='lat'><strong>17</strong></span> <span class='ocrx_word' id='word_1_53' title='bbox 884 626 1002 652; x_wconf 81' lang='lat' dir='ltr'><strong>octobre</strong></span> <span class='ocrx_word' id='word_1_54' title='bbox 1021 625 1096 652; x_wconf 65' lang='lat'>1234.</span> 
     </span>
    </p>
   </div>
   <div class='ocr_carea' id='block_1_6' title="bbox 155 948 1171 1090">
    <p class='ocr_par' dir='ltr' id='par_1_6' title="bbox 155 948 1171 1090">
     <span class='ocr_line' id='line_1_10' title="bbox 202 948 1171 986; baseline 0 -9"><span class='ocrx_word' id='word_1_55' title='bbox 202 961 216 976; x_wconf 79' lang='grc' dir='ltr'>α</span> <span class='ocrx_word' id='word_1_56' title='bbox 234 972 254 978; x_wconf 90' lang='grc'><strong>..</strong></span> <span class='ocrx_word' id='word_1_57' title='bbox 269 949 372 978; x_wconf 73' lang='lat' dir='ltr'><strong>abbati</strong></span> <span class='ocrx_word' id='word_1_58' title='bbox 387 949 571 978; x_wconf 76' lang='lat' dir='ltr'><strong>monasterii</strong></span> <span class='ocrx_word' id='word_1_59' title='bbox 587 949 620 977; x_wconf 83' lang='lat' dir='ltr'><strong>de</strong></span> <span class='ocrx_word' id='word_1_60' title='bbox 636 949 917 986; x_wconf 54' lang='lat' dir='ltr'><strong>Reiuhesburnffia}</strong></span> <span class='ocrx_word' id='word_1_61' title='bbox 935 948 1055 977; x_wconf 81' lang='lat' dir='ltr'><strong>ordinis</strong></span> <span class='ocrx_word' id='word_1_62' title='bbox 1071 948 1171 977; x_wconf 81' lang='lat' dir='ltr'><strong>sancti</strong></span> 
     </span>
     <span class='ocr_line' id='line_1_11' title="bbox 157 1001 1170 1040; baseline -0.001 -9"><span class='ocrx_word' id='word_1_63' title='bbox 157 1002 326 1037; x_wconf 79' lang='lat' dir='ltr'><strong>Benedicti,</strong></span> <span class='ocrx_word' id='word_1_64' title='bbox 347 1003 527 1040; x_wconf 68' lang='lat' dir='ltr'><strong>Mammtine</strong></span> <span class='ocrx_word' id='word_1_65' title='bbox 549 1002 684 1031; x_wconf 76' lang='lat' dir='ltr'><strong>diocesis.</strong></span> <span class='ocrx_word' id='word_1_66' title='bbox 707 1002 753 1031; x_wconf 85' lang='lat' dir='ltr'><strong>Ex</strong></span> <span class='ocrx_word' id='word_1_67' title='bbox 771 1010 809 1031; x_wconf 87' lang='lat' dir='ltr'><strong>eo</strong></span> <span class='ocrx_word' id='word_1_68' title='bbox 830 1001 917 1040; x_wconf 83' lang='lat' dir='ltr'><strong>quod</strong></span> <span class='ocrx_word' id='word_1_69' title='bbox 940 1018 988 1030; x_wconf 89' lang='lat'><strong>—.</strong></span> <span class='ocrx_word' id='word_1_70' title='bbox 1015 1001 1088 1030; x_wconf 89' lang='lat' dir='ltr'><strong>Dat.</strong></span> <span class='ocrx_word' id='word_1_71' title='bbox 1107 1001 1170 1030; x_wconf 83' lang='lat' dir='ltr'><strong>Pe-</strong></span> 
     </span>
     <span class='ocr_line' id='line_1_12' title="bbox 155 1054 1026 1090; baseline -0.001 -6"><span class='ocrx_word' id='word_1_72' title='bbox 155 1054 253 1090; x_wconf 85' lang='lat' dir='ltr'><strong>rusii,</strong></span> <span class='ocrx_word' id='word_1_73' title='bbox 270 1055 349 1085; x_wconf 86' lang='lat' dir='ltr'><strong>XVI</strong></span> <span class='ocrx_word' id='word_1_74' title='bbox 364 1054 524 1085; x_wconf 80' lang='lat' dir='ltr'><strong>kalendas</strong></span> <span class='ocrx_word' id='word_1_75' title='bbox 542 1054 744 1090; x_wconf 84' lang='lat' dir='ltr'><strong>novembris,</strong></span> <span class='ocrx_word' id='word_1_76' title='bbox 763 1063 850 1084; x_wconf 87' lang='lat' dir='ltr'><strong>anno</strong></span> <span class='ocrx_word' id='word_1_77' title='bbox 868 1058 993 1084; x_wconf 86' lang='lat' dir='ltr'><strong>octavo.</strong></span> <span class='ocrx_word' id='word_1_78' title='bbox 1013 1066 1026 1080; x_wconf 87' lang='lat'>»</span> 
     </span>
    </p>
   </div>
   <div class='ocr_carea' id='block_1_7' title="bbox 156 1322 1169 1408">
    <p class='ocr_par' dir='ltr' id='par_1_7' title="bbox 156 1322 1169 1408">
     <span class='ocr_line' id='line_1_13' title="bbox 191 1322 1169 1357; baseline -0.001 -7"><span class='ocrx_word' id='word_1_79' title='bbox 191 1323 309 1350; x_wconf 78' lang='lat' dir='ltr'><strong>Decano</strong></span> <span class='ocrx_word' id='word_1_80' title='bbox 321 1326 349 1350; x_wconf 82' lang='lat' dir='ltr'><strong>et</strong></span> <span class='ocrx_word' id='word_1_81' title='bbox 360 1323 470 1350; x_wconf 84' lang='lat' dir='ltr'><strong>cantori</strong></span> <span class='ocrx_word' id='word_1_82' title='bbox 485 1322 767 1349; x_wconf 86' lang='lat' dir='ltr'><strong>Cathalaunensibus</strong></span> <span class='ocrx_word' id='word_1_83' title='bbox 784 1322 899 1349; x_wconf 82' lang='lat' dir='ltr'><strong>mandat</strong></span> <span class='ocrx_word' id='word_1_84' title='bbox 913 1326 1058 1357; x_wconf 81' lang='lat' dir='ltr'><strong>quatenus</strong></span> <span class='ocrx_word' id='word_1_85' title='bbox 1072 1322 1101 1349; x_wconf 92' lang='lat' dir='ltr'><strong>in</strong></span> <span class='ocrx_word' id='word_1_86' title='bbox 1118 1331 1169 1349; x_wconf 91' lang='lat' dir='ltr'><strong>ne-</strong></span> 
     </span>
     <span class='ocr_line' id='line_1_14' title="bbox 156 1371 1169 1408; baseline -0.001 -10"><span class='ocrx_word' id='word_1_87' title='bbox 156 1372 236 1408; x_wconf 81' lang='lat' dir='ltr'><strong>gotio</strong></span> <span class='ocrx_word' id='word_1_88' title='bbox 251 1371 381 1404; x_wconf 85' lang='lat' dir='ltr'><strong>Henrici,</strong></span> <span class='ocrx_word' id='word_1_89' title='bbox 393 1371 488 1406; x_wconf 83' lang='lat' dir='ltr'><strong>ipsius</strong></span> <span class='ocrx_word' id='word_1_90' title='bbox 505 1379 595 1406; x_wconf 85' lang='lat' dir='ltr'><strong>papae</strong></span> <span class='ocrx_word' id='word_1_91' title='bbox 610 1371 792 1405; x_wconf 86' lang='lat' dir='ltr'><strong>subdiaconi,</strong></span> <span class='ocrx_word' id='word_1_92' title='bbox 805 1374 906 1398; x_wconf 85' lang='lat' dir='ltr'><strong>contra</strong></span> <span class='ocrx_word' id='word_1_93' title='bbox 920 1371 1061 1398; x_wconf 88' lang='lat' dir='ltr'><strong>decanum</strong></span> <span class='ocrx_word' id='word_1_94' title='bbox 1078 1374 1107 1397; x_wconf 92' lang='lat' dir='ltr'><strong>et</strong></span> <span class='ocrx_word' id='word_1_95' title='bbox 1121 1379 1169 1398; x_wconf 90' lang='lat' dir='ltr'><strong>ca-</strong></span> 
     </span>
    </p>
   </div>
   <div class='ocr_carea' id='block_1_8' title="bbox 676 1258 1097 1291">
    <p class='ocr_par' dir='ltr' id='par_1_8' title="bbox 676 1258 1097 1291">
     <span class='ocr_line' id='line_1_15' title="bbox 676 1258 1097 1291; baseline 0 -6"><span class='ocrx_word' id='word_1_96' title='bbox 676 1258 815 1291; x_wconf 80' lang='lat' dir='ltr'><strong>Perouse,</strong></span> <span class='ocrx_word' id='word_1_97' title='bbox 834 1259 865 1285; x_wconf 81' lang='lat'><strong>17</strong></span> <span class='ocrx_word' id='word_1_98' title='bbox 882 1258 1000 1285; x_wconf 79' lang='lat' dir='ltr'><strong>octobre</strong></span> <span class='ocrx_word' id='word_1_99' title='bbox 1020 1258 1097 1286; x_wconf 69' lang='lat'>1234.</span> 
     </span>
    </p>
   </div>
   <div class='ocr_carea' id='block_1_9' title="bbox 155 1420 1169 1554">
    <p class='ocr_par' dir='ltr' id='par_1_9' title="bbox 155 1420 1169 1554">
     <span class='ocr_line' id='line_1_16' title="bbox 157 1420 1169 1458; baseline -0.002 -9"><span class='ocrx_word' id='word_1_100' title='bbox 157 1422 281 1458; x_wconf 88' lang='lat' dir='ltr'><strong>pitulum</strong></span> <span class='ocrx_word' id='word_1_101' title='bbox 296 1421 505 1453; x_wconf 87' lang='lat' dir='ltr'><strong>Treverenses,</strong></span> <span class='ocrx_word' id='word_1_102' title='bbox 520 1421 568 1455; x_wconf 92' lang='lat' dir='ltr'><strong>qui</strong></span> <span class='ocrx_word' id='word_1_103' title='bbox 585 1421 693 1455; x_wconf 87' lang='lat' dir='ltr'><strong>ipsum,</strong></span> <span class='ocrx_word' id='word_1_104' title='bbox 709 1421 776 1447; x_wconf 88' lang='lat' dir='ltr'><strong>licet</strong></span> <span class='ocrx_word' id='word_1_105' title='bbox 791 1420 826 1447; x_wconf 92' lang='lat' dir='ltr'><strong>de</strong></span> <span class='ocrx_word' id='word_1_106' title='bbox 843 1421 899 1447; x_wconf 90' lang='lat' dir='ltr'><strong>hoc</strong></span> <span class='ocrx_word' id='word_1_107' title='bbox 914 1421 948 1447; x_wconf 89' lang='lat' dir='ltr'><strong>ad</strong></span> <span class='ocrx_word' id='word_1_108' title='bbox 965 1429 1016 1447; x_wconf 89' lang='lat' dir='ltr'><strong>eos</strong></span> <span class='ocrx_word' id='word_1_109' title='bbox 1029 1421 1169 1455; x_wconf 85' lang='lat' dir='ltr'><strong>apostoli-</strong></span> 
     </span>
     <span class='ocr_line' id='line_1_17' title="bbox 155 1469 1168 1502; baseline -0.002 -4"><span class='ocrx_word' id='word_1_110' title='bbox 155 1479 222 1498; x_wconf 85' lang='lat' dir='ltr'><strong>cum</strong></span> <span class='ocrx_word' id='word_1_111' title='bbox 239 1470 404 1497; x_wconf 80' lang='lat' dir='ltr'><strong>mandatum</strong></span> <span class='ocrx_word' id='word_1_112' title='bbox 422 1470 526 1497; x_wconf 84' lang='lat' dir='ltr'><strong>fuisset</strong></span> <span class='ocrx_word' id='word_1_113' title='bbox 536 1469 722 1502; x_wconf 86' lang='lat' dir='ltr'><strong>destinatum,</strong></span> <span class='ocrx_word' id='word_1_114' title='bbox 735 1469 764 1496; x_wconf 91' lang='lat' dir='ltr'><strong>in</strong></span> <span class='ocrx_word' id='word_1_115' title='bbox 776 1470 948 1496; x_wconf 89' lang='lat' dir='ltr'><strong>canonicum</strong></span> <span class='ocrx_word' id='word_1_116' title='bbox 965 1474 992 1496; x_wconf 89' lang='lat' dir='ltr'><strong>et</strong></span> <span class='ocrx_word' id='word_1_117' title='bbox 1008 1471 1035 1496; x_wconf 90' lang='lat' dir='ltr'><strong>in</strong></span> <span class='ocrx_word' id='word_1_118' title='bbox 1051 1470 1168 1496; x_wconf 81' lang='lat' dir='ltr'><strong>fratrem</strong></span> 
     </span>
     <span class='ocr_line' id='line_1_18' title="bbox 156 1518 1167 1554; baseline -0.003 -7"><span class='ocrx_word' id='word_1_119' title='bbox 156 1520 332 1548; x_wconf 83' lang='lat' dir='ltr'><strong>recusabant</strong></span> <span class='ocrx_word' id='word_1_120' title='bbox 351 1519 492 1554; x_wconf 87' lang='lat' dir='ltr'><strong>recipere,</strong></span> <span class='ocrx_word' id='word_1_121' title='bbox 513 1518 680 1554; x_wconf 86' lang='lat' dir='ltr'><strong>procedant.</strong></span> <span class='ocrx_word' id='word_1_122' title='bbox 702 1533 739 1540; x_wconf 93' lang='lat'>—</span> <span class='ocrx_word' id='word_1_123' title='bbox 757 1518 841 1551; x_wconf 72' lang='lat' dir='ltr'><strong>(Rae.</strong></span> <span class='ocrx_word' id='word_1_124' title='bbox 865 1519 907 1550; x_wconf 81' lang='grc'><strong>17,</strong></span> <span class='ocrx_word' id='word_1_125' title='bbox 928 1519 947 1545; x_wconf 85' lang='lat' dir='ltr'><strong>f.</strong></span> <span class='ocrx_word' id='word_1_126' title='bbox 968 1518 1019 1545; x_wconf 69' lang='lat'><strong>215</strong></span> <span class='ocrx_word' id='word_1_127' title='bbox 1042 1524 1083 1550; x_wconf 84' lang='lat' dir='ltr'><strong>r⁰;</strong></span> <span class='ocrx_word' id='word_1_128' title='bbox 1101 1526 1167 1545; x_wconf 88' lang='lat' dir='ltr'><strong>ann.</strong></span> 
     </span>
    </p>
   </div>
   <div class='ocr_carea' id='block_1_10' title="bbox 156 1569 370 1604">
    <p class='ocr_par' dir='ltr' id='par_1_10' title="bbox 156 1569 370 1604">
     <span class='ocr_line' id='line_1_19' title="bbox 156 1569 370 1604; baseline -0.005 -8"><span class='ocrx_word' id='word_1_129' title='bbox 156 1569 238 1604; x_wconf 86' lang='lat' dir='ltr'><strong>vm,</strong></span> <span class='ocrx_word' id='word_1_130' title='bbox 254 1577 280 1596; x_wconf 81' lang='lat' dir='ltr'><strong>c.</strong></span> <span class='ocrx_word' id='word_1_131' title='bbox 296 1569 370 1602; x_wconf 76' lang='lat'>259.)</span> 
     </span>
    </p>
   </div>
   <div class='ocr_carea' id='block_1_11' title="bbox 156 1683 1173 2411">
    <p class='ocr_par' dir='ltr' id='par_1_11' title="bbox 156 1683 1173 2411">
     <span class='ocr_line' id='line_1_20' title="bbox 200 1683 1171 1714; baseline 0.001 -2"><span class='ocrx_word' id='word_1_132' title='bbox 200 1697 214 1712; x_wconf 73' lang='grc' dir='ltr'><strong>α</strong></span> <span class='ocrx_word' id='word_1_133' title='bbox 234 1707 253 1713; x_wconf 91' lang='grc'><strong>..</strong></span> <span class='ocrx_word' id='word_1_134' title='bbox 271 1685 383 1714; x_wconf 78' lang='lat' dir='ltr'><strong>decano</strong></span> <span class='ocrx_word' id='word_1_135' title='bbox 399 1689 424 1713; x_wconf 80' lang='lat' dir='ltr'><strong>el</strong></span> <span class='ocrx_word' id='word_1_136' title='bbox 440 1707 459 1712; x_wconf 94' lang='lat'><strong>..</strong></span> <span class='ocrx_word' id='word_1_137' title='bbox 477 1684 600 1713; x_wconf 84' lang='lat' dir='ltr'><strong>cantori</strong></span> <span class='ocrx_word' id='word_1_138' title='bbox 615 1683 925 1714; x_wconf 76' lang='lat' dir='ltr'><strong>Gathalaunensibus.</strong></span> <span class='ocrx_word' id='word_1_139' title='bbox 941 1683 1112 1714; x_wconf 87' lang='lat' dir='ltr'><strong>Accedens</strong></span> <span class='ocrx_word' id='word_1_140' title='bbox 1130 1684 1171 1714; x_wconf 89' lang='lat' dir='ltr'><strong>ad</strong></span> 
     </span>
     <span class='ocr_line' id='line_1_21' title="bbox 157 1736 1170 1777; baseline -0.002 -9"><span class='ocrx_word' id='word_1_141' title='bbox 157 1737 383 1777; x_wconf 88' lang='lat' dir='ltr'><strong>Apostolicam</strong></span> <span class='ocrx_word' id='word_1_142' title='bbox 406 1737 525 1767; x_wconf 89' lang='lat' dir='ltr'><strong>Sedem</strong></span> <span class='ocrx_word' id='word_1_143' title='bbox 547 1736 688 1767; x_wconf 88' lang='lat' dir='ltr'><strong>dilectus</strong></span> <span class='ocrx_word' id='word_1_144' title='bbox 713 1736 804 1766; x_wconf 86' lang='lat' dir='ltr'><strong>filius</strong></span> <span class='ocrx_word' id='word_1_145' title='bbox 824 1737 1006 1771; x_wconf 89' lang='lat' dir='ltr'><strong>Henricus,</strong></span> <span class='ocrx_word' id='word_1_146' title='bbox 1034 1737 1170 1767; x_wconf 90' lang='lat' dir='ltr'><strong>subdia-</strong></span> 
     </span>
     <span class='ocr_line' id='line_1_22' title="bbox 158 1789 1171 1828; baseline -0.001 -7"><span class='ocrx_word' id='word_1_147' title='bbox 158 1799 262 1821; x_wconf 89' lang='lat' dir='ltr'><strong>conus</strong></span> <span class='ocrx_word' id='word_1_148' title='bbox 281 1794 403 1825; x_wconf 89' lang='lat' dir='ltr'><strong>noster,</strong></span> <span class='ocrx_word' id='word_1_149' title='bbox 422 1789 518 1819; x_wconf 90' lang='lat' dir='ltr'><strong>nobis</strong></span> <span class='ocrx_word' id='word_1_150' title='bbox 535 1789 687 1827; x_wconf 81' lang='lat' dir='ltr'><strong>exposuit</strong></span> <span class='ocrx_word' id='word_1_151' title='bbox 701 1789 804 1828; x_wconf 78' lang='lat' dir='ltr'><strong>quod,</strong></span> <span class='ocrx_word' id='word_1_152' title='bbox 822 1798 897 1819; x_wconf 90' lang='lat' dir='ltr'><strong>cum</strong></span> <span class='ocrx_word' id='word_1_153' title='bbox 917 1789 997 1819; x_wconf 92' lang='lat' dir='ltr'><strong>olim</strong></span> <span class='ocrx_word' id='word_1_154' title='bbox 1017 1789 1058 1820; x_wconf 90' lang='lat' dir='ltr'><strong>ad</strong></span> <span class='ocrx_word' id='word_1_155' title='bbox 1076 1813 1095 1819; x_wconf 90' lang='lat'><strong>..</strong></span> <span class='ocrx_word' id='word_1_156' title='bbox 1113 1790 1171 1820; x_wconf 91' lang='lat' dir='ltr'><strong>de-</strong></span> 
     </span>
     <span class='ocr_line' id='line_1_23' title="bbox 157 1842 1170 1881; baseline -0.002 -7"><span class='ocrx_word' id='word_1_157' title='bbox 157 1852 278 1874; x_wconf 89' lang='lat' dir='ltr'><strong>canum</strong></span> <span class='ocrx_word' id='word_1_158' title='bbox 305 1847 337 1873; x_wconf 90' lang='lat' dir='ltr'><strong>et</strong></span> <span class='ocrx_word' id='word_1_159' title='bbox 361 1842 545 1881; x_wconf 86' lang='lat' dir='ltr'><strong>capitulum</strong></span> <span class='ocrx_word' id='word_1_160' title='bbox 571 1842 793 1872; x_wconf 86' lang='lat' dir='ltr'><strong>Treverenses</strong></span> <span class='ocrx_word' id='word_1_161' title='bbox 820 1846 856 1872; x_wconf 91' lang='lat' dir='ltr'><strong>ut</strong></span> <span class='ocrx_word' id='word_1_162' title='bbox 886 1851 977 1878; x_wconf 88' lang='lat' dir='ltr'><strong>eum,</strong></span> <span class='ocrx_word' id='word_1_163' title='bbox 1003 1842 1170 1872; x_wconf 90' lang='lat' dir='ltr'><strong>modicum</strong></span> 
     </span>
     <span class='ocr_line' id='line_1_24' title="bbox 156 1894 1168 1934; baseline -0.001 -7"><span class='ocrx_word' id='word_1_164' title='bbox 156 1896 358 1927; x_wconf 85' lang='lat' dir='ltr'><strong>beneficium</strong></span> <span class='ocrx_word' id='word_1_165' title='bbox 381 1895 468 1934; x_wconf 84' lang='lat' dir='ltr'><strong>quod</strong></span> <span class='ocrx_word' id='word_1_166' title='bbox 491 1895 526 1924; x_wconf 91' lang='lat' dir='ltr'><strong>in</strong></span> <span class='ocrx_word' id='word_1_167' title='bbox 547 1894 689 1926; x_wconf 84' lang='lat' dir='ltr'><strong>ecclesia</strong></span> <span class='ocrx_word' id='word_1_168' title='bbox 710 1895 749 1925; x_wconf 90' lang='lat' dir='ltr'><strong>de</strong></span> <span class='ocrx_word' id='word_1_169' title='bbox 768 1895 1011 1934; x_wconf 83' lang='lat' dir='ltr'><strong>Wolkerenges</strong></span> <span class='ocrx_word' id='word_1_170' title='bbox 1030 1895 1168 1932; x_wconf 84' lang='lat' dir='ltr'><strong>obtinet,</strong></span> 
     </span>
     <span class='ocr_line' id='line_1_25' title="bbox 156 1947 1171 1987; baseline -0.002 -7"><span class='ocrx_word' id='word_1_171' title='bbox 156 1949 396 1987; x_wconf 77' lang='lat' dir='ltr'><strong>resignantem,</strong></span> <span class='ocrx_word' id='word_1_172' title='bbox 414 1948 449 1978; x_wconf 90' lang='lat' dir='ltr'><strong>in</strong></span> <span class='ocrx_word' id='word_1_173' title='bbox 466 1947 664 1978; x_wconf 89' lang='lat' dir='ltr'><strong>canonicum</strong></span> <span class='ocrx_word' id='word_1_174' title='bbox 683 1952 714 1978; x_wconf 90' lang='lat' dir='ltr'><strong>et</strong></span> <span class='ocrx_word' id='word_1_175' title='bbox 729 1948 867 1978; x_wconf 82' lang='lat' dir='ltr'><strong>fratrem</strong></span> <span class='ocrx_word' id='word_1_176' title='bbox 883 1948 1069 1986; x_wconf 82' lang='lat' dir='ltr'><strong>reciperent</strong></span> <span class='ocrx_word' id='word_1_177' title='bbox 1086 1948 1171 1978; x_wconf 88' lang='lat' dir='ltr'><strong>libe-</strong></span> 
     </span>
     <span class='ocr_line' id='line_1_26' title="bbox 156 2001 1171 2040; baseline -0.002 -8"><span class='ocrx_word' id='word_1_178' title='bbox 156 2002 273 2033; x_wconf 87' lang='lat' dir='ltr'><strong>raliter</strong></span> <span class='ocrx_word' id='word_1_179' title='bbox 294 2006 325 2032; x_wconf 87' lang='lat' dir='ltr'><strong>et</strong></span> <span class='ocrx_word' id='word_1_180' title='bbox 347 2001 508 2039; x_wconf 82' lang='lat' dir='ltr'><strong>benigne,</strong></span> <span class='ocrx_word' id='word_1_181' title='bbox 527 2001 721 2031; x_wconf 89' lang='lat' dir='ltr'><strong>mandatum</strong></span> <span class='ocrx_word' id='word_1_182' title='bbox 737 2005 889 2031; x_wconf 89' lang='lat' dir='ltr'><strong>nostrum</strong></span> <span class='ocrx_word' id='word_1_183' title='bbox 908 2001 1034 2039; x_wconf 87' lang='lat' dir='ltr'><strong>pariter</strong></span> <span class='ocrx_word' id='word_1_184' title='bbox 1049 2005 1080 2031; x_wconf 88' lang='lat' dir='ltr'><strong>et</strong></span> <span class='ocrx_word' id='word_1_185' title='bbox 1095 2010 1171 2040; x_wconf 87' lang='lat' dir='ltr'><strong>pre-</strong></span> 
     </span>
     <span class='ocr_line' id='line_1_27' title="bbox 157 2054 1171 2094; baseline -0.002 -8"><span class='ocrx_word' id='word_1_186' title='bbox 157 2059 289 2094; x_wconf 89' lang='lat' dir='ltr'><strong>ceptum</strong></span> <span class='ocrx_word' id='word_1_187' title='bbox 308 2054 491 2084; x_wconf 87' lang='lat' dir='ltr'><strong>obtinuerit</strong></span> <span class='ocrx_word' id='word_1_188' title='bbox 511 2054 690 2089; x_wconf 83' lang='lat' dir='ltr'><strong>destinari,</strong></span> <span class='ocrx_word' id='word_1_189' title='bbox 717 2077 737 2083; x_wconf 92' lang='lat'><strong>..</strong></span> <span class='ocrx_word' id='word_1_190' title='bbox 757 2054 875 2084; x_wconf 85' lang='lat' dir='ltr'><strong>abbate</strong></span> <span class='ocrx_word' id='word_1_191' title='bbox 897 2055 1010 2085; x_wconf 86' lang='lat' dir='ltr'><strong>Sancti</strong></span> <span class='ocrx_word' id='word_1_192' title='bbox 1033 2055 1171 2084; x_wconf 86' lang='lat' dir='ltr'><strong>Martini</strong></span> 
     </span>
     <span class='ocr_line' id='line_1_28' title="bbox 156 2107 1168 2145; baseline -0.003 -5"><span class='ocrx_word' id='word_1_193' title='bbox 156 2108 373 2140; x_wconf 89' lang='lat' dir='ltr'><strong>Treverensis</strong></span> <span class='ocrx_word' id='word_1_194' title='bbox 396 2107 460 2137; x_wconf 89' lang='lat' dir='ltr'><strong>sibi</strong></span> <span class='ocrx_word' id='word_1_195' title='bbox 483 2116 582 2145; x_wconf 89' lang='lat' dir='ltr'><strong>super</strong></span> <span class='ocrx_word' id='word_1_196' title='bbox 602 2107 664 2137; x_wconf 88' lang='lat' dir='ltr'><strong>hoc</strong></span> <span class='ocrx_word' id='word_1_197' title='bbox 686 2107 867 2142; x_wconf 88' lang='lat' dir='ltr'><strong>monitore,</strong></span> <span class='ocrx_word' id='word_1_198' title='bbox 892 2107 1025 2137; x_wconf 89' lang='lat' dir='ltr'><strong>demum</strong></span> <span class='ocrx_word' id='word_1_199' title='bbox 1046 2107 1125 2138; x_wconf 77' lang='lat' dir='ltr'><strong>v&#39;ero</strong></span> <span class='ocrx_word' id='word_1_200' title='bbox 1149 2131 1168 2137; x_wconf 94' lang='lat'><strong>..</strong></span> 
     </span>
     <span class='ocr_line' id='line_1_29' title="bbox 156 2159 1169 2201; baseline 0.001 -11"><span class='ocrx_word' id='word_1_201' title='bbox 156 2161 324 2201; x_wconf 88' lang='lat' dir='ltr'><strong>preposito</strong></span> <span class='ocrx_word' id='word_1_202' title='bbox 336 2160 531 2190; x_wconf 87' lang='lat' dir='ltr'><strong>monasterii</strong></span> <span class='ocrx_word' id='word_1_203' title='bbox 545 2160 583 2190; x_wconf 91' lang='lat' dir='ltr'><strong>de</strong></span> <span class='ocrx_word' id='word_1_204' title='bbox 597 2159 827 2198; x_wconf 78' lang='lat' dir='ltr'><strong>Gamerengis,</strong></span> <span class='ocrx_word' id='word_1_205' title='bbox 842 2159 1003 2190; x_wconf 87' lang='lat' dir='ltr'><strong>Metensis</strong></span> <span class='ocrx_word' id='word_1_206' title='bbox 1015 2160 1169 2196; x_wconf 87' lang='lat' dir='ltr'><strong>diocesis,</strong></span> 
     </span>
     <span class='ocr_line' id='line_1_30' title="bbox 158 2212 1172 2251; baseline -0.001 -7"><span class='ocrx_word' id='word_1_207' title='bbox 158 2218 333 2245; x_wconf 85' lang='lat' dir='ltr'><strong>executore</strong></span> <span class='ocrx_word' id='word_1_208' title='bbox 345 2213 513 2243; x_wconf 82' lang='lat' dir='ltr'><strong>concessis</strong></span> <span class='ocrx_word' id='word_1_209' title='bbox 530 2223 536 2241; x_wconf 84' lang='lat' dir='ltr'>z</span> <span class='ocrx_word' id='word_1_210' title='bbox 554 2212 642 2242; x_wconf 89' lang='lat' dir='ltr'><strong>idem</strong></span> <span class='ocrx_word' id='word_1_211' title='bbox 658 2212 846 2251; x_wconf 88' lang='lat' dir='ltr'><strong>prepositus</strong></span> <span class='ocrx_word' id='word_1_212' title='bbox 863 2212 1032 2242; x_wconf 84' lang='lat' dir='ltr'><strong>mandavit</strong></span> <span class='ocrx_word' id='word_1_213' title='bbox 1048 2213 1172 2243; x_wconf 87' lang='lat' dir='ltr'><strong>decano</strong></span> 
     </span>
     <span class='ocr_line' id='line_1_31' title="bbox 158 2265 1172 2305; baseline 0 -8"><span class='ocrx_word' id='word_1_214' title='bbox 158 2271 191 2298; x_wconf 88' lang='lat' dir='ltr'><strong>et</strong></span> <span class='ocrx_word' id='word_1_215' title='bbox 206 2266 350 2305; x_wconf 89' lang='lat' dir='ltr'><strong>capitulo</strong></span> <span class='ocrx_word' id='word_1_216' title='bbox 367 2266 558 2296; x_wconf 89' lang='lat' dir='ltr'><strong>memoratis</strong></span> <span class='ocrx_word' id='word_1_217' title='bbox 577 2270 614 2296; x_wconf 88' lang='lat' dir='ltr'><strong>ut</strong></span> <span class='ocrx_word' id='word_1_218' title='bbox 629 2265 718 2295; x_wconf 84' lang='lat' dir='ltr'><strong>infra</strong></span> <span class='ocrx_word' id='word_1_219' title='bbox 733 2270 860 2296; x_wconf 88' lang='lat' dir='ltr'><strong>certum</strong></span> <span class='ocrx_word' id='word_1_220' title='bbox 877 2266 1056 2296; x_wconf 88' lang='lat' dir='ltr'><strong>terminum</strong></span> <span class='ocrx_word' id='word_1_221' title='bbox 1073 2275 1172 2305; x_wconf 87' lang='lat' dir='ltr'><strong>quem</strong></span> 
     </span>
     <span class='ocr_line' id='line_1_32' title="bbox 160 2319 1172 2359; baseline -0.002 -8"><span class='ocrx_word' id='word_1_222' title='bbox 160 2320 210 2352; x_wconf 87' lang='lat' dir='ltr'><strong>eis</strong></span> <span class='ocrx_word' id='word_1_223' title='bbox 223 2320 416 2359; x_wconf 79' lang='lat' dir='ltr'><strong>prefixcrat.</strong></span> <span class='ocrx_word' id='word_1_224' title='bbox 435 2319 563 2358; x_wconf 85' lang='lat' dir='ltr'><strong>aliquid</strong></span> <span class='ocrx_word' id='word_1_225' title='bbox 585 2323 699 2349; x_wconf 84' lang='lat' dir='ltr'><strong>contra</strong></span> <span class='ocrx_word' id='word_1_226' title='bbox 720 2327 897 2357; x_wconf 84' lang='lat' dir='ltr'><strong>personam</strong></span> <span class='ocrx_word' id='word_1_227' title='bbox 912 2319 1019 2357; x_wconf 87' lang='lat' dir='ltr'><strong>ipsius</strong></span> <span class='ocrx_word' id='word_1_228' title='bbox 1036 2319 1172 2349; x_wconf 87' lang='lat' dir='ltr'><strong>subdia-</strong></span> 
     </span>
     <span class='ocr_line' id='line_1_33' title="bbox 161 2371 1173 2411; baseline -0.002 -7"><span class='ocrx_word' id='word_1_229' title='bbox 161 2373 236 2404; x_wconf 86' lang='lat' dir='ltr'><strong>coni</strong></span> <span class='ocrx_word' id='word_1_230' title='bbox 257 2371 469 2407; x_wconf 82' lang='lat' dir='ltr'><strong>rationabile,</strong></span> <span class='ocrx_word' id='word_1_231' title='bbox 490 2381 593 2411; x_wconf 89' lang='lat' dir='ltr'><strong>quarc</strong></span> <span class='ocrx_word' id='word_1_232' title='bbox 617 2381 682 2402; x_wconf 91' lang='lat' dir='ltr'><strong>non</strong></span> <span class='ocrx_word' id='word_1_233' title='bbox 701 2371 836 2402; x_wconf 84' lang='lat' dir='ltr'><strong>deberet</strong></span> <span class='ocrx_word' id='word_1_234' title='bbox 851 2381 909 2410; x_wconf 89' lang='lat' dir='ltr'><strong>pro</strong></span> <span class='ocrx_word' id='word_1_235' title='bbox 925 2381 963 2402; x_wconf 91' lang='lat' dir='ltr'><strong>eo</strong></span> <span class='ocrx_word' id='word_1_236' title='bbox 979 2371 1173 2402; x_wconf 81' lang='lat' dir='ltr'><strong>mandat-um</strong></span> 
     </span>
    </p>
   </div>
   <div class='ocr_carea' id='block_1_12' title="bbox 161 2420 1204 2466">
    <p class='ocr_par' dir='ltr' id='par_1_12' title="bbox 161 2420 1204 2466">
     <span class='ocr_line' id='line_1_34' title="bbox 161 2420 1204 2466; baseline -0.001 -9"><span class='ocrx_word' id='word_1_237' title='bbox 161 2426 380 2466; x_wconf 86' lang='lat' dir='ltr'><strong>apostolicum</strong></span> <span class='ocrx_word' id='word_1_238' title='bbox 399 2425 591 2464; x_wconf 86' lang='lat' dir='ltr'><strong>adimpleri,</strong></span> <span class='ocrx_word' id='word_1_239' title='bbox 611 2425 640 2455; x_wconf 90' lang='lat' dir='ltr'><strong>si</strong></span> <span class='ocrx_word' id='word_1_240' title='bbox 658 2424 800 2461; x_wconf 84' lang='lat' dir='ltr'><strong>vellent,</strong></span> <span class='ocrx_word' id='word_1_241' title='bbox 818 2425 989 2456; x_wconf 86' lang='lat' dir='ltr'><strong>obicerent</strong></span> <span class='ocrx_word' id='word_1_242' title='bbox 1005 2429 1036 2456; x_wconf 91' lang='lat' dir='ltr'><strong>et</strong></span> <span class='ocrx_word' id='word_1_243' title='bbox 1053 2425 1173 2464; x_wconf 85' lang='lat' dir='ltr'><strong>proba·</strong></span> <span class='ocrx_word' id='word_1_244' title='bbox 1199 2420 1204 2426; x_wconf 81' lang='grc'><strong>”</strong></span> 
     </span>
    </p>
   </div>
   <div class='ocr_carea' id='block_1_13' title="bbox 158 2477 1175 2888">
    <p class='ocr_par' dir='ltr' id='par_1_13' title="bbox 158 2477 1175 2888">
     <span class='ocr_line' id='line_1_35' title="bbox 158 2477 1173 2517; baseline -0.001 -7"><span class='ocrx_word' id='word_1_245' title='bbox 158 2483 251 2515; x_wconf 86' lang='lat' dir='ltr'><strong>rent,</strong></span> <span class='ocrx_word' id='word_1_246' title='bbox 269 2478 420 2517; x_wconf 87' lang='lat' dir='ltr'><strong>alioquin</strong></span> <span class='ocrx_word' id='word_1_247' title='bbox 436 2487 511 2508; x_wconf 90' lang='lat' dir='ltr'><strong>eum</strong></span> <span class='ocrx_word' id='word_1_248' title='bbox 528 2478 562 2508; x_wconf 90' lang='lat' dir='ltr'><strong>in</strong></span> <span class='ocrx_word' id='word_1_249' title='bbox 580 2477 777 2508; x_wconf 90' lang='lat' dir='ltr'><strong>canonicum</strong></span> <span class='ocrx_word' id='word_1_250' title='bbox 793 2478 980 2516; x_wconf 84' lang='lat' dir='ltr'><strong>reciperent</strong></span> <span class='ocrx_word' id='word_1_251' title='bbox 1001 2482 1031 2508; x_wconf 88' lang='lat' dir='ltr'><strong>et</strong></span> <span class='ocrx_word' id='word_1_252' title='bbox 1047 2478 1082 2508; x_wconf 89' lang='lat' dir='ltr'><strong>in</strong></span> <span class='ocrx_word' id='word_1_253' title='bbox 1104 2479 1173 2509; x_wconf 86' lang='lat' dir='ltr'><strong>fra-</strong></span> 
     </span>
     <span class='ocr_line' id='line_1_36' title="bbox 160 2530 1171 2572; baseline -0.001 -9"><span class='ocrx_word' id='word_1_254' title='bbox 160 2536 244 2564; x_wconf 89' lang='lat' dir='ltr'><strong>trem</strong></span> <span class='ocrx_word' id='word_1_255' title='bbox 254 2543 260 2569; x_wconf 88' lang='lat'>;</span> <span class='ocrx_word' id='word_1_256' title='bbox 271 2533 329 2572; x_wconf 84' lang='lat' dir='ltr'><strong>qui</strong></span> <span class='ocrx_word' id='word_1_257' title='bbox 341 2531 447 2562; x_wconf 86' lang='lat' dir='ltr'><strong>nichil</strong></span> <span class='ocrx_word' id='word_1_258' title='bbox 458 2531 690 2570; x_wconf 87' lang='lat' dir='ltr'><strong>contraipsum</strong></span> <span class='ocrx_word' id='word_1_259' title='bbox 705 2530 945 2561; x_wconf 86' lang='lat' dir='ltr'><strong>subdiaconum</strong></span> <span class='ocrx_word' id='word_1_260' title='bbox 957 2535 1171 2570; x_wconf 86' lang='lat' dir='ltr'><strong>opponentes,</strong></span> 
     </span>
     <span class='ocr_line' id='line_1_37' title="bbox 158 2584 1173 2624; baseline -0.001 -8"><span class='ocrx_word' id='word_1_261' title='bbox 158 2586 338 2622; x_wconf 86' lang='lat' dir='ltr'><strong>malitiose,</strong></span> <span class='ocrx_word' id='word_1_262' title='bbox 351 2591 387 2616; x_wconf 90' lang='lat' dir='ltr'><strong>ut</strong></span> <span class='ocrx_word' id='word_1_263' title='bbox 399 2585 624 2624; x_wconf 84' lang='lat' dir='ltr'><strong>receptionem</strong></span> <span class='ocrx_word' id='word_1_264' title='bbox 637 2589 853 2623; x_wconf 77' lang='lat' dir='ltr'><strong>prorogarem</strong></span> <span class='ocrx_word' id='word_1_265' title='bbox 863 2584 1023 2624; x_wconf 82' lang='lat' dir='ltr'><strong>ejusdcm,</strong></span> <span class='ocrx_word' id='word_1_266' title='bbox 1039 2594 1173 2615; x_wconf 88' lang='lat' dir='ltr'><strong>causam</strong></span> 
     </span>
     <span class='ocr_line' id='line_1_38' title="bbox 161 2637 1174 2677; baseline -0.001 -8"><span class='ocrx_word' id='word_1_267' title='bbox 161 2638 360 2677; x_wconf 88' lang='lat' dir='ltr'><strong>suspitionis</strong></span> <span class='ocrx_word' id='word_1_268' title='bbox 381 2637 573 2677; x_wconf 87' lang='lat' dir='ltr'><strong>hujusmodi</strong></span> <span class='ocrx_word' id='word_1_269' title='bbox 591 2641 706 2667; x_wconf 90' lang='lat' dir='ltr'><strong>contra</strong></span> <span class='ocrx_word' id='word_1_270' title='bbox 728 2637 851 2667; x_wconf 91' lang='lat' dir='ltr'><strong>dictum</strong></span> <span class='ocrx_word' id='word_1_271' title='bbox 871 2638 1076 2676; x_wconf 87' lang='lat' dir='ltr'><strong>prepositum</strong></span> <span class='ocrx_word' id='word_1_272' title='bbox 1093 2637 1174 2669; x_wconf 87' lang='lat' dir='ltr'><strong>alle-</strong></span> 
     </span>
     <span class='ocr_line' id='line_1_39' title="bbox 161 2689 1174 2730; baseline 0 -9"><span class='ocrx_word' id='word_1_273' title='bbox 161 2694 298 2730; x_wconf 88' lang='lat' dir='ltr'><strong>garunt,</strong></span> <span class='ocrx_word' id='word_1_274' title='bbox 316 2690 443 2721; x_wconf 86' lang='lat' dir='ltr'><strong>scilicet</strong></span> <span class='ocrx_word' id='word_1_275' title='bbox 467 2690 554 2729; x_wconf 91' lang='lat' dir='ltr'><strong>quod</strong></span> <span class='ocrx_word' id='word_1_276' title='bbox 577 2689 639 2720; x_wconf 89' lang='lat' dir='ltr'><strong>sub</strong></span> <span class='ocrx_word' id='word_1_277' title='bbox 661 2690 815 2720; x_wconf 86' lang='lat' dir='ltr'><strong>districtu</strong></span> <span class='ocrx_word' id='word_1_278' title='bbox 834 2694 865 2720; x_wconf 86' lang='lat' dir='ltr'><strong>et</strong></span> <span class='ocrx_word' id='word_1_279' title='bbox 882 2694 1042 2729; x_wconf 85' lang='lat' dir='ltr'><strong>potestate</strong></span> <span class='ocrx_word' id='word_1_280' title='bbox 1060 2691 1174 2722; x_wconf 84' lang='lat' dir='ltr'><strong>fratris</strong></span> 
     </span>
     <span class='ocr_line' id='line_1_40' title="bbox 162 2743 1172 2784; baseline -0.002 -9"><span class='ocrx_word' id='word_1_281' title='bbox 162 2744 270 2784; x_wconf 88' lang='lat' dir='ltr'><strong>ipsius</strong></span> <span class='ocrx_word' id='word_1_282' title='bbox 301 2743 496 2774; x_wconf 86' lang='lat' dir='ltr'><strong>subdiaconi</strong></span> <span class='ocrx_word' id='word_1_283' title='bbox 525 2747 595 2773; x_wconf 87' lang='lat' dir='ltr'><strong>erat</strong></span> <span class='ocrx_word' id='word_1_284' title='bbox 620 2743 708 2773; x_wconf 88' lang='lat' dir='ltr'><strong>idem</strong></span> <span class='ocrx_word' id='word_1_285' title='bbox 741 2743 927 2781; x_wconf 83' lang='lat' dir='ltr'><strong>prepositus</strong></span> <span class='ocrx_word' id='word_1_286' title='bbox 955 2744 1172 2780; x_wconf 89' lang='lat' dir='ltr'><strong>constitutus,</strong></span> 
     </span>
     <span class='ocr_line' id='line_1_41' title="bbox 163 2795 1175 2835; baseline -0.001 -7"><span class='ocrx_word' id='word_1_287' title='bbox 163 2806 238 2828; x_wconf 90' lang='lat' dir='ltr'><strong>cum</strong></span> <span class='ocrx_word' id='word_1_288' title='bbox 253 2805 369 2827; x_wconf 86' lang='lat' dir='ltr'><strong>revera</strong></span> <span class='ocrx_word' id='word_1_289' title='bbox 386 2796 625 2826; x_wconf 89' lang='lat' dir='ltr'><strong>monasterium</strong></span> <span class='ocrx_word' id='word_1_290' title='bbox 649 2795 757 2834; x_wconf 88' lang='lat' dir='ltr'><strong>ipsum</strong></span> <span class='ocrx_word' id='word_1_291' title='bbox 775 2795 818 2826; x_wconf 91' lang='lat' dir='ltr'><strong>sit</strong></span> <span class='ocrx_word' id='word_1_292' title='bbox 835 2795 978 2826; x_wconf 85' lang='lat' dir='ltr'><strong>liberum</strong></span> <span class='ocrx_word' id='word_1_293' title='bbox 995 2800 1027 2826; x_wconf 85' lang='lat' dir='ltr'><strong>et</strong></span> <span class='ocrx_word' id='word_1_294' title='bbox 1043 2805 1175 2835; x_wconf 82' lang='lat' dir='ltr'><strong>exemp-</strong></span> 
     </span>
     <span class='ocr_line' id='line_1_42' title="bbox 163 2848 1175 2888; baseline 0 -8"><span class='ocrx_word' id='word_1_295' title='bbox 163 2854 250 2885; x_wconf 86' lang='lat' dir='ltr'><strong>tum,</strong></span> <span class='ocrx_word' id='word_1_296' title='bbox 269 2854 301 2880; x_wconf 89' lang='lat' dir='ltr'><strong>et</strong></span> <span class='ocrx_word' id='word_1_297' title='bbox 319 2848 445 2879; x_wconf 88' lang='lat' dir='ltr'><strong>nullam</strong></span> <span class='ocrx_word' id='word_1_298' title='bbox 466 2849 500 2878; x_wconf 91' lang='lat' dir='ltr'><strong>in</strong></span> <span class='ocrx_word' id='word_1_299' title='bbox 523 2857 561 2879; x_wconf 90' lang='lat' dir='ltr'><strong>eo</strong></span> <span class='ocrx_word' id='word_1_300' title='bbox 583 2848 691 2878; x_wconf 87' lang='lat' dir='ltr'><strong>dictus</strong></span> <span class='ocrx_word' id='word_1_301' title='bbox 714 2849 1098 2888; x_wconf 81' lang='lat' dir='ltr'><strong>fraterjurisdictionem</strong></span> <span class='ocrx_word' id='word_1_302' title='bbox 1116 2858 1175 2880; x_wconf 91' lang='lat' dir='ltr'><strong>seu</strong></span> 
     </span>
    </p>
   </div>
   <div class='ocr_carea' id='block_1_14' title="bbox 198 2950 910 2996">
    <p class='ocr_par' dir='ltr' id='par_1_14' title="bbox 198 2950 910 2996">
     <span class='ocr_line' id='line_1_43' title="bbox 198 2950 910 2996; baseline -0.006 -2"><span class='ocrx_word' id='word_1_303' title='bbox 198 2970 219 2994; x_wconf 80' lang='grc' dir='ltr'><strong>ι.</strong></span> <span class='ocrx_word' id='word_1_304' title='bbox 233 2968 524 2994; x_wconf 46' lang='lat' dir='ltr'><strong>stemma-mmm</strong></span> <span class='ocrx_word' id='word_1_305' title='bbox 543 2967 617 2992; x_wconf 77' lang='lat'>¹5130</span> <span class='ocrx_word' id='word_1_306' title='bbox 633 2968 656 2996; x_wconf 90' lang='lat'><strong>(5</strong></span> <span class='ocrx_word' id='word_1_307' title='bbox 670 2967 814 2991; x_wconf 65' lang='lat' dir='ltr'><strong>decembre</strong></span> <span class='ocrx_word' id='word_1_308' title='bbox 832 2950 910 2995; x_wconf 62' lang='lat' dir='ltr'><strong>nan.</strong></span> 
     </span>
    </p>
   </div>
   <div class='ocr_carea' id='block_1_15' title="bbox 1011 292 2264 333">
    <p class='ocr_par' dir='ltr' id='par_1_15' title="bbox 1011 292 2264 333">
     <span class='ocr_line' id='line_1_44' title="bbox 1011 292 2264 333; baseline 0.002 -3"><span class='ocrx_word' id='word_1_309' title='bbox 1011 292 1228 332; x_wconf 77' lang='lat' dir='ltr'><strong>HUITIEME</strong></span> <span class='ocrx_word' id='word_1_310' title='bbox 1251 293 1410 330; x_wconf 78' lang='lat' dir='ltr'>ANNEE.</span> <span class='ocrx_word' id='word_1_311' title='bbox 2190 304 2264 333; x_wconf 66' lang='lat' dir='ltr'>1111ss</span> 
     </span>
    </p>
   </div>
   <div class='ocr_carea' id='block_1_16' title="bbox 1249 367 2268 2997">
    <p class='ocr_par' dir='ltr' id='par_1_16' title="bbox 1249 367 2268 2997">
     <span class='ocr_line' id='line_1_45' title="bbox 1252 367 2261 407; baseline 0.004 -12"><span class='ocrx_word' id='word_1_312' title='bbox 1252 370 1447 404; x_wconf 83' lang='lat' dir='ltr'><strong>potestatem</strong></span> <span class='ocrx_word' id='word_1_313' title='bbox 1464 367 1614 405; x_wconf 64' lang='lat' dir='ltr'><strong>obtinere</strong></span> <span class='ocrx_word' id='word_1_314' title='bbox 1632 372 1798 397; x_wconf 81' lang='lat' dir='ltr'><strong>noscatur.</strong></span> <span class='ocrx_word' id='word_1_315' title='bbox 1817 368 1880 398; x_wconf 72' lang='lat' dir='ltr'><strong>Sed</strong></span> <span class='ocrx_word' id='word_1_316' title='bbox 1896 368 2043 406; x_wconf 73' lang='lat' dir='ltr'><strong>prefatus</strong></span> <span class='ocrx_word' id='word_1_317' title='bbox 2063 369 2261 407; x_wconf 72' lang='lat' dir='ltr'><strong>prepositus,</strong></span> 
     </span>
     <span class='ocr_line' id='line_1_46' title="bbox 1252 419 2263 458; baseline 0.003 -10"><span class='ocrx_word' id='word_1_318' title='bbox 1252 427 1386 449; x_wconf 81' lang='lat' dir='ltr'><strong>causam</strong></span> <span class='ocrx_word' id='word_1_319' title='bbox 1406 419 1596 458; x_wconf 79' lang='lat' dir='ltr'><strong>hujusmodi</strong></span> <span class='ocrx_word' id='word_1_320' title='bbox 1618 420 1815 458; x_wconf 81' lang='lat' dir='ltr'><strong>suspitionis</strong></span> <span class='ocrx_word' id='word_1_321' title='bbox 1839 420 1877 450; x_wconf 81' lang='lat' dir='ltr'><strong>de</strong></span> <span class='ocrx_word' id='word_1_322' title='bbox 1900 421 2098 458; x_wconf 75' lang='lat' dir='ltr'><strong>prudentum</strong></span> <span class='ocrx_word' id='word_1_323' title='bbox 2116 422 2263 452; x_wconf 81' lang='lat' dir='ltr'><strong>virorum</strong></span> 
     </span>
     <span class='ocr_line' id='line_1_47' title="bbox 1252 471 2263 512; baseline 0.003 -11"><span class='ocrx_word' id='word_1_324' title='bbox 1252 471 1392 501; x_wconf 82' lang='lat' dir='ltr'><strong>consilio</strong></span> <span class='ocrx_word' id='word_1_325' title='bbox 1410 472 1562 502; x_wconf 80' lang='lat' dir='ltr'><strong>frivolam</strong></span> <span class='ocrx_word' id='word_1_326' title='bbox 1577 477 1746 512; x_wconf 84' lang='lat' dir='ltr'><strong>reputans,</strong></span> <span class='ocrx_word' id='word_1_327' title='bbox 1763 478 1858 511; x_wconf 85' lang='lat' dir='ltr'><strong>prout</strong></span> <span class='ocrx_word' id='word_1_328' title='bbox 1875 477 1955 508; x_wconf 82' lang='lat' dir='ltr'><strong>crat,</strong></span> <span class='ocrx_word' id='word_1_329' title='bbox 1974 474 2114 504; x_wconf 79' lang='lat' dir='ltr'><strong>eundem</strong></span> <span class='ocrx_word' id='word_1_330' title='bbox 2128 475 2263 505; x_wconf 78' lang='lat' dir='ltr'><strong>subdia-</strong></span> 
     </span>
     <span class='ocr_line' id='line_1_48' title="bbox 1252 525 2262 565; baseline 0.004 -12"><span class='ocrx_word' id='word_1_331' title='bbox 1252 525 1472 563; x_wconf 77' lang='lat' dir='ltr'><strong>conumjuxta</strong></span> <span class='ocrx_word' id='word_1_332' title='bbox 1487 526 1678 555; x_wconf 85' lang='lat' dir='ltr'><strong>mandatum</strong></span> <span class='ocrx_word' id='word_1_333' title='bbox 1694 530 1844 556; x_wconf 85' lang='lat' dir='ltr'><strong>nostrum</strong></span> <span class='ocrx_word' id='word_1_334' title='bbox 1857 526 1890 555; x_wconf 91' lang='lat' dir='ltr'><strong>in</strong></span> <span class='ocrx_word' id='word_1_335' title='bbox 1908 527 2003 565; x_wconf 79' lang='lat' dir='ltr'><strong>quasi</strong></span> <span class='ocrx_word' id='word_1_336' title='bbox 2019 528 2262 565; x_wconf 67' lang='lat' dir='ltr'><strong>possessionem</strong></span> 
     </span>
     <span class='ocr_line' id='line_1_49' title="bbox 1252 578 2263 615; baseline 0.005 -9"><span class='ocrx_word' id='word_1_337' title='bbox 1252 578 1467 608; x_wconf 78' lang='lat' dir='ltr'><strong>canonicatus</strong></span> <span class='ocrx_word' id='word_1_338' title='bbox 1491 579 1640 615; x_wconf 79' lang='lat' dir='ltr'><strong>induxit,</strong></span> <span class='ocrx_word' id='word_1_339' title='bbox 1666 583 1697 609; x_wconf 86' lang='lat' dir='ltr'><strong>et</strong></span> <span class='ocrx_word' id='word_1_340' title='bbox 1719 579 1754 608; x_wconf 89' lang='lat' dir='ltr'><strong>in</strong></span> <span class='ocrx_word' id='word_1_341' title='bbox 1777 579 2036 609; x_wconf 71' lang='lat' dir='ltr'><strong>contradictores</strong></span> <span class='ocrx_word' id='word_1_342' title='bbox 2065 585 2095 610; x_wconf 80' lang='lat' dir='ltr'><strong>ct</strong></span> <span class='ocrx_word' id='word_1_343' title='bbox 2123 581 2263 611; x_wconf 78' lang='lat' dir='ltr'><strong>rebelles</strong></span> 
     </span>
     <span class='ocr_line' id='line_1_50' title="bbox 1252 631 2263 672; baseline 0.004 -13"><span class='ocrx_word' id='word_1_344' title='bbox 1252 631 1606 661; x_wconf 81' lang='lat' dir='ltr'><strong>excommunicationis</strong></span> <span class='ocrx_word' id='word_1_345' title='bbox 1625 631 1841 666; x_wconf 84' lang='lat' dir='ltr'><strong>sententiam,</strong></span> <span class='ocrx_word' id='word_1_346' title='bbox 1862 632 2013 667; x_wconf 55' lang='lat' dir='ltr'><strong>exigent„—</strong></span> <span class='ocrx_word' id='word_1_347' title='bbox 2027 633 2170 671; x_wconf 82' lang='lat' dir='ltr'><strong>justitia.</strong></span> <span class='ocrx_word' id='word_1_348' title='bbox 2189 643 2263 672; x_wconf 90' lang='lat' dir='ltr'><strong>pro-</strong></span> 
     </span>
     <span class='ocr_line' id='line_1_51' title="bbox 1251 682 2263 723; baseline 0.005 -12"><span class='ocrx_word' id='word_1_349' title='bbox 1251 682 1432 721; x_wconf 78' lang='lat' dir='ltr'><strong>mulgavit;</strong></span> <span class='ocrx_word' id='word_1_350' title='bbox 1450 688 1582 722; x_wconf 83' lang='lat' dir='ltr'><strong>propter</strong></span> <span class='ocrx_word' id='word_1_351' title='bbox 1601 684 1688 723; x_wconf 86' lang='lat' dir='ltr'><strong>quod</strong></span> <span class='ocrx_word' id='word_1_352' title='bbox 1706 684 1841 722; x_wconf 81' lang='lat' dir='ltr'><strong>quidam</strong></span> <span class='ocrx_word' id='word_1_353' title='bbox 1858 684 1896 713; x_wconf 84' lang='lat' dir='ltr'><strong>de</strong></span> <span class='ocrx_word' id='word_1_354' title='bbox 1912 684 2056 722; x_wconf 83' lang='lat' dir='ltr'><strong>capitulo</strong></span> <span class='ocrx_word' id='word_1_355' title='bbox 2075 686 2263 723; x_wconf 77' lang='lat' dir='ltr'><strong>supradicto</strong></span> 
     </span>
     <span class='ocr_line' id='line_1_52' title="bbox 1252 737 2263 776; baseline 0.004 -11"><span class='ocrx_word' id='word_1_356' title='bbox 1252 737 1393 766; x_wconf 88' lang='lat' dir='ltr'><strong>eundem</strong></span> <span class='ocrx_word' id='word_1_357' title='bbox 1416 737 1636 775; x_wconf 82' lang='lat' dir='ltr'><strong>prepositum,</strong></span> <span class='ocrx_word' id='word_1_358' title='bbox 1657 746 1721 767; x_wconf 90' lang='lat' dir='ltr'><strong>non</strong></span> <span class='ocrx_word' id='word_1_359' title='bbox 1742 738 1814 767; x_wconf 78' lang='lat' dir='ltr'><strong>sinc</strong></span> <span class='ocrx_word' id='word_1_360' title='bbox 1832 737 1977 767; x_wconf 83' lang='lat' dir='ltr'><strong>violenta</strong></span> <span class='ocrx_word' id='word_1_361' title='bbox 1998 738 2176 776; x_wconf 80' lang='lat' dir='ltr'><strong>injectione</strong></span> <span class='ocrx_word' id='word_1_362' title='bbox 2194 749 2263 769; x_wconf 85' lang='lat' dir='ltr'><strong>ma-</strong></span> 
     </span>
     <span class='ocr_line' id='line_1_53' title="bbox 1252 789 2261 829; baseline 0.003 -11"><span class='ocrx_word' id='word_1_363' title='bbox 1252 798 1372 824; x_wconf 84' lang='lat' dir='ltr'><strong>nuum,</strong></span> <span class='ocrx_word' id='word_1_364' title='bbox 1392 789 1616 820; x_wconf 82' lang='lat' dir='ltr'><strong>irreverenter</strong></span> <span class='ocrx_word' id='word_1_365' title='bbox 1632 790 1672 820; x_wconf 93' lang='lat' dir='ltr'><strong>ab</strong></span> <span class='ocrx_word' id='word_1_366' title='bbox 1689 790 1829 820; x_wconf 82' lang='lat' dir='ltr'><strong>ecclesia</strong></span> <span class='ocrx_word' id='word_1_367' title='bbox 1847 790 1966 825; x_wconf 83' lang='lat' dir='ltr'><strong>eicere,</strong></span> <span class='ocrx_word' id='word_1_368' title='bbox 1987 790 2021 819; x_wconf 90' lang='lat' dir='ltr'><strong>in</strong></span> <span class='ocrx_word' id='word_1_369' title='bbox 2039 796 2261 829; x_wconf 85' lang='lat' dir='ltr'><strong>contemptum</strong></span> 
     </span>
     <span class='ocr_line' id='line_1_54' title="bbox 1252 842 2263 883; baseline 0.004 -12"><span class='ocrx_word' id='word_1_370' title='bbox 1252 845 1284 872; x_wconf 90' lang='lat' dir='ltr'><strong>et</strong></span> <span class='ocrx_word' id='word_1_371' title='bbox 1306 842 1464 881; x_wconf 88' lang='lat' dir='ltr'><strong>injuriam</strong></span> <span class='ocrx_word' id='word_1_372' title='bbox 1485 842 1580 873; x_wconf 83' lang='lat' dir='ltr'><strong>Sedis</strong></span> <span class='ocrx_word' id='word_1_373' title='bbox 1600 843 1788 881; x_wconf 78' lang='lat' dir='ltr'><strong>Apostolice</strong></span> <span class='ocrx_word' id='word_1_374' title='bbox 1800 849 2115 881; x_wconf 72' lang='lat' dir='ltr'><strong>,presu1npscrunt.</strong></span> <span class='ocrx_word' id='word_1_375' title='bbox 2134 848 2165 874; x_wconf 86' lang='lat' dir='ltr'><strong>et</strong></span> <span class='ocrx_word' id='word_1_376' title='bbox 2186 854 2263 883; x_wconf 81' lang='lat' dir='ltr'><strong>sug-</strong></span> 
     </span>
     <span class='ocr_line' id='line_1_55' title="bbox 1251 895 2261 935; baseline 0.003 -11"><span class='ocrx_word' id='word_1_377' title='bbox 1251 899 1404 932; x_wconf 82' lang='lat' dir='ltr'><strong>gerentes</strong></span> <span class='ocrx_word' id='word_1_378' title='bbox 1425 895 1521 925; x_wconf 89' lang='lat' dir='ltr'><strong>nobis</strong></span> <span class='ocrx_word' id='word_1_379' title='bbox 1544 895 1748 925; x_wconf 87' lang='lat' dir='ltr'><strong>mendaciter</strong></span> <span class='ocrx_word' id='word_1_380' title='bbox 1775 895 1862 934; x_wconf 85' lang='lat' dir='ltr'><strong>quod</strong></span> <span class='ocrx_word' id='word_1_381' title='bbox 1888 896 2038 933; x_wconf 79' lang='lat' dir='ltr'><strong>prefatus</strong></span> <span class='ocrx_word' id='word_1_382' title='bbox 2063 897 2261 935; x_wconf 81' lang='lat' dir='ltr'><strong>prepositus.</strong></span> 
     </span>
     <span class='ocr_line' id='line_1_56' title="bbox 1252 947 2261 987; baseline 0.002 -10"><span class='ocrx_word' id='word_1_383' title='bbox 1252 956 1307 977; x_wconf 87' lang='lat' dir='ltr'><strong>eos</strong></span> <span class='ocrx_word' id='word_1_384' title='bbox 1330 951 1487 985; x_wconf 87' lang='lat' dir='ltr'><strong>reputans</strong></span> <span class='ocrx_word' id='word_1_385' title='bbox 1513 952 1740 983; x_wconf 85' lang='lat' dir='ltr'><strong>contumaces,</strong></span> <span class='ocrx_word' id='word_1_386' title='bbox 1767 947 1860 977; x_wconf 87' lang='lat' dir='ltr'><strong>nulla</strong></span> <span class='ocrx_word' id='word_1_387' title='bbox 1882 948 2065 978; x_wconf 88' lang='lat' dir='ltr'><strong>monitione</strong></span> <span class='ocrx_word' id='word_1_388' title='bbox 2088 950 2261 987; x_wconf 83' lang='lat' dir='ltr'><strong>premissa,</strong></span> 
     </span>
     <span class='ocr_line' id='line_1_57' title="bbox 1251 999 2263 1038; baseline 0.003 -9"><span class='ocrx_word' id='word_1_389' title='bbox 1251 999 1359 1038; x_wconf 91' lang='lat' dir='ltr'><strong>ipsum</strong></span> <span class='ocrx_word' id='word_1_390' title='bbox 1377 1000 1412 1029; x_wconf 94' lang='lat' dir='ltr'><strong>in</strong></span> <span class='ocrx_word' id='word_1_391' title='bbox 1429 1000 1477 1030; x_wconf 89' lang='lat' dir='ltr'><strong>rei</strong></span> <span class='ocrx_word' id='word_1_392' title='bbox 1496 1000 1597 1038; x_wconf 89' lang='lat' dir='ltr'><strong>petite</strong></span> <span class='ocrx_word' id='word_1_393' title='bbox 1619 1000 1865 1038; x_wconf 87' lang='lat' dir='ltr'><strong>possessionem</strong></span> <span class='ocrx_word' id='word_1_394' title='bbox 1882 1001 2074 1037; x_wconf 82' lang='lat' dir='ltr'><strong>induxerat,</strong></span> <span class='ocrx_word' id='word_1_395' title='bbox 2095 1011 2131 1031; x_wconf 88' lang='lat' dir='ltr'><strong>ac</strong></span> <span class='ocrx_word' id='word_1_396' title='bbox 2149 1011 2185 1031; x_wconf 79' lang='lat' dir='ltr'><strong>ex</strong></span> <span class='ocrx_word' id='word_1_397' title='bbox 2202 1002 2263 1032; x_wconf 89' lang='lat' dir='ltr'><strong>hoe</strong></span> 
     </span>
     <span class='ocr_line' id='line_1_58' title="bbox 1252 1052 2263 1094; baseline 0.004 -12"><span class='ocrx_word' id='word_1_398' title='bbox 1252 1052 1454 1091; x_wconf 85' lang='lat' dir='ltr'><strong>appellatum</strong></span> <span class='ocrx_word' id='word_1_399' title='bbox 1467 1062 1540 1083; x_wconf 90' lang='lat' dir='ltr'><strong>esse</strong></span> <span class='ocrx_word' id='word_1_400' title='bbox 1555 1053 1714 1089; x_wconf 85' lang='lat' dir='ltr'><strong>dicentes,</strong></span> <span class='ocrx_word' id='word_1_401' title='bbox 1731 1054 1771 1083; x_wconf 86' lang='lat' dir='ltr'><strong>ad</strong></span> <span class='ocrx_word' id='word_1_402' title='bbox 1785 1077 1804 1082; x_wconf 94' lang='lat'><strong>..</strong></span> <span class='ocrx_word' id='word_1_403' title='bbox 1818 1054 1978 1084; x_wconf 87' lang='lat' dir='ltr'><strong>decanum</strong></span> <span class='ocrx_word' id='word_1_404' title='bbox 1998 1055 2133 1094; x_wconf 88' lang='lat' dir='ltr'><strong>Majoris</strong></span> <span class='ocrx_word' id='word_1_405' title='bbox 2152 1055 2263 1086; x_wconf 85' lang='lat' dir='ltr'><strong>Eccle-</strong></span> 
     </span>
     <span class='ocr_line' id='line_1_59' title="bbox 1252 1105 2263 1147; baseline 0.003 -12"><span class='ocrx_word' id='word_1_406' title='bbox 1252 1105 1300 1136; x_wconf 90' lang='lat' dir='ltr'><strong>sie</strong></span> <span class='ocrx_word' id='word_1_407' title='bbox 1316 1106 1575 1143; x_wconf 82' lang='lat' dir='ltr'><strong>Argentinensis</strong></span> <span class='ocrx_word' id='word_1_408' title='bbox 1598 1110 1630 1136; x_wconf 90' lang='lat' dir='ltr'><strong>et</strong></span> <span class='ocrx_word' id='word_1_409' title='bbox 1652 1116 1730 1137; x_wconf 89' lang='lat' dir='ltr'><strong>suos</strong></span> <span class='ocrx_word' id='word_1_410' title='bbox 1748 1107 1939 1146; x_wconf 85' lang='lat' dir='ltr'><strong>conjudices</strong></span> <span class='ocrx_word' id='word_1_411' title='bbox 1959 1112 2089 1138; x_wconf 86' lang='lat' dir='ltr'><strong>nostras</strong></span> <span class='ocrx_word' id='word_1_412' title='bbox 2105 1108 2263 1147; x_wconf 88' lang='lat' dir='ltr'><strong>impetra-</strong></span> 
     </span>
     <span class='ocr_line' id='line_1_60' title="bbox 1250 1157 2262 1198; baseline 0.004 -11"><span class='ocrx_word' id='word_1_413' title='bbox 1250 1162 1328 1187; x_wconf 90' lang='lat' dir='ltr'><strong>runt</strong></span> <span class='ocrx_word' id='word_1_414' title='bbox 1352 1157 1482 1189; x_wconf 86' lang='lat' dir='ltr'><strong>litteras</strong></span> <span class='ocrx_word' id='word_1_415' title='bbox 1503 1163 1618 1189; x_wconf 88' lang='lat' dir='ltr'><strong>contra</strong></span> <span class='ocrx_word' id='word_1_416' title='bbox 1640 1168 1727 1189; x_wconf 88' lang='lat' dir='ltr'><strong>eum.</strong></span> <span class='ocrx_word' id='word_1_417' title='bbox 1749 1160 1878 1196; x_wconf 84' lang='lat' dir='ltr'><strong>Quibus</strong></span> <span class='ocrx_word' id='word_1_418' title='bbox 1900 1160 2108 1198; x_wconf 87' lang='lat' dir='ltr'><strong>postmodum</strong></span> <span class='ocrx_word' id='word_1_419' title='bbox 2125 1161 2163 1191; x_wconf 88' lang='lat' dir='ltr'><strong>de</strong></span> <span class='ocrx_word' id='word_1_420' title='bbox 2184 1170 2262 1192; x_wconf 89' lang='lat' dir='ltr'><strong>con-</strong></span> 
     </span>
     <span class='ocr_line' id='line_1_61' title="bbox 1250 1212 2262 1251; baseline 0.005 -11"><span class='ocrx_word' id='word_1_421' title='bbox 1250 1219 1351 1241; x_wconf 88' lang='lat' dir='ltr'><strong>sensu</strong></span> <span class='ocrx_word' id='word_1_422' title='bbox 1373 1212 1481 1250; x_wconf 87' lang='lat' dir='ltr'><strong>ipsius</strong></span> <span class='ocrx_word' id='word_1_423' title='bbox 1506 1212 1702 1242; x_wconf 84' lang='lat' dir='ltr'><strong>subdiaconi</strong></span> <span class='ocrx_word' id='word_1_424' title='bbox 1722 1213 1885 1251; x_wconf 81' lang='lat' dir='ltr'><strong>prefatam</strong></span> <span class='ocrx_word' id='word_1_425' title='bbox 1909 1214 2262 1245; x_wconf 76' lang='lat' dir='ltr'><strong>cxcmnmunicationis</strong></span> 
     </span>
     <span class='ocr_line' id='line_1_62' title="bbox 1251 1265 2262 1306; baseline 0.003 -12"><span class='ocrx_word' id='word_1_426' title='bbox 1251 1265 1453 1295; x_wconf 87' lang='lat' dir='ltr'><strong>sententiam</strong></span> <span class='ocrx_word' id='word_1_427' title='bbox 1469 1265 1708 1302; x_wconf 84' lang='lat' dir='ltr'><strong>relaxantibus,</strong></span> <span class='ocrx_word' id='word_1_428' title='bbox 1725 1266 1804 1296; x_wconf 84' lang='lat' dir='ltr'><strong>dicti</strong></span> <span class='ocrx_word' id='word_1_429' title='bbox 1820 1266 1965 1297; x_wconf 88' lang='lat' dir='ltr'><strong>decanus</strong></span> <span class='ocrx_word' id='word_1_430' title='bbox 1982 1271 2013 1297; x_wconf 88' lang='lat' dir='ltr'><strong>et</strong></span> <span class='ocrx_word' id='word_1_431' title='bbox 2031 1267 2214 1306; x_wconf 86' lang='lat' dir='ltr'><strong>capitulum</strong></span> <span class='ocrx_word' id='word_1_432' title='bbox 2227 1267 2262 1298; x_wconf 89' lang='lat' dir='ltr'><strong>in</strong></span> 
     </span>
     <span class='ocr_line' id='line_1_63' title="bbox 1249 1318 2263 1358; baseline 0.003 -11"><span class='ocrx_word' id='word_1_433' title='bbox 1249 1318 1418 1356; x_wconf 87' lang='lat' dir='ltr'><strong>presentia</strong></span> <span class='ocrx_word' id='word_1_434' title='bbox 1438 1319 1629 1348; x_wconf 89' lang='lat' dir='ltr'><strong>eorumdem</strong></span> <span class='ocrx_word' id='word_1_435' title='bbox 1641 1319 1793 1358; x_wconf 88' lang='lat' dir='ltr'><strong>judicum</strong></span> <span class='ocrx_word' id='word_1_436' title='bbox 1810 1324 1925 1349; x_wconf 87' lang='lat' dir='ltr'><strong>contra</strong></span> <span class='ocrx_word' id='word_1_437' title='bbox 1942 1320 2107 1358; x_wconf 81' lang='lat' dir='ltr'><strong>prefatum</strong></span> <span class='ocrx_word' id='word_1_438' title='bbox 2127 1320 2263 1351; x_wconf 88' lang='lat' dir='ltr'><strong>subdia-</strong></span> 
     </span>
     <span class='ocr_line' id='line_1_64' title="bbox 1250 1371 2263 1412; baseline 0.004 -13"><span class='ocrx_word' id='word_1_439' title='bbox 1250 1378 1369 1400; x_wconf 89' lang='lat' dir='ltr'><strong>conum</strong></span> <span class='ocrx_word' id='word_1_440' title='bbox 1385 1371 1505 1401; x_wconf 84' lang='lat' dir='ltr'><strong>frivola</strong></span> <span class='ocrx_word' id='word_1_441' title='bbox 1518 1371 1677 1409; x_wconf 82' lang='lat' dir='ltr'><strong>suffragia</strong></span> <span class='ocrx_word' id='word_1_442' title='bbox 1693 1372 1932 1408; x_wconf 83' lang='lat' dir='ltr'><strong>mendicantes,</strong></span> <span class='ocrx_word' id='word_1_443' title='bbox 1947 1372 2140 1412; x_wconf 85' lang='lat' dir='ltr'><strong>objecerunt</strong></span> <span class='ocrx_word' id='word_1_444' title='bbox 2156 1373 2263 1403; x_wconf 89' lang='lat' dir='ltr'><strong>eidem</strong></span> 
     </span>
     <span class='ocr_line' id='line_1_65' title="bbox 1251 1423 2263 1464; baseline 0.004 -12"><span class='ocrx_word' id='word_1_445' title='bbox 1251 1423 1339 1461; x_wconf 88' lang='lat' dir='ltr'><strong>quod</strong></span> <span class='ocrx_word' id='word_1_446' title='bbox 1367 1423 1600 1453; x_wconf 77' lang='lat' dir='ltr'><strong>canonicatum</strong></span> <span class='ocrx_word' id='word_1_447' title='bbox 1629 1424 1769 1455; x_wconf 85' lang='lat' dir='ltr'><strong>ecclesie</strong></span> <span class='ocrx_word' id='word_1_448' title='bbox 1796 1425 2011 1455; x_wconf 85' lang='lat' dir='ltr'><strong>Trevercnsis</strong></span> <span class='ocrx_word' id='word_1_449' title='bbox 2040 1434 2105 1455; x_wconf 89' lang='lat' dir='ltr'><strong>non</strong></span> <span class='ocrx_word' id='word_1_450' title='bbox 2135 1430 2263 1464; x_wconf 85' lang='lat' dir='ltr'><strong>poterat</strong></span> 
     </span>
     <span class='ocr_line' id='line_1_66' title="bbox 1250 1477 2262 1517; baseline 0.003 -12"><span class='ocrx_word' id='word_1_451' title='bbox 1250 1479 1374 1514; x_wconf 85' lang='lat' dir='ltr'><strong>petere,</strong></span> <span class='ocrx_word' id='word_1_452' title='bbox 1395 1485 1452 1514; x_wconf 90' lang='lat' dir='ltr'><strong>pro</strong></span> <span class='ocrx_word' id='word_1_453' title='bbox 1474 1486 1511 1506; x_wconf 88' lang='lat' dir='ltr'><strong>eo</strong></span> <span class='ocrx_word' id='word_1_454' title='bbox 1528 1477 1632 1515; x_wconf 79' lang='lat' dir='ltr'><strong>quod,</strong></span> <span class='ocrx_word' id='word_1_455' title='bbox 1651 1478 1736 1507; x_wconf 87' lang='lat' dir='ltr'><strong>sicut</strong></span> <span class='ocrx_word' id='word_1_456' title='bbox 1751 1478 1962 1513; x_wconf 87' lang='lat' dir='ltr'><strong>asserebant,</strong></span> <span class='ocrx_word' id='word_1_457' title='bbox 1981 1479 2120 1517; x_wconf 87' lang='lat' dir='ltr'><strong>perjurii</strong></span> <span class='ocrx_word' id='word_1_458' title='bbox 2136 1479 2262 1509; x_wconf 89' lang='lat' dir='ltr'><strong>crimen</strong></span> 
     </span>
     <span class='ocr_line' id='line_1_67' title="bbox 1251 1528 2262 1569; baseline 0.005 -12"><span class='ocrx_word' id='word_1_459' title='bbox 1251 1528 1449 1563; x_wconf 84' lang='lat' dir='ltr'><strong>incurrerat,</strong></span> <span class='ocrx_word' id='word_1_460' title='bbox 1463 1529 1542 1568; x_wconf 88' lang='lat' dir='ltr'><strong>quia</strong></span> <span class='ocrx_word' id='word_1_461' title='bbox 1555 1534 1678 1560; x_wconf 83' lang='lat' dir='ltr'><strong>statuto</strong></span> <span class='ocrx_word' id='word_1_462' title='bbox 1689 1530 1830 1560; x_wconf 90' lang='lat' dir='ltr'><strong>termino</strong></span> <span class='ocrx_word' id='word_1_463' title='bbox 1842 1531 2008 1569; x_wconf 86' lang='lat' dir='ltr'><strong>quandam</strong></span> <span class='ocrx_word' id='word_1_464' title='bbox 2021 1532 2159 1569; x_wconf 87' lang='lat' dir='ltr'><strong>pecunie</strong></span> <span class='ocrx_word' id='word_1_465' title='bbox 2170 1541 2262 1562; x_wconf 90' lang='lat' dir='ltr'><strong>sum·</strong></span> 
     </span>
     <span class='ocr_line' id='line_1_68' title="bbox 1252 1582 2262 1623; baseline 0.005 -13"><span class='ocrx_word' id='word_1_466' title='bbox 1252 1590 1340 1611; x_wconf 90' lang='lat' dir='ltr'><strong>mam</strong></span> <span class='ocrx_word' id='word_1_467' title='bbox 1357 1582 1489 1611; x_wconf 90' lang='lat' dir='ltr'><strong>cuidam</strong></span> <span class='ocrx_word' id='word_1_468' title='bbox 1504 1591 1564 1612; x_wconf 89' lang='lat' dir='ltr'><strong>suo</strong></span> <span class='ocrx_word' id='word_1_469' title='bbox 1578 1591 1643 1612; x_wconf 92' lang='lat' dir='ltr'><strong>non</strong></span> <span class='ocrx_word' id='word_1_470' title='bbox 1658 1583 1861 1621; x_wconf 88' lang='lat' dir='ltr'><strong>persolverat</strong></span> <span class='ocrx_word' id='word_1_471' title='bbox 1875 1583 2042 1614; x_wconf 87' lang='lat' dir='ltr'><strong>creditori.</strong></span> <span class='ocrx_word' id='word_1_472' title='bbox 2060 1585 2109 1614; x_wconf 90' lang='lat' dir='ltr'><strong>Ad</strong></span> <span class='ocrx_word' id='word_1_473' title='bbox 2121 1584 2208 1623; x_wconf 82' lang='lat' dir='ltr'><strong>quod</strong></span> <span class='ocrx_word' id='word_1_474' title='bbox 2224 1594 2262 1615; x_wconf 83' lang='lat' dir='ltr'><strong>ex</strong></span> 
     </span>
     <span class='ocr_line' id='line_1_69' title="bbox 1251 1636 2261 1677; baseline 0.005 -11"><span class='ocrx_word' id='word_1_475' title='bbox 1251 1640 1344 1674; x_wconf 87' lang='lat' dir='ltr'><strong>parte</strong></span> <span class='ocrx_word' id='word_1_476' title='bbox 1360 1636 1468 1674; x_wconf 90' lang='lat' dir='ltr'><strong>ipsius</strong></span> <span class='ocrx_word' id='word_1_477' title='bbox 1484 1637 1680 1667; x_wconf 86' lang='lat' dir='ltr'><strong>subdiaconi</strong></span> <span class='ocrx_word' id='word_1_478' title='bbox 1698 1637 1761 1668; x_wconf 85' lang='lat' dir='ltr'><strong>fuit</strong></span> <span class='ocrx_word' id='word_1_479' title='bbox 1777 1647 1793 1668; x_wconf 89' lang='lat' dir='ltr'><strong>e</strong></span> <span class='ocrx_word' id='word_1_480' title='bbox 1811 1639 1978 1668; x_wconf 90' lang='lat' dir='ltr'><strong>contrario</strong></span> <span class='ocrx_word' id='word_1_481' title='bbox 1994 1639 2206 1677; x_wconf 81' lang='lat' dir='ltr'><strong>replicatum,</strong></span> <span class='ocrx_word' id='word_1_482' title='bbox 2227 1649 2261 1671; x_wconf 89' lang='lat' dir='ltr'><strong>se</strong></span> 
     </span>
     <span class='ocr_line' id='line_1_70' title="bbox 1253 1689 2263 1729; baseline 0.004 -10"><span class='ocrx_word' id='word_1_483' title='bbox 1253 1690 1294 1719; x_wconf 89' lang='lat' dir='ltr'><strong>ad</strong></span> <span class='ocrx_word' id='word_1_484' title='bbox 1316 1689 1404 1719; x_wconf 88' lang='lat' dir='ltr'><strong>diem</strong></span> <span class='ocrx_word' id='word_1_485' title='bbox 1425 1689 1602 1720; x_wconf 88' lang='lat' dir='ltr'><strong>solutionis</strong></span> <span class='ocrx_word' id='word_1_486' title='bbox 1624 1695 1777 1728; x_wconf 85' lang='lat' dir='ltr'><strong>paratum</strong></span> <span class='ocrx_word' id='word_1_487' title='bbox 1799 1691 1904 1721; x_wconf 87' lang='lat' dir='ltr'><strong>fuisse</strong></span> <span class='ocrx_word' id='word_1_488' title='bbox 1921 1692 2048 1729; x_wconf 77' lang='lat' dir='ltr'><strong>prefato</strong></span> <span class='ocrx_word' id='word_1_489' title='bbox 2070 1693 2263 1724; x_wconf 77' lang='lat' dir='ltr'><strong>satisfacere</strong></span> 
     </span>
     <span class='ocr_line' id='line_1_71' title="bbox 1253 1742 2264 1784; baseline 0.004 -12"><span class='ocrx_word' id='word_1_490' title='bbox 1253 1742 1427 1778; x_wconf 88' lang='lat' dir='ltr'><strong>creditori,</strong></span> <span class='ocrx_word' id='word_1_491' title='bbox 1452 1743 1481 1773; x_wconf 88' lang='lat' dir='ltr'><strong>si</strong></span> <span class='ocrx_word' id='word_1_492' title='bbox 1502 1752 1593 1778; x_wconf 89' lang='lat' dir='ltr'><strong>eum,</strong></span> <span class='ocrx_word' id='word_1_493' title='bbox 1618 1752 1716 1782; x_wconf 84' lang='lat' dir='ltr'><strong>quem</strong></span> <span class='ocrx_word' id='word_1_494' title='bbox 1737 1747 1805 1773; x_wconf 88' lang='lat' dir='ltr'><strong>tota</strong></span> <span class='ocrx_word' id='word_1_495' title='bbox 1824 1744 1877 1774; x_wconf 87' lang='lat' dir='ltr'><strong>die</strong></span> <span class='ocrx_word' id='word_1_496' title='bbox 1899 1744 1934 1773; x_wconf 90' lang='lat' dir='ltr'><strong>in</strong></span> <span class='ocrx_word' id='word_1_497' title='bbox 1957 1744 2027 1774; x_wconf 91' lang='lat' dir='ltr'><strong>loco</strong></span> <span class='ocrx_word' id='word_1_498' title='bbox 2052 1745 2087 1774; x_wconf 90' lang='lat' dir='ltr'><strong>in</strong></span> <span class='ocrx_word' id='word_1_499' title='bbox 2107 1755 2172 1784; x_wconf 80' lang='lat' dir='ltr'><strong>quo</strong></span> <span class='ocrx_word' id='word_1_500' title='bbox 2194 1750 2264 1776; x_wconf 85' lang='lat' dir='ltr'><strong>erat</strong></span> 
     </span>
     <span class='ocr_line' id='line_1_72' title="bbox 1252 1796 2264 1838; baseline 0.004 -12"><span class='ocrx_word' id='word_1_501' title='bbox 1252 1796 1407 1826; x_wconf 81' lang='lat' dir='ltr'><strong>facienda</strong></span> <span class='ocrx_word' id='word_1_502' title='bbox 1418 1796 1550 1832; x_wconf 86' lang='lat' dir='ltr'><strong>solutio,</strong></span> <span class='ocrx_word' id='word_1_503' title='bbox 1564 1801 1803 1835; x_wconf 82' lang='lat' dir='ltr'><strong>expectaverat,</strong></span> <span class='ocrx_word' id='word_1_504' title='bbox 1816 1797 2018 1834; x_wconf 86' lang='lat' dir='ltr'><strong>invenisset;</strong></span> <span class='ocrx_word' id='word_1_505' title='bbox 2035 1808 2137 1838; x_wconf 85' lang='lat' dir='ltr'><strong>quare</strong></span> <span class='ocrx_word' id='word_1_506' title='bbox 2150 1804 2264 1830; x_wconf 85' lang='lat' dir='ltr'><strong>contra</strong></span> 
     </span>
     <span class='ocr_line' id='line_1_73' title="bbox 1252 1850 2265 1891; baseline 0.004 -12"><span class='ocrx_word' id='word_1_507' title='bbox 1252 1850 1424 1888; x_wconf 88' lang='lat' dir='ltr'><strong>proprium</strong></span> <span class='ocrx_word' id='word_1_508' title='bbox 1442 1850 1670 1889; x_wconf 88' lang='lat' dir='ltr'><strong>juramentum</strong></span> <span class='ocrx_word' id='word_1_509' title='bbox 1693 1859 1758 1880; x_wconf 91' lang='lat' dir='ltr'><strong>non</strong></span> <span class='ocrx_word' id='word_1_510' title='bbox 1783 1855 1933 1887; x_wconf 85' lang='lat' dir='ltr'><strong>venerat,</strong></span> <span class='ocrx_word' id='word_1_511' title='bbox 1959 1861 1998 1882; x_wconf 83' lang='lat' dir='ltr'><strong>ex</strong></span> <span class='ocrx_word' id='word_1_512' title='bbox 2020 1861 2084 1891; x_wconf 83' lang='lat' dir='ltr'><strong>quo</strong></span> <span class='ocrx_word' id='word_1_513' title='bbox 2106 1862 2164 1891; x_wconf 85' lang='lat' dir='ltr'><strong>per</strong></span> <span class='ocrx_word' id='word_1_514' title='bbox 2188 1862 2265 1883; x_wconf 86' lang='lat' dir='ltr'><strong>eum</strong></span> 
     </span>
     <span class='ocr_line' id='line_1_74' title="bbox 1254 1903 2264 1942; baseline 0.005 -11"><span class='ocrx_word' id='word_1_515' title='bbox 1254 1911 1320 1932; x_wconf 90' lang='lat' dir='ltr'><strong>non</strong></span> <span class='ocrx_word' id='word_1_516' title='bbox 1341 1903 1470 1932; x_wconf 87' lang='lat' dir='ltr'><strong>steterit</strong></span> <span class='ocrx_word' id='word_1_517' title='bbox 1486 1903 1568 1941; x_wconf 87' lang='lat' dir='ltr'><strong>quin</strong></span> <span class='ocrx_word' id='word_1_518' title='bbox 1588 1903 1730 1941; x_wconf 85' lang='lat' dir='ltr'><strong>pecunia</strong></span> <span class='ocrx_word' id='word_1_519' title='bbox 1751 1904 1824 1942; x_wconf 88' lang='lat' dir='ltr'><strong>ipsa</strong></span> <span class='ocrx_word' id='word_1_520' title='bbox 1847 1904 1966 1934; x_wconf 87' lang='lat' dir='ltr'><strong>fuisset</strong></span> <span class='ocrx_word' id='word_1_521' title='bbox 1984 1905 2175 1936; x_wconf 86' lang='lat' dir='ltr'><strong>constitutis</strong></span> <span class='ocrx_word' id='word_1_522' title='bbox 2194 1906 2264 1936; x_wconf 90' lang='lat' dir='ltr'><strong>loco</strong></span> 
     </span>
     <span class='ocr_line' id='line_1_75' title="bbox 1253 1956 2264 1997; baseline 0.004 -11"><span class='ocrx_word' id='word_1_523' title='bbox 1253 1960 1284 1986; x_wconf 86' lang='lat' dir='ltr'><strong>et</strong></span> <span class='ocrx_word' id='word_1_524' title='bbox 1306 1956 1449 1985; x_wconf 89' lang='lat' dir='ltr'><strong>termino</strong></span> <span class='ocrx_word' id='word_1_525' title='bbox 1475 1956 1662 1994; x_wconf 80' lang='lat' dir='ltr'><strong>persoluta3</strong></span> <span class='ocrx_word' id='word_1_526' title='bbox 1688 1961 1719 1987; x_wconf 90' lang='lat' dir='ltr'><strong>ct</strong></span> <span class='ocrx_word' id='word_1_527' title='bbox 1739 1958 1940 1996; x_wconf 83' lang='lat' dir='ltr'><strong>quamcitius</strong></span> <span class='ocrx_word' id='word_1_528' title='bbox 1961 1958 2067 1997; x_wconf 90' lang='lat' dir='ltr'><strong>ipsius</strong></span> <span class='ocrx_word' id='word_1_529' title='bbox 2089 1959 2264 1990; x_wconf 86' lang='lat' dir='ltr'><strong>creditoris</strong></span> 
     </span>
     <span class='ocr_line' id='line_1_76' title="bbox 1253 2008 2264 2049; baseline 0.005 -12"><span class='ocrx_word' id='word_1_530' title='bbox 1253 2008 1381 2046; x_wconf 88' lang='lat' dir='ltr'><strong>copiam</strong></span> <span class='ocrx_word' id='word_1_531' title='bbox 1397 2008 1520 2038; x_wconf 87' lang='lat' dir='ltr'><strong>habere</strong></span> <span class='ocrx_word' id='word_1_532' title='bbox 1536 2009 1653 2047; x_wconf 88' lang='lat' dir='ltr'><strong>potuit,</strong></span> <span class='ocrx_word' id='word_1_533' title='bbox 1667 2009 1732 2039; x_wconf 87' lang='lat' dir='ltr'><strong>sibi</strong></span> <span class='ocrx_word' id='word_1_534' title='bbox 1748 2009 1787 2040; x_wconf 92' lang='lat' dir='ltr'><strong>de</strong></span> <span class='ocrx_word' id='word_1_535' title='bbox 1803 2009 1875 2048; x_wconf 88' lang='lat' dir='ltr'><strong>ipsa</strong></span> <span class='ocrx_word' id='word_1_536' title='bbox 1888 2011 2029 2048; x_wconf 88' lang='lat' dir='ltr'><strong>pecunia</strong></span> <span class='ocrx_word' id='word_1_537' title='bbox 2046 2011 2194 2049; x_wconf 88' lang='lat' dir='ltr'><strong>plenarie</strong></span> <span class='ocrx_word' id='word_1_538' title='bbox 2211 2021 2264 2042; x_wconf 86' lang='lat' dir='ltr'><strong>sa-</strong></span> 
     </span>
     <span class='ocr_line' id='line_1_77' title="bbox 1252 2060 2265 2101; baseline 0.004 -11"><span class='ocrx_word' id='word_1_539' title='bbox 1252 2060 1389 2091; x_wconf 81' lang='lat' dir='ltr'><strong>tisfecit.</strong></span> <span class='ocrx_word' id='word_1_540' title='bbox 1408 2061 1447 2091; x_wconf 91' lang='lat' dir='ltr'><strong>Et</strong></span> <span class='ocrx_word' id='word_1_541' title='bbox 1462 2061 1539 2091; x_wconf 85' lang='lat' dir='ltr'><strong>licet</strong></span> <span class='ocrx_word' id='word_1_542' title='bbox 1556 2061 1643 2091; x_wconf 89' lang='lat' dir='ltr'><strong>idem</strong></span> <span class='ocrx_word' id='word_1_543' title='bbox 1662 2062 1886 2092; x_wconf 88' lang='lat' dir='ltr'><strong>subdiaconus</strong></span> <span class='ocrx_word' id='word_1_544' title='bbox 1903 2063 2152 2101; x_wconf 77' lang='lat' dir='ltr'><strong>replicationem</strong></span> <span class='ocrx_word' id='word_1_545' title='bbox 2170 2074 2265 2095; x_wconf 88' lang='lat' dir='ltr'><strong>suam</strong></span> 
     </span>
     <span class='ocr_line' id='line_1_78' title="bbox 1254 2113 2264 2153; baseline 0.005 -11"><span class='ocrx_word' id='word_1_546' title='bbox 1254 2113 1458 2143; x_wconf 88' lang='lat' dir='ltr'><strong>sufficienter</strong></span> <span class='ocrx_word' id='word_1_547' title='bbox 1482 2122 1540 2151; x_wconf 90' lang='lat' dir='ltr'><strong>pcr</strong></span> <span class='ocrx_word' id='word_1_548' title='bbox 1565 2118 1664 2144; x_wconf 85' lang='lat' dir='ltr'><strong>testes</strong></span> <span class='ocrx_word' id='word_1_549' title='bbox 1692 2118 1722 2143; x_wconf 88' lang='lat' dir='ltr'><strong>et</strong></span> <span class='ocrx_word' id='word_1_550' title='bbox 1748 2114 1830 2144; x_wconf 81' lang='lat' dir='ltr'><strong>alias</strong></span> <span class='ocrx_word' id='word_1_551' title='bbox 1858 2114 2070 2153; x_wconf 81' lang='lat' dir='ltr'><strong>probationes</strong></span> <span class='ocrx_word' id='word_1_552' title='bbox 2097 2116 2264 2153; x_wconf 66' lang='lat' dir='ltr'><strong>legitimas</strong></span> 
     </span>
     <span class='ocr_line' id='line_1_79' title="bbox 1253 2165 2265 2209; baseline 0.004 -14"><span class='ocrx_word' id='word_1_553' title='bbox 1253 2165 1478 2205; x_wconf 86' lang='lat' dir='ltr'><strong>probavisset,</strong></span> <span class='ocrx_word' id='word_1_554' title='bbox 1503 2166 1582 2205; x_wconf 86' lang='lat' dir='ltr'><strong>qnia</strong></span> <span class='ocrx_word' id='word_1_555' title='bbox 1608 2171 1717 2197; x_wconf 83' lang='lat' dir='ltr'><strong>tamen</strong></span> <span class='ocrx_word' id='word_1_556' title='bbox 1737 2167 1816 2197; x_wconf 87' lang='lat' dir='ltr'><strong>dicti</strong></span> <span class='ocrx_word' id='word_1_557' title='bbox 1833 2168 1975 2207; x_wconf 86' lang='lat' dir='ltr'><strong>judices,</strong></span> <span class='ocrx_word' id='word_1_558' title='bbox 1998 2177 2073 2197; x_wconf 81' lang='lat' dir='ltr'><strong>cum</strong></span> <span class='ocrx_word' id='word_1_559' title='bbox 2094 2170 2265 2209; x_wconf 88' lang='lat' dir='ltr'><strong>perjurum</strong></span> 
     </span>
     <span class='ocr_line' id='line_1_80' title="bbox 1254 2218 2265 2261; baseline 0.004 -13"><span class='ocrx_word' id='word_1_560' title='bbox 1254 2218 1496 2249; x_wconf 84' lang='lat' dir='ltr'><strong>nichilominus</strong></span> <span class='ocrx_word' id='word_1_561' title='bbox 1513 2223 1716 2258; x_wconf 83' lang='lat' dir='ltr'><strong>reputantes,</strong></span> <span class='ocrx_word' id='word_1_562' title='bbox 1733 2220 1842 2259; x_wconf 88' lang='lat' dir='ltr'><strong>ipsum</strong></span> <span class='ocrx_word' id='word_1_563' title='bbox 1856 2226 1988 2259; x_wconf 85' lang='lat' dir='ltr'><strong>propter</strong></span> <span class='ocrx_word' id='word_1_564' title='bbox 2004 2221 2065 2251; x_wconf 84' lang='lat' dir='ltr'><strong>hoc</strong></span> <span class='ocrx_word' id='word_1_565' title='bbox 2082 2222 2121 2251; x_wconf 85' lang='lat' dir='ltr'><strong>ad</strong></span> <span class='ocrx_word' id='word_1_566' title='bbox 2138 2222 2265 2261; x_wconf 89' lang='lat' dir='ltr'><strong>petitio-</strong></span> 
     </span>
     <span class='ocr_line' id='line_1_81' title="bbox 1254 2272 2264 2312; baseline 0.004 -10"><span class='ocrx_word' id='word_1_567' title='bbox 1254 2281 1331 2303; x_wconf 90' lang='lat' dir='ltr'><strong>nem</strong></span> <span class='ocrx_word' id='word_1_568' title='bbox 1353 2272 1545 2312; x_wconf 88' lang='lat' dir='ltr'><strong>hujusmodi</strong></span> <span class='ocrx_word' id='word_1_569' title='bbox 1564 2282 1629 2302; x_wconf 91' lang='lat' dir='ltr'><strong>non</strong></span> <span class='ocrx_word' id='word_1_570' title='bbox 1649 2282 1721 2303; x_wconf 89' lang='lat' dir='ltr'><strong>esse</strong></span> <span class='ocrx_word' id='word_1_571' title='bbox 1742 2278 1856 2303; x_wconf 87' lang='lat' dir='ltr'><strong>contra</strong></span> <span class='ocrx_word' id='word_1_572' title='bbox 1871 2274 2036 2312; x_wconf 89' lang='lat' dir='ltr'><strong>predictos</strong></span> <span class='ocrx_word' id='word_1_573' title='bbox 2055 2274 2217 2305; x_wconf 87' lang='lat' dir='ltr'><strong>decanum</strong></span> <span class='ocrx_word' id='word_1_574' title='bbox 2233 2279 2264 2306; x_wconf 91' lang='lat' dir='ltr'><strong>et</strong></span> 
     </span>
     <span class='ocr_line' id='line_1_82' title="bbox 1255 2325 2264 2366; baseline 0.003 -11"><span class='ocrx_word' id='word_1_575' title='bbox 1255 2325 1437 2365; x_wconf 85' lang='lat' dir='ltr'><strong>capitulum</strong></span> <span class='ocrx_word' id='word_1_576' title='bbox 1456 2325 1709 2361; x_wconf 85' lang='lat' dir='ltr'><strong>admittendum,</strong></span> <span class='ocrx_word' id='word_1_577' title='bbox 1728 2336 1785 2365; x_wconf 87' lang='lat' dir='ltr'><strong>per</strong></span> <span class='ocrx_word' id='word_1_578' title='bbox 1801 2326 1952 2366; x_wconf 85' lang='lat' dir='ltr'><strong>iniquam</strong></span> <span class='ocrx_word' id='word_1_579' title='bbox 1968 2327 2264 2365; x_wconf 84' lang='lat' dir='ltr'><strong>interlocutoriam,</strong></span> 
     </span>
     <span class='ocr_line' id='line_1_83' title="bbox 1254 2378 2267 2419; baseline 0.002 -10"><span class='ocrx_word' id='word_1_580' title='bbox 1254 2382 1369 2409; x_wconf 88' lang='lat' dir='ltr'><strong>contra</strong></span> <span class='ocrx_word' id='word_1_581' title='bbox 1381 2378 1547 2418; x_wconf 87' lang='lat' dir='ltr'><strong>justitiam</strong></span> <span class='ocrx_word' id='word_1_582' title='bbox 1564 2378 1792 2415; x_wconf 73' lang='lat' dir='ltr'><strong>decreverunt,</strong></span> <span class='ocrx_word' id='word_1_583' title='bbox 1811 2383 1841 2410; x_wconf 91' lang='lat' dir='ltr'><strong>et</strong></span> <span class='ocrx_word' id='word_1_584' title='bbox 1857 2380 2142 2419; x_wconf 90' lang='lat' dir='ltr'><strong>condempnarunt</strong></span> <span class='ocrx_word' id='word_1_585' title='bbox 2157 2381 2267 2419; x_wconf 90' lang='lat' dir='ltr'><strong>ipsum</strong></span> 
     </span>
     <span class='ocr_line' id='line_1_84' title="bbox 1254 2430 2267 2470; baseline 0.004 -10"><span class='ocrx_word' id='word_1_586' title='bbox 1254 2431 1341 2470; x_wconf 89' lang='lat' dir='ltr'><strong>parti</strong></span> <span class='ocrx_word' id='word_1_587' title='bbox 1357 2430 1454 2461; x_wconf 85' lang='lat' dir='ltr'><strong>alteri</strong></span> <span class='ocrx_word' id='word_1_588' title='bbox 1469 2431 1504 2461; x_wconf 90' lang='lat' dir='ltr'><strong>in</strong></span> <span class='ocrx_word' id='word_1_589' title='bbox 1523 2431 1689 2469; x_wconf 86' lang='lat' dir='ltr'><strong>expensis,</strong></span> <span class='ocrx_word' id='word_1_590' title='bbox 1706 2432 1805 2467; x_wconf 88' lang='lat' dir='ltr'><strong>idem,</strong></span> <span class='ocrx_word' id='word_1_591' title='bbox 1823 2433 1972 2463; x_wconf 89' lang='lat' dir='ltr'><strong>sentiens</strong></span> <span class='ocrx_word' id='word_1_592' title='bbox 1989 2442 2026 2463; x_wconf 80' lang='lat' dir='ltr'><strong>ex</strong></span> <span class='ocrx_word' id='word_1_593' title='bbox 2042 2433 2104 2464; x_wconf 87' lang='lat' dir='ltr'><strong>hoc</strong></span> <span class='ocrx_word' id='word_1_594' title='bbox 2119 2434 2267 2465; x_wconf 89' lang='lat' dir='ltr'><strong>indebite</strong></span> 
     </span>
     <span class='ocr_line' id='line_1_85' title="bbox 1255 2484 2267 2525; baseline 0.002 -10"><span class='ocrx_word' id='word_1_595' title='bbox 1255 2493 1291 2515; x_wconf 91' lang='lat' dir='ltr'><strong>se</strong></span> <span class='ocrx_word' id='word_1_596' title='bbox 1313 2484 1462 2523; x_wconf 84' lang='lat' dir='ltr'><strong>gravari,</strong></span> <span class='ocrx_word' id='word_1_597' title='bbox 1493 2485 1610 2515; x_wconf 82' lang='lat' dir='ltr'><strong>Sedem</strong></span> <span class='ocrx_word' id='word_1_598' title='bbox 1637 2485 1861 2523; x_wconf 84' lang='lat' dir='ltr'><strong>Apostolicam</strong></span> <span class='ocrx_word' id='word_1_599' title='bbox 1888 2485 2076 2525; x_wconf 86' lang='lat' dir='ltr'><strong>appellavit.</strong></span> <span class='ocrx_word' id='word_1_600' title='bbox 2105 2487 2267 2524; x_wconf 87' lang='lat' dir='ltr'><strong>Quocirca</strong></span> 
     </span>
     <span class='ocr_line' id='line_1_86' title="bbox 1255 2537 2266 2577; baseline 0.003 -10"><span class='ocrx_word' id='word_1_601' title='bbox 1255 2537 1450 2568; x_wconf 83' lang='lat' dir='ltr'><strong>discretioni</strong></span> <span class='ocrx_word' id='word_1_602' title='bbox 1482 2541 1590 2567; x_wconf 82' lang='lat' dir='ltr'><strong>vestre</strong></span> <span class='ocrx_word' id='word_1_603' title='bbox 1619 2546 1678 2576; x_wconf 89' lang='lat' dir='ltr'><strong>per</strong></span> <span class='ocrx_word' id='word_1_604' title='bbox 1707 2537 1887 2576; x_wconf 86' lang='lat' dir='ltr'><strong>apostolica</strong></span> <span class='ocrx_word' id='word_1_605' title='bbox 1916 2539 2039 2577; x_wconf 84' lang='lat' dir='ltr'><strong>scripta</strong></span> <span class='ocrx_word' id='word_1_606' title='bbox 2070 2539 2266 2570; x_wconf 88' lang='lat' dir='ltr'><strong>mandamus</strong></span> 
     </span>
     <span class='ocr_line' id='line_1_87' title="bbox 1256 2590 2266 2632; baseline 0.003 -12"><span class='ocrx_word' id='word_1_607' title='bbox 1256 2595 1437 2630; x_wconf 87' lang='lat' dir='ltr'><strong>quatenus,</strong></span> <span class='ocrx_word' id='word_1_608' title='bbox 1458 2590 1487 2620; x_wconf 89' lang='lat' dir='ltr'><strong>si</strong></span> <span class='ocrx_word' id='word_1_609' title='bbox 1503 2594 1553 2620; x_wconf 88' lang='lat' dir='ltr'><strong>est</strong></span> <span class='ocrx_word' id='word_1_610' title='bbox 1568 2590 1625 2625; x_wconf 85' lang='lat' dir='ltr'><strong>ita,</strong></span> <span class='ocrx_word' id='word_1_611' title='bbox 1644 2595 1796 2621; x_wconf 85' lang='lat' dir='ltr'><strong>revocato</strong></span> <span class='ocrx_word' id='word_1_612' title='bbox 1812 2591 1847 2620; x_wconf 89' lang='lat' dir='ltr'><strong>in</strong></span> <span class='ocrx_word' id='word_1_613' title='bbox 1865 2596 1986 2621; x_wconf 82' lang='lat' dir='ltr'><strong>statum</strong></span> <span class='ocrx_word' id='word_1_614' title='bbox 2007 2592 2155 2622; x_wconf 76' lang='lat' dir='ltr'><strong>debitum</strong></span> <span class='ocrx_word' id='word_1_615' title='bbox 2172 2593 2266 2632; x_wconf 88' lang='lat' dir='ltr'><strong>quic-</strong></span> 
     </span>
     <span class='ocr_line' id='line_1_88' title="bbox 1256 2643 2266 2683; baseline 0.004 -10"><span class='ocrx_word' id='word_1_616' title='bbox 1256 2643 1336 2682; x_wconf 90' lang='lat' dir='ltr'><strong>quid</strong></span> <span class='ocrx_word' id='word_1_617' title='bbox 1352 2647 1425 2682; x_wconf 88' lang='lat' dir='ltr'><strong>post</strong></span> <span class='ocrx_word' id='word_1_618' title='bbox 1445 2643 1699 2682; x_wconf 85' lang='lat' dir='ltr'><strong>appellationem</strong></span> <span class='ocrx_word' id='word_1_619' title='bbox 1719 2643 1910 2683; x_wconf 85' lang='lat' dir='ltr'><strong>hujusmodi</strong></span> <span class='ocrx_word' id='word_1_620' title='bbox 1930 2645 2127 2675; x_wconf 72' lang='lat' dir='ltr'><strong>invencritis</strong></span> <span class='ocrx_word' id='word_1_621' title='bbox 2143 2649 2266 2677; x_wconf 85' lang='lat' dir='ltr'><strong>temere</strong></span> 
     </span>
     <span class='ocr_line' id='line_1_89' title="bbox 1257 2696 2267 2735; baseline 0.002 -9"><span class='ocrx_word' id='word_1_622' title='bbox 1257 2700 1504 2735; x_wconf 80' lang='lat' dir='ltr'><strong>attemptatum,</strong></span> <span class='ocrx_word' id='word_1_623' title='bbox 1528 2696 1561 2725; x_wconf 93' lang='lat' dir='ltr'><strong>in</strong></span> <span class='ocrx_word' id='word_1_624' title='bbox 1583 2696 1697 2725; x_wconf 83' lang='lat' dir='ltr'><strong>codem</strong></span> <span class='ocrx_word' id='word_1_625' title='bbox 1720 2696 1852 2734; x_wconf 76' lang='lat' dir='ltr'><strong>negotio</strong></span> <span class='ocrx_word' id='word_1_626' title='bbox 1865 2697 1957 2735; x_wconf 86' lang='lat' dir='ltr'><strong>juxta</strong></span> <span class='ocrx_word' id='word_1_627' title='bbox 1974 2697 2120 2735; x_wconf 82' lang='lat' dir='ltr'><strong>priorum</strong></span> <span class='ocrx_word' id='word_1_628' title='bbox 2139 2697 2267 2728; x_wconf 87' lang='lat' dir='ltr'><strong>littera-</strong></span> 
     </span>
     <span class='ocr_line' id='line_1_90' title="bbox 1256 2748 2267 2788; baseline 0.003 -10"><span class='ocrx_word' id='word_1_629' title='bbox 1256 2758 1330 2778; x_wconf 89' lang='lat' dir='ltr'><strong>rum</strong></span> <span class='ocrx_word' id='word_1_630' title='bbox 1351 2748 1591 2779; x_wconf 84' lang='lat' dir='ltr'><strong>continentiam</strong></span> <span class='ocrx_word' id='word_1_631' title='bbox 1610 2748 1650 2778; x_wconf 90' lang='lat' dir='ltr'><strong>ad</strong></span> <span class='ocrx_word' id='word_1_632' title='bbox 1667 2748 1791 2779; x_wconf 88' lang='lat' dir='ltr'><strong>dictum</strong></span> <span class='ocrx_word' id='word_1_633' title='bbox 1810 2749 1970 2779; x_wconf 80' lang='lat' dir='ltr'><strong>decanum</strong></span> <span class='ocrx_word' id='word_1_634' title='bbox 1988 2751 2267 2788; x_wconf 61' lang='lat' dir='ltr'><strong>Argentinemem</strong></span> 
     </span>
     <span class='ocr_line' id='line_1_91' title="bbox 1257 2801 2268 2842; baseline 0.003 -11"><span class='ocrx_word' id='word_1_635' title='bbox 1257 2806 1288 2831; x_wconf 85' lang='lat' dir='ltr'><strong>ct</strong></span> <span class='ocrx_word' id='word_1_636' title='bbox 1311 2810 1389 2831; x_wconf 88' lang='lat' dir='ltr'><strong>suos</strong></span> <span class='ocrx_word' id='word_1_637' title='bbox 1411 2801 1602 2840; x_wconf 87' lang='lat' dir='ltr'><strong>conjudices</strong></span> <span class='ocrx_word' id='word_1_638' title='bbox 1618 2801 1840 2837; x_wconf 86' lang='lat' dir='ltr'><strong>obtentarum,</strong></span> <span class='ocrx_word' id='word_1_639' title='bbox 1862 2802 1990 2833; x_wconf 85' lang='lat' dir='ltr'><strong>ratione</strong></span> <span class='ocrx_word' id='word_1_640' title='bbox 2008 2803 2132 2842; x_wconf 81' lang='lat' dir='ltr'><strong>previa,</strong></span> <span class='ocrx_word' id='word_1_641' title='bbox 2154 2812 2268 2842; x_wconf 89' lang='lat' dir='ltr'><strong>proce—</strong></span> 
     </span>
     <span class='ocr_line' id='line_1_92' title="bbox 1257 2853 2266 2892; baseline 0.003 -9"><span class='ocrx_word' id='word_1_642' title='bbox 1257 2853 1354 2883; x_wconf 81' lang='lat' dir='ltr'><strong>datis.</strong></span> <span class='ocrx_word' id='word_1_643' title='bbox 1371 2853 1529 2892; x_wconf 85' lang='lat' dir='ltr'><strong>Alioquin</strong></span> <span class='ocrx_word' id='word_1_644' title='bbox 1542 2857 1651 2891; x_wconf 76' lang='lat' dir='ltr'><strong>partes</strong></span> <span class='ocrx_word' id='word_1_645' title='bbox 1663 2854 1702 2883; x_wconf 85' lang='lat' dir='ltr'><strong>ad</strong></span> <span class='ocrx_word' id='word_1_646' title='bbox 1717 2855 1906 2884; x_wconf 87' lang='lat' dir='ltr'><strong>corumdem</strong></span> <span class='ocrx_word' id='word_1_647' title='bbox 1924 2855 2102 2885; x_wconf 74' lang='lat' dir='ltr'><strong>remittatis</strong></span> <span class='ocrx_word' id='word_1_648' title='bbox 2117 2865 2266 2886; x_wconf 79' lang='lat' dir='ltr'><strong>examen.</strong></span> 
     </span>
     <span class='ocr_line' id='line_1_93' title="bbox 1257 2907 2268 2945; baseline 0.002 -8"><span class='ocrx_word' id='word_1_649' title='bbox 1257 2907 1494 2945; x_wconf 87' lang='lat' dir='ltr'><strong>Impetrantem</strong></span> <span class='ocrx_word' id='word_1_650' title='bbox 1511 2911 1572 2936; x_wconf 81' lang='lat' dir='ltr'><strong>etc.</strong></span> <span class='ocrx_word' id='word_1_651' title='bbox 1592 2907 1707 2936; x_wconf 86' lang='lat' dir='ltr'><strong>Testes</strong></span> <span class='ocrx_word' id='word_1_652' title='bbox 1723 2911 1784 2936; x_wconf 87' lang='lat' dir='ltr'><strong>etc.</strong></span> <span class='ocrx_word' id='word_1_653' title='bbox 1803 2907 1874 2937; x_wconf 83' lang='lat' dir='ltr'><strong>Dat.</strong></span> <span class='ocrx_word' id='word_1_654' title='bbox 1895 2907 2037 2942; x_wconf 82' lang='lat' dir='ltr'><strong>Perusii,</strong></span> <span class='ocrx_word' id='word_1_655' title='bbox 2056 2908 2134 2939; x_wconf 72' lang='lat' dir='ltr'><strong>xvl</strong></span> <span class='ocrx_word' id='word_1_656' title='bbox 2151 2908 2268 2939; x_wconf 85' lang='lat' dir='ltr'><strong>kalen-</strong></span> 
     </span>
     <span class='ocr_line' id='line_1_94' title="bbox 1258 2958 2166 2997; baseline -0.001 -9"><span class='ocrx_word' id='word_1_657' title='bbox 1258 2958 1316 2989; x_wconf 86' lang='lat' dir='ltr'><strong>das</strong></span> <span class='ocrx_word' id='word_1_658' title='bbox 1333 2959 1533 2994; x_wconf 84' lang='lat' dir='ltr'><strong>novembris,</strong></span> <span class='ocrx_word' id='word_1_659' title='bbox 1555 2959 1765 2997; x_wconf 79' lang='lat' dir='ltr'><strong>pontificatus</strong></span> <span class='ocrx_word' id='word_1_660' title='bbox 1783 2959 1887 2990; x_wconf 86' lang='lat' dir='ltr'><strong>nostri</strong></span> <span class='ocrx_word' id='word_1_661' title='bbox 1906 2968 1993 2989; x_wconf 86' lang='lat' dir='ltr'><strong>anno</strong></span> <span class='ocrx_word' id='word_1_662' title='bbox 2008 2965 2133 2990; x_wconf 84' lang='lat' dir='ltr'><strong>octavo.</strong></span> <span class='ocrx_word' id='word_1_663' title='bbox 2154 2973 2166 2987; x_wconf 72' lang='lat' dir='ltr'>n</span> 
     </span>
    </p>
   </div>
  </div>
 </body>
</html>
