2498 3242
193 286 250 318 793
1048 279 1263 318 SEPTIEME
1285 281 1445 319 ANNEE.
2248 295 2306 326 794

192 352 417 391 Apostolicam
441 351 648 387 constitutis,
672 351 831 382 dilectum
853 352 960 382 filium
983 357 1132 383 nostrum
1153 353 1204 388 0.,

193 404 307 435 Sancti
324 404 455 435 Nicolai
476 404 511 434 in
527 404 668 436 Carcere
686 404 840 435 Tulliano
858 405 1033 435 diaconum
1052 406 1206 436 cardina-

192 457 269 492 lem,
287 457 382 488 vohis
397 457 549 488 dedimus
565 457 762 488 auditorem.
779 458 898 488 Coram
915 467 979 497 quo
995 468 1070 488 cum
1086 459 1206 489 suisset

193 510 282 540 inter
297 518 354 540 vos
371 509 568 549 aliquandiu
589 509 800 545 altercatum,
821 515 851 539 et
873 511 981 541 adhuc
999 511 1130 541 vivente
1148 520 1206 541 no-

193 563 319 593 minato
338 563 455 593 abbate
478 567 655 593 tractatum
677 564 715 594 de
742 564 915 594 eoncordia
942 568 971 594 et
995 565 1035 594 ob
1058 564 1118 594 boc.
1141 569 1207 595 ter-

192 604 305 645 minus
322 615 528 653 assignatus,
546 616 634 646 idem
651 616 752 646 abbas
771 617 907 646 imm-im
923 617 1071 647 debitum
1089 622 1206 648 nature

192 668 367 707 persolvit;
387 669 445 699 sed
466 670 563 699 Petro
583 669 756 701 monacho,
778 674 990 708 procuratore
1012 671 1206 701 monasterii

193 721 364 760 sepedicti,
383 721 526 751 habente
543 722 783 752 nichilominus
800 723 935 761 plenum
951 723 991 752 ad
1007 732 1207 762 componen-

193 775 270 805 dum
292 775 501 810 mandatum,
520 776 605 805 sicut
625 776 658 805 in
675 777 919 815 procurationis
936 786 994 807 sue
1010 776 1132 807 litteris
1149 786 1207 815 ap-

193 828 341 866 parebat,
364 828 527 858 cardinali
548 829 714 859 mediante
735 829 896 867 predicto,
916 829 1103 859 amicabilis
1119 830 1207 859 inter

193 884 225 910 te
241 889 278 910 ac
295 880 403 919 ipsum
422 882 663 912 monasterium
680 883 875 920 compositio
891 883 1092 915 intercessit,
1111 886 1207 921 prout

192 933 227 963 in
253 933 386 972 publico
412 934 635 965 instrumento
662 936 812 965 conserto
835 935 952 965 exinde
977 935 1206 974 perspeximus

191 985 324 1024 plenius
347 987 530 1020 contineri:
554 996 652 1027 quam
674 988 854 1026 apostolico
874 988 1001 1026 petiisti
1020 988 1206 1018 munimine

191 1039 350 1069 roborari.
375 1041 443 1070 Nos
465 1040 594 1079 itaque,
614 1041 680 1071 tuis
697 1040 997 1079 supplicationibus
1017 1047 1108 1079 grato
1127 1051 1206 1071 ron-

192 1096 364 1122 currentes
381 1102 532 1125 assensu,
546 1103 583 1123 ac
599 1094 802 1132 supplentes,
821 1094 849 1123 si
868 1094 943 1133 quis
960 1099 1009 1124 est
1027 1095 1061 1124 in
1079 1104 1205 1133 compo-

155 1161 157 1164 ·
192 1146 313 1176 sitione
337 1146 483 1183 predicta
504 1147 653 1176 desertus
675 1156 711 1176 ex
732 1147 904 1177 vacatione
929 1148 1139 1183 monasterii,
1167 1148 1205 1178 de

193 1203 304 1229 nostre
331 1198 539 1237 plenitudine
561 1200 734 1237 potestatis
757 1201 1030 1238 compositionem
1054 1201 1203 1233 eandem,

193 1252 266 1282 sine
294 1252 456 1290 pravitate
486 1253 620 1291 provide
648 1254 769 1282 saetam
797 1257 827 1282 et
856 1257 971 1291 sponte
997 1254 1037 1283 ab
1065 1259 1205 1293 utraque

193 1310 284 1344 parte
318 1311 498 1344 receptam,
532 1306 727 1336 auctoritate
758 1306 939 1344 apostolica
970 1308 1206 1337 confirmamus

194 1362 268 1392 etc.,
289 1367 395 1396 usque
417 1368 423 1386 :
450 1358 707 1388 communimus.
736 1358 829 1388 Nulli
854 1367 932 1395 ergo
952 1363 1063 1389 nostre
1087 1364 1148 1389 etc.
1171 1360 1206 1390 Si

193 1410 268 1450 quis
291 1415 402 1441 autem
430 1415 491 1441 etc.
517 1412 592 1441 Dat.
617 1411 788 1446 Laterani,
813 1412 911 1442 XVII
934 1411 1095 1442 kalendas
1114 1413 1203 1452 julii,

192 1472 279 1494 anno
298 1464 450 1502 septimo.
472 1476 485 1490 >1

264 1690 346 1718 141
360 1689 380 1717 1
791 1690 904 1722 Latran,
926 1691 954 1717 15
968 1691 1032 1725 jttin
1053 1691 1128 1718 1233.

224 1759 457 1795 Arcbiepiscopo
481 1759 663 1786 Salernitano
683 1760 798 1787 mandat
818 1764 963 1795 quatenus
985 1761 1119 1788 eumdem
1144 1770 1203 1788 ma-

188 1802 312 1843 gistrum
331 1808 490 1835 Robertum
508 1809 543 1835 de
564 1809 670 1836 Sancto
687 1809 813 1843 Georgio
829 1809 965 1836 clericum
984 1817 1040 1836 non
1058 1810 1204 1844 permittat

189 1857 224 1884 ab
241 1857 387 1891 aliquibus
402 1857 530 1883 indebite
544 1865 633 1892 super
644 1858 699 1884 boc
712 1858 867 1885 molestari.
883 1874 916 1877 —
927 1858 1010 1891 (Rau.
1026 1859 1068 1890 17,
1082 1859 1100 1884 1.
1113 1859 1147 1886 59
1159 1864 1202 1889 v⁰;

188 1914 255 1932 anu.
275 1905 339 1937 Vll,
358 1913 383 1932 c.
405 1906 472 1937 195.)

232 2048 244 2062 «
268 2058 287 2064 ..
307 2036 533 2073 archiepiscopo
555 2035 764 2065 Salernitana
789 2035 946 2065 Exhibita
968 2035 1066 2066 nobis
1092 2035 1204 2066 dilecti

191 2107 240 2118 —.
259 2090 333 2119 Dat.
354 2093 387 2118 ut
405 2098 516 2127 supra.
539 2101 551 2114 n

266 2315 383 2343 ¹4¹2
759 2314 871 2344 Latran,
893 2315 1037 2349 terjuittet
1056 2315 1133 2343 1233.

229 2384 456 2418 Rotbomagensi
473 2383 703 2418 archiepiscopo,
719 2397 756 2404 —
769 2392 846 2415 cum,
866 2388 984 2411 vacante
1001 2384 1141 2412 decanatu
1157 2393 1206 2412 ec-

190 2433 296 2460 clesiae
317 2432 564 2459 Cenomanensis.
583 2440 616 2458 ac
636 2432 790 2459 celebratis
805 2432 911 2459 ibidem
928 2432 1053 2460 diversis
1068 2433 1104 2460 de
1120 2433 1207 2461 deca-

192 2486 258 2508 natu
279 2481 482 2508 electionibus.
499 2481 616 2507 demum
632 2480 903 2507 Cenomanensibus
924 2482 1086 2513 canonicis,
1108 2481 1205 2509 Ceno-

191 2530 340 2557 manensis
357 2529 485 2565 episcopi
503 2529 620 2556 monitis
632 2529 768 2556 inductis.
785 2528 818 2556 V.
831 2533 859 2555 et
874 2528 903 2557 J.
918 2530 1139 2557 archidiaconos
1151 2539 1205 2558 nec

192 2588 247 2606 non
265 2583 293 2605 et
308 2582 455 2605 cantorem
473 2578 566 2613 ipsius
583 2578 742 2607 ecclesiae,
759 2586 847 2612 super
862 2578 915 2605 hoc
931 2578 1054 2605 arbitros
1070 2579 1206 2613 eligenti-

192 2630 257 2661 bus,
275 2628 361 2654 iidem
376 2628 473 2654 arbitri
492 2627 550 2654 fere
568 2636 618 2663 per
633 2636 740 2654 annum
755 2627 903 2661 negotium
918 2628 1081 2655 tenuissent
1097 2629 1125 2654 in
1137 2637 1206 2656 sus-

192 2685 300 2712 penso.
318 2692 349 2696 -
367 2677 441 2703 idem
465 2676 612 2710 negotium
634 2676 787 2702 committit
799 2698 805 2704 ,
822 2676 907 2711 eique
928 2676 1043 2703 mandat
1061 2681 1205 2712 quatenus

191 2730 279 2761 prout
299 2725 393 2751 eidem
415 2725 556 2751 eeclesiae
577 2724 714 2759 expedire
736 2724 855 2757 viderit,
873 2728 990 2751 statuat.
1007 2740 1040 2745 —
1056 2725 1145 2757 (Rso.
1161 2726 1203 2758 17,

193 2775 212 2801 f.
229 2775 262 2801 59
275 2780 319 2804 v⁰;
337 2782 403 2800 ann.
419 2773 483 2805 Vll,
501 2781 528 2800 c.
549 2774 611 2806 196;
628 2787 659 2794 —
677 2773 795 2801 Monimo
816 2774 892 2805 1188,
911 2774 929 2800 t'.
945 2774 1017 2806 ι1ἳ1.)

237 2917 248 2929 <⁴
268 2927 287 2932 ..
298 2904 528 2939 Ilolhomaqensi
543 2903 779 2940 archiepiscopo.
790 2902 1146 2940 Expartevenerabilis
1155 2920 1204 2932 —.

195 2958 269 2987 Dat.
288 2956 455 2989 Laterani,
473 2955 625 2986 kalendis
638 2955 727 2995 julii,
746 2964 832 2986 anno
848 2955 1000 2994 septimo.
1021 2968 1033 2982 η

1363 355 1478 383 1413
1889 356 2005 390 Latran,
2024 358 2057 385 ‘20
2071 359 2134 393 Juin
2154 359 2232 387 1233.

1325 416 1430 443 Abbati
1447 421 1475 444 et
1489 419 1644 445 conventui
1663 419 1827 446 monasterii
1840 418 1875 445 de
1892 419 1990 454 Spina,
2006 419 2211 448 Cisterciensis
2227 422 2305 448 ordi-

1290 465 1350 497 nis,
1376 465 1541 493 palentinae
1563 467 1722 499 dioecesis,
1745 468 1876 502 indulget
1893 472 1923 495 ut
1947 469 1981 495 de
2003 469 2086 496 bonis
2101 469 2176 505 {luae
2195 470 2303 498 Christi

1289 513 1389 540 fideles
1413 523 1513 541 eorum
1539 517 1714 543 monasterio
1741 516 1869 551 legitime
1894 517 2065 551 largiantur,
2091 520 2196 546 nullam
2217 520 2304 547 alicui

1289 563 1497 597 compellantur
1512 564 1624 590 solvere
1637 565 1808 599 portionem.
1820 579 1856 586 -—
1867 565 1950 599 (Rau.
1965 567 2006 595 17.
2024 567 2042 593 f.
2056 567 2142 600 601-ος
2157 577 2224 595 ann.
2236 568 2303 602 vll,

1289 619 1314 638 c.
1334 612 1404 642 197.)

1332 733 1345 747 «
1366 743 1385 749 ..
1403 721 1504 750 abbati
1519 726 1545 749 et
1561 723 1726 750 conventui
1743 724 1924 751 monasterii
1940 723 1974 751 «le
1989 724 2103 761 Spina.
2122 725 2304 755 cistercien-

1289 775 1330 803 sis
1345 774 1475 808 ordinis,
1495 775 1653 803 l’alemitw
1666 775 1801 804 diocesis.
1815 775 1992 813 Regularis
2009 777 2220 808 observantie
2233 787 2304 816 pro-

1291 828 1434 858 fessores
1453 845 1502 857 -.
1522 828 1594 857 Dat.
1622 828 1795 863 Laterani,
1819 829 1885 859 XII
1911 829 2069 859 kalendas
2091 830 2188 869 julii,
2218 840 2304 861 anno

1290 880 1442 918 septimo.
1463 893 1475 906 υ

1363 1080 1477 1108 1414
1892 1081 2008 1113 Lan-an,
2028 1082 2059 1109 18
2072 1083 2135 1117 juin
2154 1083 2231 1110 1233.

1326 1141 1479 1168 Universis
1494 1141 1600 1168 Clu-isti
1623 1142 1757 1169 fidelibus
1774 1146 1872 1169 notum
1897 1143 1961 1170 facit
1984 1152 2016 1170 se
2039 1149 2204 1172 sanctorum
2225 1149 2305 1172 cata-

1289 1190 1353 1223 logo
1370 1190 1484 1216 beatum
1505 1189 1668 1224 Virgilium,
1686 1191 1830 1225 quondam
1848 1192 2088 1225 Salzburgensem
2106 1193 2304 1228 archiepisco-

1289 1247 1371 1272 pum,
1389 1238 1596 1272 adscripsisse,
1615 1243 1642 1265 et
1664 1239 1803 1266 statuisse
1829 1243 1857 1266 ut
1883 1239 1906 1264 V
1930 1241 2064 1267 kalendas
2086 1241 2249 1268 decembris
2269 1242 2304 1268 ab

1290 1288 1424 1314 universa
1437 1287 1566 1314 Ecclesia
1578 1288 1709 1314 natalicia
1724 1289 1789 1322 ejus
1802 1289 1904 1315 devote
1919 1290 2111 1316 celebrentur.
2123 1306 2154 1310 —
2164 1291 2245 1325 (Res.
2262 1291 2303 1323 17,

1289 1335 1307 1361 f.
1325 1335 1358 1362 60
1374 1340 1415 1367 r0;
1440 1344 1507 1362 ann.
1531 1334 1600 1367 Vll,
1621 1344 1648 1362 c.
1674 1336 1786 1369 198;—
1801 1336 1918 1363 Monam
1948 1337 2026 1367 1188,
2050 1338 2068 1364 f.
2094 1338 2159 1370 15:33
2177 1353 2209 1358 —
2231 1338 2304 1364 Por-

1288 1392 1376 1410 ‘ruas'r
1392 1384 1477 1414 923&
1494 1398 1529 1404 --
1545 1385 1582 1411 cf.
1602 1384 1761 1411 ulmum.
1789 1386 1922 1411 Annales.
1947 1385 2024 1413 1233.
2048 1390 2066 1412 t.
2088 1386 2173 1414 XIII.
2192 1396 2218 1422 p.
2236 1387 2247 1413 *l
2260 1387 2302 1419 ἱ),

1288 1432 1342 1458 col.
1359 1432 1414 1465 ²3,.§
1429 1433 1479 1464 55;
1496 1431 1540 1458 cd.
1560 1431 1747 1461 Bari*i-Duc.,
1766 1437 1786 1459 t.
1805 1432 1889 1460 XXI.
1909 1443 1935 1467 p.
1953 1435 1996 1461 «⁸¹5.
2015 1435 2069 1460 col.
2092 1435 2098 1460 1
2118 1439 2146 1460 et
2162 1436 2200 1467 2.)

1331 1553 1343 1567 α
1366 1541 1521 1569 L‘niuersis
1540 1541 1655 1570 Clu-isti
1670 1541 1808 1578 fidelibus
1823 1541 1863 1570 ad
1881 1551 1953 1578 quos
1970 1542 2068 1571 littere
2087 1544 2139 1572 iste
2154 1552 2301 1580 pervene-

1287 1595 1366 1622 rint.
1382 1593 1474 1623 Sicut
1490 1593 1565 1623 fiale
1580 1602 1679 1624 auree
1693 1611 1741 1622 —.
1760 1594 1834 1623 Dat.
1847 1594 2014 1629 Laterani,
2027 1595 2129 1625 XIIII
2141 1595 2301 1626 kalendas

1283 1646 1373 1686 julii,
1392 1656 1479 1677 anno
1495 1647 1647 1685 septimo.
1665 1659 1678 1674 »

1362 1846 1478 1873 1415
1890 1844 2004 1877 Lan-an,
2019 1828 2053 1873 Δ«3-3
2067 1846 2131 1881 juin
2150 1847 2229 1875 1233.

1324 1906 1468 1941 Episcopo
1484 1907 1628 1941 quondam
1652 1907 1832 1939 Pataviensi,
1850 1923 1886 1927 —
1900 1916 1967 1934 cum
1988 1908 2051 1943 ipse
2072 1918 2144 1944 papa
2165 1910 2302 1944 episcopo

1289 1955 1471 1989 Frisingensi
1494 1959 1522 1981 et
1545 1957 1611 1990 ejtis
1627 1956 1832 1990 conjudicibus
1848 1956 2044 1983 mandavisset
2061 1962 2091 1984 ut
2112 1958 2205 1985 eidem
2222 1959 2302 1993 epis·

1289 2012 1361 2038 copo
1391 2003 1571 2035 pataviensi,
1600 2004 1714 2031 cedenti
1744 2005 1823 2031 oneri
1850 2005 1933 2031 officii
1959 2007 2127 2040 pastoralis,
2154 2007 2189 2033 de
2219 2008 2303 2034 bonis

1291 2052 1471 2079 Patavi-ensis
1482 2053 1624 2080 eeclesiae
1641 2054 1835 2088 providerent,
1853 2058 1880 2080 et
1898 2055 2120 2088 iidemjudices.
2134 2056 2303 2090 hujusmodi

1290 2102 1406 2135 negotio
1425 2110 1479 2128 non
1498 2102 1628 2128 valentes
1639 2103 1790 2129 commode
1805 2103 1959 2135 interesse,
1973 2105 2136 2138 praeposito
2150 2105 2303 2132 Maticensi

1290 2151 1334 2182 (=
1351 2150 1386 2175 de
1402 2150 1535 2183 Mattsee)
1551 2154 1579 2177 et
1595 2152 1660 2185 ejus
1681 2151 1802 2186 collegis
1816 2159 1905 2186 super
1928 2153 1981 2178 boc
2002 2153 2219 2180 commisissent
2240 2154 2304 2189 ple-

1291 2198 1369 2225 narie
1394 2199 1474 2225 vices
1499 2207 1584 2231 suas,
1613 2200 1662 2234 qui
1693 2200 1721 2226 in
1752 2200 1825 2227 Glus
1856 2203 1896 2232 (τ
1927 2200 2044 2234 Gleiss),
2077 2202 2121 2236 [in]
2156 2203 2302 2230 Amisten.

1290 2249 1334 2281 (=
1351 2247 1528 2281 Amstetten)
1543 2252 1571 2274 et
1586 2248 1661 2283 apud
1679 2248 1819 2276 Sanctum
1837 2249 1984 2283 Ypolitum
2002 2251 2220 2278 hovemarcbias
2236 2259 2304 2278 cum

1291 2295 1473 2330 pertinentiis
1493 2296 1557 2322 suis
1572 2296 1643 2331 ipsi.
1667 2296 1843 2331 provisionis
1863 2297 1994 2329 nomine,
2017 2298 2252 2333 assignaverant,
2271 2313 2303 2318 —

1289 2343 1434 2378 significat
1448 2352 1480 2370 se
1501 2344 1576 2378 quod
1594 2353 1644 2379 per
1659 2352 1710 2371 eos
1722 2353 1811 2380 super
1825 2345 1880 2372 hoc
1893 2349 1989 2372 actum
2000 2346 2102 2377 fuerat,
2119 2347 2302 2375 confirmare.

1290 2406 1322 2411 —-
1340 2391 1424 2425 (Res.
1446 2393 1484 2423 17,
1502 2393 1520 2419 f.
1538 2394 1572 2419 60
1589 2399 1632 2425 v⁰;
1649 2401 1716 2420 ann.
1736 2392 1801 2426 vn,
1819 2402 1846 2420 c.
1867 2394 1935 2426 199.)

1332 2512 1344 2526 «
1375 2522 1394 2528 ..
1421 2501 1577 2538 quondam
1603 2503 1738 2540 episcopo
1769 2502 1956 2532 Palantensi.
1985 2503 2092 2533 Justis
2119 2504 2304 2542 petentium

1290 2556 1352 2582 etc.
1372 2570 1420 2582 —.
1446 2554 1519 2583 Dat.
1542 2554 1717 2590 Laterani,
1742 2555 1772 2585 X
1794 2555 1954 2586 kalendas
1973 2556 2066 2595 julii,
2091 2557 2304 2596 pontificatus

1290 2607 1396 2636 nostri
1412 2615 1499 2637 anno
1514 2608 1666 2646 septimo.
1687 2621 1700 2634 »

1363 2806 1478 2835 1416

1327 2866 1417 2894 Priori
1434 2871 1462 2894 et
1478 2868 1614 2896 fratribus
1629 2869 1739 2896 ordinis
1757 2868 1988 2896 Praedicatorum
2006 2869 2169 2898 Bisuntinis
2184 2871 2305 2906 inquisi-

1289 2914 1401 2942 toribus
1414 2916 1575 2944 baereticae
1588 2917 1737 2952 pravitatis
1749 2926 1798 2952 per
1811 2916 2018 2951 Burgundiam.
2031 2926 2119 2953 super
2130 2918 2305 2954 quibusdam

1289 2962 1387 2990 dubiis
1400 2965 1599 2998 juramentum
1614 2966 1824 2992 baereticorum
1836 2966 2046 2999 attingentibus
2057 2967 2213 3002 respondet
2227 2967 2305 3002 quod

1890 2807 2007 2840 Latran,
2029 2809 2057 2835 17
2071 2809 2135 2842 juin
2155 2809 2234 2838 1233.
