2498 3242
149 275 208 306 825
1005 265 1219 304 SEPTIEME
1241 268 1401 305 ΑΝΝΕΕ.
2198 277 2257 308 826

224 342 338 371 ¹49²
736 341 862 375 Magni,
882 341 912 368 12
928 341 995 367 aout
1012 340 1090 368 Ὶ1933.

186 403 293 430 Abbati
317 403 352 430 de
378 402 505 430 Fontana
528 402 610 435 Viva,
635 402 840 430 Cisterciensis
861 403 982 433 ordinis,
1008 403 1162 430 committit

150 453 360 480 correctionem
369 457 397 479 et
406 453 639 479 reformationem
649 452 779 479 coenobii
790 452 1051 478 sanctimonialium
1063 451 1162 478 Sancti

151 500 318 533 Alexandri,
335 500 502 527 Parmensis
513 500 668 533 dioecesis,
685 501 778 527 sancti
796 499 945 527 Benedicti
962 501 1088 534 regulam
1106 500 1161 527 sub

150 551 234 585 nigro
263 550 360 576 habitu
391 550 486 576 laxius
513 549 741 576 observantium.
770 563 806 569 —
835 549 918 581 (Rau.
946 549 988 579 17,
1016 549 1034 576 f.
1061 550 1094 575 75
1118 554 1160 582 r⁰;

150 607 217 625 ann.
236 597 302 630 VII,
323 606 349 625 c.
366 598 434 631 ‘264;
454 613 486 617 —
506 597 654 625 Porrfflsr
668 597 761 631 9270.)

193 714 206 727 «
227 724 246 730 ..
263 701 365 730 abbati
387 701 420 729 de
438 701 579 729 Fontana
597 701 681 734 Viva,
703 700 910 730 cisterciensis
925 700 1056 729 ordinis.
1078 699 1161 729 Cum

150 753 230 784 olim
250 762 308 792 per
323 770 372 782 —.
390 754 464 783 Dat.
482 753 651 791 Anagnie,
671 753 702 783 II
718 752 793 782 idus
814 752 963 790 augusti,
985 761 1072 782 anno
1088 760 1162 790 sep-

151 806 242 836 timo.
263 818 276 832 ³)

224 972 244 1000 Ι
251 971 340 999 493

186 1033 235 1065 Α,
251 1033 360 1059 decano
377 1032 528 1067 Pragensi,
547 1032 698 1059 ecclesiam
716 1032 751 1058 de
767 1031 839 1058 Retz
855 1031 979 1057 restituit
994 1039 1060 1057 cnm
1077 1030 1164 1057 deca-

151 1086 218 1109 natu
232 1081 371 1116 Pragensi
384 1081 573 1108 retinendam.
583 1080 835 1114 -(Rso.17,f.75
845 1087 887 1111 νος
901 1088 966 1106 ann.
978 1079 1042 1108 vlt,
1054 1087 1079 1105 c.
1090 1078 1162 1112 ⁶265.)

755 970 881 1004 Anagni,
899 969 913 996 4
930 971 998 996 sont
1014 968 1090 996 1233.

193 1197 206 1211 «ι
224 1185 272 1220 A„
289 1185 402 1213 decano
415 1185 573 1221 pingensi.
588 1183 672 1213 Cum
686 1191 704 1212 a
718 1182 814 1212 nobis
827 1199 876 1210 -—.
895 1182 981 1212 Sane
995 1181 1055 1210 tibi
1068 1185 1099 1211 et
1112 1180 1161 1215 C.,

151 1237 317 1276 quondam
332 1236 523 1267 Pataviensi
537 1235 677 1269 custodi,
688 1235 723 1264 in
738 1238 850 1264 nostra
862 1234 1031 1272 presentia
1044 1233 1164 1263 consti-

152 1290 248 1323 tut-is,
267 1298 304 1319 ac
321 1298 419 1327 super
440 1288 580 1319 ecclesia
600 1288 639 1318 de
655 1289 751 1322 Retz,
770 1296 883 1317 curam
900 1287 1087 1316 animarum
1104 1294 1164 1315 an-

153 1351 271 1372 nexam
293 1342 452 1375 habente,
478 1341 690 1371 Pataviensis
718 1340 860 1369 diocesis
882 1340 957 1378 (qua
978 1343 1008 1368 te
1029 1339 1163 1368 dicebas

150 1404 209 1434 per
224 1395 309 1425 bone
325 1394 484 1424 memorie
500 1417 522 1423 ..
539 1394 819 1432 Ratisponensem
841 1392 1032 1431 episcopum
1050 1395 1081 1422 et
1097 1391 1164 1421 col-

150 1447 242 1486 legas
265 1456 359 1483 suos,
382 1456 400 1477 a
421 1447 529 1477 felicis
551 1445 792 1477 recordationis
808 1445 848 1474 H.
867 1453 968 1483 papa,
988 1444 1163 1482 predeces-

150 1509 223 1532 sore
247 1505 377 1535 nostro,
403 1509 503 1538 super
527 1499 727 1539 quibusdam
747 1498 897 1537 injuriis,
920 1497 1112 1527 excessibus
1132 1501 1164 1527 et

149 1554 304 1589 offensis,
321 1558 358 1583 ut
373 1553 556 1587 dicebatur,
575 1557 689 1583 contra
704 1552 789 1582 bone
805 1551 964 1582 memorie
981 1551 1160 1586 Andrcam,

147 1608 351 1646 Pragensem
367 1606 568 1645 episcopum,
586 1605 810 1635 irreverenter
823 1613 859 1634 ac
876 1604 1030 1643 nequiter
1045 1613 1162 1643 perpe-

148 1660 256 1695 tratis,
276 1659 499 1698 exploratores
517 1667 708 1693 concessos,
729 1662 843 1687 cont-ra
855 1658 1022 1696 justitiam
1039 1657 1162 1696 spolia-

150 1717 235 1746 tum.
255 1721 395 1752 quorum
413 1720 589 1750 processus
604 1715 612 1731 ¹
635 1720 693 1750 per
714 1710 871 1741 dilectum
887 1710 994 1741 filium
1012 1715 1163 1741 nostrum

150 1767 200 1801 E.,
212 1766 409 1797 Sanctorum
421 1765 539 1795 Cosme
548 1768 579 1794 et
590 1764 746 1794 Damiani
757 1764 933 1793 diaconum
945 1764 1160 1800 cardinalem,

148 1819 300 1858 partibus
316 1818 501 1848 auditorem
520 1826 732 1852 concessum,
756 1817 794 1847 de
816 1817 896 1847 dicti
918 1817 1162 1856 predecessoris

149 1876 180 1902 et
196 1872 337 1901 fratrum
352 1875 540 1901 nostrorum
556 1870 707 1904 consilio,
724 1870 789 1900 fuit
804 1871 1012 1908 postmodum
1028 1875 1164 1901 senten-

150 1925 286 1957 tialiter,
312 1924 443 1964 justitia
468 1924 631 1962 exigente.
658 1927 820 1958 cassatus.
851 1928 947 1961 prout
975 1934 1012 1954 ex
1040 1924 1163 1955 litteris

151 1977 331 2008 cardinalis
353 1977 500 2015 ejusdem
518 1977 734 2015 perpenditur
749 1977 950 2008 manifestel.
968 1986 1068 2016 quam
1087 1986 1163 2007 cus-

153 2035 202 2060 tos
219 2030 387 2059 detincbat
403 2030 569 2067 prefatus,
588 2029 776 2059 volentibus
798 2029 837 2058 ad
853 2029 996 2059 invicem
1013 2029 1161 2067 litigare,

152 2083 309 2113 dilectum
325 2082 431 2112 filium
449 2086 598 2112 nostrum
615 2082 660 2112 S..
677 2081 765 2111 tituli
783 2082 901 2111 Sancte
919 2083 1023 2112 Marie
1040 2084 1164 2113 Trans-

152 2136 299 2175 tiberym
315 2135 534 2174 presbiterum
558 2134 778 2170 cardinalem,
796 2134 947 2165 dedimus
966 2136 1161 2165 auditorem.

154 2189 273 2220 Coram
300 2198 364 2227 quo
391 2197 491 2226 super
518 2187 692 2226 questione
718 2188 881 2226 premissa
908 2188 965 2218 lite
988 2189 1163 2227 pendente,

153 2243 303 2280 prefatus
330 2245 441 2270 custos
468 2240 616 2270 debitum
642 2244 758 2270 nature
783 2241 951 2279 persolvit.
980 2242 1050 2278 Quo
1078 2242 1166 2272 viam

153 2295 310 2324 universe
327 2294 437 2323 carnis
460 2293 627 2331 ingresso,
646 2293 676 2323 X
693 2293 852 2323 kalendas
869 2295 1018 2331 augusti.
1037 2295 1097 2324 tibi
1114 2305 1166 2325 re-

154 2347 326 2378 stituimus
341 2346 515 2376 ecclesiam
528 2350 754 2378 memoratam.
768 2346 807 2376 de
819 2347 954 2385 speciali
969 2348 1076 2385 gratia
1088 2357 1166 2377 con-

153 2400 308 2430 cedentes
330 2404 363 2429 ut
381 2408 453 2429 cam
475 2408 548 2428 rum
569 2398 730 2428 decanatu
755 2400 931 2437 Pragensi.
957 2400 1166 2430 consimilem

117 2458 124 2467 “
153 2462 265 2482 curam
293 2452 455 2486 habente,
486 2451 723 2481 constitutione
751 2452 916 2488 generalis
941 2453 1074 2482 concilii
1100 2462 1165 2483 non

152 2506 316 2535 obstante.
332 2504 435 2534 libere
450 2514 485 2533 ac
500 2504 590 2534 licite
605 2504 716 2535 valeas
728 2505 883 2535 retinere,
899 2505 992 2535 Nulli
1009 2515 1085 2543 ergo
1102 2510 1161 2536 etc.

153 2558 188 2589 Si
217 2558 292 2597 quis
318 2562 428 2587 autem
452 2561 511 2587 etc.
540 2558 613 2586 Dat.
640 2557 803 2595 Anagnie.
826 2558 857 2588 ΙΙ
886 2567 990 2588 nonas
1018 2559 1163 2597 augusti,

153 2619 240 2640 anno
256 2610 408 2648 septimo.
431 2622 443 2636 »ι

230 2776 249 2803 Ι
258 2775 347 2804 49⁴

191 2837 336 2873 Episcopo
354 2837 517 2864 Pataviensi
534 2836 647 2863 mandat
662 2841 816 2871 quatenus,
829 2837 970 2864 decanum
987 2838 1166 2873 praedictum

758 2775 882 2810 Anagni‚
899 2776 912 2802 1
929 2777 996 2802 aout
1016 2775 1093 2803 1233.

191 2953 210 2976 1.
228 2954 277 2976 Με.
293 2961 300 2975 .·
317 2958 487 2982 processum.

1244 340 1272 366 in
1289 341 1506 375 possessionem
1520 341 1614 375 ipsius
1627 341 1768 368 ecclesiae
1781 341 1932 373 inducens,
1949 350 2015 368 eum
2027 342 2055 368 in
2069 343 2257 377 possessione

1244 389 1378 416 defendat
1393 389 1536 424 ejusdem.
1553 404 1586 409 —
1603 390 1686 423 (Rau.
1706 391 1748 422 17,
1767 390 1784 416 f.
1803 391 1836 416 75
1852 396 1897 423 νος
1915 399 1980 417 ann.
2000 390 2066 423 vll,
2083 399 2108 418 c.
2126 391 2199 423 266.)

1286 502 1299 517 «
1327 513 1345 518 ..
1368 492 1502 529 episcopo
1520 492 1707 520 Pataviensi.
1734 491 1944 522 Constitutus
1965 492 1999 521 in
2021 492 2190 530 presentia
2205 509 2254 521 -—.

1243 543 1318 572 Dat.
1335 547 1371 573 ut
1387 552 1497 581 supra.
1518 555 1530 569 n

1317 708 1434 736 1495

1280 768 1460 801 Fridericus,
1494 769 1691 796 Romanorum
1724 770 1890 805 imperator,
1921 769 2063 804 Gregorio
2093 769 2136 796 IX
2167 778 2255 805 papae

1245 818 1357 844 nuntiat
1372 826 1404 844 se
1421 819 1486 851 eJus
1502 818 1664 852 epistolam,
1683 818 1710 844 in
1728 826 1784 852 qua
1799 818 1947 844 arbitrium
1964 818 2000 845 de
2016 826 2103 845 causa
2119 819 2194 845 inter
2210 819 2255 853 ip-

1243 872 1308 892 sum
1332 868 1360 891 et
1382 865 1558 892 Lombardos
1580 867 1720 901 prolatum
1740 866 1953 894 continebatur.
1975 866 2133 901 recepisse,
2154 866 2206 893 sed
2224 874 2256 892 se

1248 913 1436 948 [Hei-mannil,
1453 915 1583 948 magistri
1598 914 1856 947 Tbeutonicorum,
1875 915 1997 941 reditum
2014 915 2255 950 praestolaturum

1244 971 1321 995 esse,
1334 967 1487 998 antequam
1499 964 1609 990 litteras
1626 967 1758 998 patentes
1775 963 1877 995 mittat,
1891 972 1964 997 quas
1979 963 2071 990 Sedes
2087 963 2257 998 Apostolica

1245 1020 1338 1046 usque
1361 1012 1394 1038 ad
1419 1012 1523 1039 festum
1546 1013 1621 1038 beati
1642 1012 1790 1039 Michaelis
1805 1016 1849 1046 (=
1866 1012 1900 1039 ‘29
1916 1014 2012 1047 sept.),
2028 1014 2112 1047 juxta
2126 1016 2255 1039 tenorem

1245 1060 1300 1087 sibi
1322 1061 1537 1089 transmissum.
1562 1061 1648 1095 dirigi
1669 1061 1876 1096 postulaverat.
1894 1076 1925 1080 —
1946 1061 2030 1094 (Rso.
2054 1062 2101 1093 17,
2123 1061 2141 1087 f.
2160 1062 2193 1088 75
2209 1066 2253 1091 v⁰;

1245 1117 1310 1135 ann.
1326 1108 1391 1141 VII,
1410 1118 1436 1136 c.
1453 1110 1521 1140 26·st
1544 1125 1576 1129 —
1593 1110 1713 1137 Monam
1730 1109 1807 1142 1188,
1824 1110 1844 1136 t‘.
1862 1110 1927 1141 1292
1951 1110 2030 1142 ibid„
2047 1110 2064 1136 s.
2084 1109 2147 1143 133;
2169 1124 2202 1129 -—
2216 1110 2254 1136 cs.

1245 1157 1416 1185 Ronanus-no
1433 1158 1483 1185 548
1497 1160 1525 1190 ¹.)

1776 707 1932 743 Syracuse,
1951 708 1981 735 12
1993 708 2089 742 juillet
2105 708 2182 737 1233.

1288 1271 1301 1286 «
1319 1261 1426 1289 Littere
1442 1262 1638 1299 imperatoris
1653 1261 1692 1290 ad
1710 1261 1869 1290 dominum
1891 1269 2015 1298 papam.
2036 1259 2256 1290 Sanctissimo

1245 1312 1280 1341 in
1294 1312 1428 1343 Christo
1441 1314 1526 1352 patri
1543 1314 1676 1344 domino
1689 1314 1741 1348 G.,
1756 1314 1818 1344 Dei
1831 1314 1936 1351 gratia
1951 1321 2080 1343 summo
2093 1312 2253 1351 pontifici.

1245 1366 1293 1401 F„
1318 1366 1432 1396 eadem
1455 1367 1561 1404 gratia
1584 1368 1809 1396 Romanorum
1834 1366 2023 1404 imperator.
2046 1374 2175 1403 semper
2196 1374 2255 1397 au-

1245 1423 1373 1456 gustus,
1386 1419 1574 1450 Jerusalem
1588 1424 1618 1449 et
1630 1419 1744 1450 Sicilie
1758 1428 1825 1450 rex.
1839 1419 1979 1449 salutem
1992 1424 2021 1449 ct
2034 1418 2255 1448 reverentiam

1243 1471 1392 1502 filialem.
1410 1473 1543 1502 Honore
1558 1472 1668 1502 debito
1684 1477 1716 1502 et
1730 1490 1779 1502 —-.
1797 1473 1870 1502 Dat.
1889 1472 2066 1507 Siracusis,
2082 1472 2149 1501 XII
2161 1471 2249 1510 julii,

1243 1525 1289 1555 VI
1305 1525 1499 1555 indictione.
1519 1537 1532 1552 n

1317 1697 1432 1726 1498

1280 1761 1461 1793 Fridericus,
1479 1760 1677 1787 Romanorum
1692 1760 1858 1795 imperator,
1875 1759 2044 1795 Rlaynaldo]
2060 1782 2065 1792 ,
2082 1758 2211 1786 Ostiensi
2227 1763 2255 1786 et

1248 1809 1420 1836 Velletrensi
1437 1810 1538 1842 electo,
1551 1809 1653 1836 scribit
1667 1809 1736 1844 quid
1752 1818 1841 1844 papae
1857 1809 1892 1835 de
1909 1810 1974 1844 ejus
1989 1808 2107 1835 arbitrio
2123 1808 2198 1835 inter
2212 1808 2255 1843 ip-

1244 1867 1309 1885 sum
1326 1863 1354 1885 et
1369 1858 1546 1885 Lombardos
1562 1857 1670 1891 prolato
1681 1858 1879 1892 responderit;
1892 1859 2079 1892 conqueritur
2090 1858 2176 1892 quod,
2189 1865 2255 1884 cum

1245 1907 1421 1934 Lombardos
1443 1916 1514 1942 papa
1543 1908 1569 1933 in
1594 1907 1762 1941 quingentis
1783 1907 1923 1933 militibus
1944 1915 1994 1941 per
2017 1907 2164 1933 biennium
2185 1914 2256 1932 con-

1245 1956 1434 1982 demnaverit.
1467 1955 1659 1982 conventione
1689 1956 1775 1990 priori
1802 1955 1837 1981 de
1867 1955 2086 1989 quadringentis
2117 1954 2256 1981 militibus

1245 2004 1363 2036 omissa,
1378 2012 1428 2037 pro
1443 2008 1484 2030 tot
1499 2004 1614 2038 injuriis
1629 2003 1753 2038 Imperio
1769 2004 1854 2030 illatis
1871 2011 1926 2029 non
1943 2012 2034 2037 aequa
2049 2003 2207 2029 subsecuta
2219 2002 2257 2029 sit

1246 2052 1414 2084 satisfactio,
1429 2052 1549 2080 addens,
1567 2053 1591 2078 si
1607 2056 1689 2078 tenor
1704 2053 1793 2086 hujus
1808 2052 1982 2086 provisionis
1998 2051 2031 2078 ad
2050 2052 2192 2085 publicam
2206 2059 2256 2078 no-

1774 1696 1930 1732 Syracuse,
1948 1697 1979 1723 12
1992 1697 2088 1731 juillet
2105 1695 2181 1723 1233.

1247 2102 1336 2127 titiam
1358 2102 1475 2129 exierit,
1496 2109 1581 2135 reges
1597 2105 1625 2127 et
1643 2102 1789 2135 principes
1804 2100 1937 2126 arbitrale
1950 2100 2092 2134 judiciuin
2110 2099 2256 2126 Ecclesias-

1249 2158 1303 2176 non
1326 2159 1392 2176 esse
1415 2151 1535 2177 libenter
1556 2149 1715 2176 subitan-03.
1736 2163 1773 2169 —
1787 2148 1869 2182 (Rau⁴
1891 2149 1938 2176 17.
1958 2149 1975 2175 f.
1993 2149 2026 2175 75
2044 2156 2090 2180 νος
2106 2157 2173 2174 ann.
2192 2148 2254 2175 VII.

1247 2208 1273 2227 c.
1291 2199 1357 2232 ‘2685
1376 2214 1407 2218 —
1427 2199 1544 2226 Monam
1565 2199 1639 2230 1188,
1657 2198 1675 2225 f.
1697 2198 1759 2230 131;
1777 2212 1810 2218 —
1827 2198 1863 2224 cf.
1882 2197 2051 2224 Rom-:susim
2066 2197 2117 2224 549
2127 2198 2161 2230 ¹².)

1291 2315 1302 2328 κ
1327 2303 1434 2331 Littere
1456 2301 1586 2338 ejusdem
1610 2300 1649 2329 ud
1668 2300 1828 2329 dominum
1855 2300 2030 2328 Ostiensem.
2055 2298 2256 2329 Fridericus.

1248 2355 1311 2385 Dei
1338 2354 1442 2393 gratia
1470 2355 1698 2384 Romanorum
1719 2352 1909 2391 imperator,
1933 2360 2062 2390 semper
2085 2355 2257 2389 augustus.

1246 2407 1434 2439 Jerusalem
1449 2411 1479 2437 et
1493 2406 1608 2437 Sicilie
1625 2415 1691 2441 rex,
1705 2405 1825 2436 dilecto
1839 2405 1944 2434 amico
1961 2414 2020 2435 suo
2032 2404 2191 2441 magistro
2206 2405 2258 2434 R..

1248 2460 1433 2492 venerabili
1460 2459 1608 2490 Ostiensi
1636 2463 1667 2489 et
1693 2458 1895 2489 Velletrensi
1921 2457 2035 2493 electo,
2065 2457 2206 2487 salutem
2229 2463 2257 2487 et

1249 2514 1378 2544 sincere
1394 2513 1583 2543 dilectionis
1600 2512 1766 2542 affectum.
1789 2511 1987 2549 Recepimus
2005 2519 2110 2548 nuper
2130 2515 2260 2548 aposto-

1248 2567 1330 2597 licas
1345 2584 1394 2595 —.
1412 2567 1486 2596 Dat.
1505 2565 1683 2600 Siracusis,
1698 2565 1763 2597 xn
1776 2564 1865 2604 julii,
1884 2565 1929 2594 VI
1945 2563 2138 2593 indictione.
2159 2575 2171 2589 »

1282 2687 1301 2710 1.
1319 2686 1485 2716 Rodenberg
1502 2685 1593 2709 donne
1607 2684 1760 2707 seulement
1772 2689 1826 2706 une
1837 2682 1951 2712 analyse
1964 2681 1998 2705 do
2009 2684 2080 2705 cette
2095 2680 2180 2711 picco,
2194 2680 2261 2704 dont

1249 2738 1285 2754 on
1302 2734 1431 2754 trouvora
1446 2730 1470 2753 le
1486 2732 1562 2753 texte
1575 2728 1644 2752 dans
1662 2725 2008 2754 Ηυιιιᾼιῐυ-Βῐιιέῌοιιεε,
2022 2726 2126 2748 Hister.
2141 2726 2261 2753 diplom.

1249 2776 1326 2800 Frid.
1343 2775 1473 2803 secundi,
1490 2776 1508 2797 t.
1526 2773 1572 2802 1v,
1590 2781 1614 2803 p.
1631 2772 1673 2796 441
1691 2772 1735 2801 (cf.
1753 2769 2010 2797 Bonum-Ficana,
2027 2773 2055 2791 n·
2071 2768 2151 2796 ‘zo-24).

1279 2819 1302 2843 2.
1321 2819 1487 2849 Rodonberg
1502 2824 1536 2841 ne
1550 2817 1642 2841 donno
1658 2816 1758 2846 qu'une
1775 2815 1872 2845 simplo
1888 2814 2001 2844 analyso
2014 2813 2047 2837 de
2061 2820 2091 2836 co
2103 2813 2262 2841 document,

1250 2864 1334 2895 qu'on
1357 2866 1489 2887 trouvera
1515 2861 1584 2885 dans
1608 2861 1746 2892 plusieurs
1772 2858 1967 2890 publications,
1998 2860 2168 2881 notammont
2195 2856 2262 2880 dans

1250 2908 1318 2932 celle
1342 2907 1376 2931 do
1405 2904 1758 2934 ΗυιιιΑῐιυ-Βιιέιιοιιεε,
1780 2904 1850 2926 Hist.
1873 2903 1990 2931 diplom.
2012 2902 2089 2926 Frid.
2113 2903 2152 2931 11,
2179 2903 2197 2924 t.
2216 2900 2263 2930 lv,

1250 2959 1277 2983 p.
1296 2951 1340 2976 ⁴⁴⁸2
1356 2951 1401 2981 (cf.
1420 2949 1674 2976 Beuum-Ficana,
1690 2952 1719 2971 n·
1735 2947 1816 2977 2025).
