2498 3242
136 319 188 350 541

135 385 238 420 cesis,
254 385 293 416 de
309 386 464 416 mandato
481 385 660 424 apostolico
683 386 841 416 canonice
863 386 978 416 fuisset
998 386 1146 425 adeptus,

134 441 166 469 et
186 447 259 468 eam
282 437 479 477 aliquandiu
500 438 637 477 pacifice
659 438 878 477 possedisset.
897 448 932 468 ac
954 439 987 468 in
1008 439 1078 477 ipsa
1096 447 1149 469 ec-

135 490 238 521 clesia
251 491 308 521 diu
322 495 481 530 tanquam
495 491 675 521 canonicus
689 491 807 529 legerit
821 495 851 521 et
865 492 1018 522 cantat-it.
1035 496 1065 522 et
1078 500 1149 530 per-

135 543 296 574 sonaliter
310 543 528 574 residentiam
550 543 667 574 fecerit
689 543 723 573 in
746 544 877 581 eadem‚
896 544 1036 574 dilectus
1059 543 1149 574 tilius

135 595 258 626 nobilis
273 596 325 626 vir
338 597 392 631 H„
409 600 508 626 natus
521 596 687 626 carissimi
701 596 735 626 in
750 596 884 627 Christo
900 597 960 626 tilii
978 596 1082 626 nostri
1099 597 1147 631 F.‚

136 650 362 680 Romanorum
381 649 610 688 imperatoris,
635 658 765 688 semper
787 650 937 687 augusti,
961 650 1149 681 Jerusalem

135 706 165 732 et
183 701 298 732 Sicilie
312 702 400 740 regis
414 701 569 737 illustris,
585 703 624 732 G.
639 711 752 741 puer-0,
769 703 807 733 de
823 703 918 738 facto,
937 712 1011 733 cum
1025 703 1149 742 dejure

136 764 201 786 non
220 759 347 794 posset.
368 755 572 794 prebendam
595 755 734 786 contulit
755 756 994 795 supradictam.
1019 756 1052 785 in
1077 756 1148 795 ejus

134 808 356 847 prejudicium
370 812 399 838 et
414 817 604 846 gravamen.
620 809 656 838 Et
672 808 749 839 licet
761 809 810 839 Τ..
824 809 1004 839 canonicus
1017 809 1149 847 Trajec-

136 861 252 892 tensis.
271 865 359 891 tutor
374 861 482 900 ipsius
497 862 610 900 pueri,
625 870 700 892 cum
717 862 787 891 suis
803 862 838 891 in
855 861 915 892 hac
932 866 1024 900 parte
1042 862 1149 891 fauto-

135 915 244 949 ribus,
266 924 326 954 pro
349 924 386 945 eo
409 915 496 954 quod
512 915 654 945 eundem
670 916 711 945 H.
730 925 829 954 super
843 915 1009 954 prebenda
1028 915 1150 945 moles-

135 968 226 998 tabat
253 968 384 1003 eadem,
416 978 474 1007 per
503 968 661 998 dilectum
688 968 795 999 filium
826 991 846 997 ..
878 968 1149 998 archidiaconum

134 1020 410 1052 Cameracensem
430 1030 575 1060 suosque
591 1021 734 1059 collegas
757 1021 952 1051 auctoritate
970 1021 1149 1060 apostolica

132 1073 267 1104 vinculo
290 1074 409 1104 suisset
430 1074 784 1104 excommunicationis
807 1074 980 1107 astrictus,
1006 1073 1149 1104 nichilo-

132 1126 245 1156 minus
261 1131 372 1157 tamen
389 1135 488 1165 super
504 1127 619 1158 eadem
631 1127 799 1166 prebenda
811 1131 923 1157 contra
940 1136 1016 1157 eum
1031 1136 1048 1157 a
1063 1127 1148 1157 bone

131 1180 291 1210 memorie
303 1181 343 1210 H.
355 1189 448 1219 papa,
460 1180 693 1219 predecessore
707 1184 829 1213 nostro,
841 1179 881 1209 ad
898 1203 916 1208 ..
927 1179 1149 1209 Werdensem

132 1233 337 1273 prepositum
360 1238 390 1263 et
414 1234 485 1273 ejus
508 1233 715 1272 conjudices.
739 1233 923 1263 familiares
947 1256 966 1262 ..
988 1232 1148 1271 prepositi

130 1286 366 1326 Trajectensis.
385 1286 443 1325 qui
459 1286 520 1316 hee
537 1285 666 1321 omnia,
685 1285 771 1315 sicut
787 1285 920 1316 dicitur.
938 1285 1146 1324 procurabat.

131 1339 239 1378 ipsius
259 1339 355 1377 pueri
375 1338 505 1369 litteras
526 1338 728 1376 impetravit.
746 1338 896 1377 Cumque
913 1338 991 1368 dicti
1005 1338 1146 1377 judices,

132 1401 168 1423 re
188 1391 296 1422 adhuc
311 1391 459 1429 integra,
478 1395 608 1421 mortuo
623 1391 835 1425 mandatore,
854 1390 926 1421 sine
946 1390 1149 1420 determina-

131 1445 221 1475 tione
237 1444 301 1474 loci
317 1444 477 1474 citassent
495 1443 648 1479 eundem,
664 1443 743 1483 quia
758 1443 961 1482 presentiam
975 1443 1066 1473 adire
1083 1452 1149 1473 non

131 1498 239 1538 potuit
261 1498 459 1533 eorundem,
477 1497 560 1536 ipsi,
578 1501 772 1536 reputantes
794 1497 937 1527 eundem
957 1497 998 1527 H.
1014 1506 1073 1535 pro
1090 1505 1149 1526 sue

133 1551 316 1582 voluntatis
333 1551 472 1581 arbitrio
489 1555 735 1586 contumacem,
752 1550 831 1580 licet
845 1550 881 1579 in
901 1558 977 1580 eum
989 1549 1150 1589 jurisdic-

133 1605 259 1635 tionem
279 1604 427 1644 aliquam
446 1613 513 1634 non
533 1603 712 1640 haberent,
737 1613 812 1634 eum
831 1607 936 1634 morte
955 1603 1150 1633 mandatum

135 1657 335 1697 expiraverit
362 1657 585 1693 mandatoris,
612 1657 723 1696 ipsum
746 1656 958 1696 possessione
982 1656 1149 1695 prebende

133 1711 280 1750 predicte
295 1711 447 1741 fecerunt·
463 1710 650 1741 temeritate
670 1710 803 1749 propria
824 1709 972 1748 spoliari.
990 1709 1073 1740 Cum
1090 1718 1150 1739 au-

134 1768 201 1795 tem
220 1767 293 1803 post
313 1763 462 1794 diversas
479 1763 732 1793 commissiones
753 1771 852 1801 super
866 1762 929 1792 hoc
945 1762 985 1792 ad
1000 1762 1149 1792 diversos

130 1817 260 1857 judices
271 1816 439 1847 hincinde
452 1816 646 1855 impetratas
661 1826 679 1846 a
689 1816 798 1852 nobis,
811 1820 843 1846 et
853 1825 1028 1855 processus
1041 1815 1150 1846 varios

133 1870 266 1900 habitos
287 1879 346 1909 per
367 1869 518 1906 easdem,
537 1878 671 1900 causam
697 1869 804 1908 primo
830 1869 915 1900 bone
940 1869 1099 1899 memorie
1129 1892 1148 1898 ..

132 1923 346 1954 Atrebatensi
360 1923 528 1962 episcopo7
546 1922 774 1962 predecessori
789 1926 856 1958 tuo,
875 1931 911 1952 ac
927 1922 1060 1952 demum
1076 1921 1148 1958 tibi,

133 1985 172 2007 eo
192 1975 323 2006 sublato
345 1975 384 2006 de
406 1975 533 2011 medio,
552 1975 613 2006 sub
630 1979 720 2006 certa
735 1975 841 2005 forma
857 1975 1050 2005 duxerimus
1066 1984 1151 2005 com-

133 2028 348 2063 mittendam,
367 2033 398 2058 et
414 2028 503 2058 idem
518 2028 733 2067 predecessor
748 2032 826 2058 tuus
847 2032 878 2059 et
894 2032 948 2064 tu,
966 2028 1001 2058 in
1018 2028 1150 2067 negotio

132 2081 349 2121 procedentes
369 2081 499 2116 eodem,
518 2082 573 2117 H.‚
591 2081 698 2120 primo
721 2090 821 2112 causa
844 2081 892 2112 rei
915 2081 1094 2113 servande,
1113 2090 1149 2111 ae

132 2134 252 2165 deinde
265 2134 300 2164 in
315 2143 427 2164 veram
438 2134 546 2173 ipsius
559 2134 725 2173 prebende
740 2134 985 2173 possessionem
1002 2134 1148 2166 inducto.

132 2187 168 2217 in
185 2187 310 2218 dictum
326 2188 365 2218 G.
383 2191 413 2218 et
431 2187 614 2226 capitulum
629 2188 851 2226 Trajectense‚
869 2187 1034 2226 prefatum
1050 2188 1091 2217 H.
1110 2187 1151 2217 ad

134 2241 274 2271 eandem
289 2241 492 2280 prebendam
515 2241 689 2271 admittere
709 2245 905 2276 renuentes,
924 2241 1151 2271 excommuni-

134 2294 276 2325 cationis
291 2294 493 2324 sententiam
509 2294 671 2324 duxeritis
686 2293 972 2333 promulgandam.
990 2298 1084 2332 prout
1099 2293 1150 2323 lit-

135 2352 202 2378 tere
220 2352 274 2378 tue
296 2348 391 2378 nobis
413 2347 560 2378 exhibite
581 2347 816 2378 continebant..
835 2347 937 2377 iidem
954 2346 1148 2386 capitulum,

134 2400 274 2430 conficto
298 2401 386 2440 quod
410 2401 623 2439 predecessor
646 2405 722 2430 tuus
750 2410 808 2439 pro
830 2400 944 2430 eodem
970 2401 1024 2430 H..
1052 2409 1151 2438 super

134 2453 277 2493 quadam
292 2453 478 2492 prebenda.
495 2463 593 2493 quam
610 2453 644 2483 in
662 2462 776 2483 eorum
793 2453 933 2483 ecclesia
949 2462 984 2483 se
1000 2453 1150 2483 obtinere

133 2506 274 2538 dicebat.
287 2511 318 2537 et
334 2507 483 2546 ejusdem
496 2507 662 2545 prebende
674 2506 851 2540 fructibus,
864 2507 1016 2545 iniquam
1031 2505 1151 2536 tulerat

133 2559 345 2590 diffinitivam
362 2560 564 2590 sententiam
581 2564 694 2590 contra
716 2569 789 2593 eos,
811 2569 829 2589 a
845 2569 910 2599 qua
927 2564 1074 2589 nostram
1091 2568 1151 2589 au-

132 2613 294 2643 dientiam
310 2613 532 2652 appellarant,
551 2613 712 2652 quasdam
736 2623 754 2643 a
774 2613 870 2643 nobis
888 2613 928 2643 ad
946 2636 965 2642 ..
988 2613 1150 2643 decanum

134 2670 163 2696 et
187 2667 236 2700 P„
261 2666 459 2696 canonicum
481 2665 711 2701 Nivellenses‚
730 2675 830 2705 super
852 2665 1073 2705 appellatione
1091 2674 1151 2695 sua

132 2718 262 2748 litteras
278 2718 518 2757 impetrarunt;
537 2723 568 2750 et
585 2719 665 2758 quia
678 2718 869 2749 litterarum
889 2719 1084 2749 auctoritate
1100 2718 1151 2757 ip-

133 2780 247 2801 sarum
274 2771 423 2801 relaxare
450 2771 552 2801 latam
574 2780 593 2801 a
617 2775 648 2802 te
671 2776 702 2802 et
728 2771 815 2802 dicto
837 2771 1069 2810 predecessore
1096 2775 1152 2801 tuo

133 2824 330 2854 auctoritate
342 2828 455 2854 nostra
471 2824 506 2853 in
523 2824 634 2862 ipsum
646 2823 829 2862 capitulum
841 2823 1152 2854 excommunicatio-

136 2877 189 2907 nis
205 2877 408 2908 sententiam
423 2876 603 2907 noluerunt
615 2877 637 2912 ¹,
653 2881 802 2907 nostram
817 2876 1023 2907 audientiam
1040 2875 1153 2915 appel-

171 2995 191 3021 ί.
209 2995 367 3020 Noluerunt
388 3003 403 3020 a
423 3003 494 3027 pom·
509 2997 581 3027 suiet
597 2998 724 3020 decanus
738 2999 763 3020 et
779 2998 818 3024 Ρ..
835 2996 993 3020 canonicus
1009 2996 1152 3019 Nivetten-

1008 313 1189 351 stmeE
1211 312 1372 352 ΑΝΝΕΕ.

2188 327 2244 356 542

1231 386 1349 422 lantes,
1366 392 1396 417 et
1410 388 1618 419 occasionem
1634 388 1791 428 peccandi
1806 389 2038 427 pretendentes
2053 399 2090 419 ex
2105 400 2142 421 eo
2158 392 2246 430 quod

1231 440 1386 471 mandato
1406 441 1498 479 regio
1520 450 1581 471 nec
1601 441 1715 471 volunt
1731 450 1791 471 nec
1812 446 1950 479 possunt
1967 443 2192 474 contradicere
2209 444 2244 474 in

1231 492 1293 523 hac
1315 497 1424 531 parte,
1447 502 1512 523 non
1534 493 1641 523 solum
1665 494 1776 532 ipsum
1799 494 1972 524 admittere
1995 496 2242 533 contradicunt,

1231 554 1345 575 verum
1362 546 1476 581 etiam,
1496 546 1716 576 absolutionis
1732 546 1894 577 beneficio
1910 556 1975 577 non
1992 548 2140 585 obtento,
2158 550 2245 581 cele-

1231 597 1326 628 brare
1343 598 1468 634 divina,
1486 599 1588 629 immo
1603 599 1811 638 prophanare
1828 600 1950 630 verius.
1967 606 2127 639 quamam
2144 602 2179 632 in
2196 603 2244 633 eis

1231 655 1297 686 est,
1316 660 1400 681 ausu
1423 651 1627 690 dampnabili
1649 660 1714 681 non
1738 652 1934 682 formidant.
1954 653 1987 682 in
2005 662 2139 683 suarum
2155 655 2245 693 peri-

1231 703 1343 733 culum
1359 703 1559 740 animarum,
1577 704 1766 743 Apostolice
1783 704 1878 734 Sedis
1895 709 2129 744 contemptum.
2146 716 2244 745 grave

1231 756 1425 786 scandalum
1441 756 1600 793 aliorum,
1619 761 1650 787 et
1667 766 1732 787 non
1755 757 1921 787 modicum
1937 759 2156 797 prejudicium
2178 760 2245 790 cle-

1230 809 1291 839 rici
1307 810 1492 845 memorati,
1511 809 1568 849 qui
1581 810 1650 849 jam
1665 810 1767 840 octies
1780 818 1838 848 pro
1852 810 2018 848 prebenda
2035 811 2105 849 ipsa
2123 812 2245 841 dicitur

1231 862 1271 891 ad
1294 862 1412 892 Sedem
1428 862 1653 901 Apostolicam
1673 862 1854 893 laborasse.
1879 863 1958 902 Ejus
1979 863 2090 902 itaque
2114 873 2246 903 compa-

1232 914 1352 944 tientes
1372 914 1543 945 laboribus
1560 920 1591 945 et
1609 915 1779 954 expensis.
1799 924 1835 945 ac
1853 916 2003 945 nolentes
2024 920 2149 946 tantam
2165 917 2245 947 dicti

1231 968 1367 1007 capituli
1391 968 1569 1006 superbam
1591 968 1754 998 malitiam
1778 973 1807 998 et
1831 968 2032 998 malitiosam
2055 970 2245 1007 superbiam

1232 1021 1421 1061 relinquere
1438 1021 1649 1060 impunitam,
1665 1030 1717 1058 ne,
1736 1021 1763 1051 si
1779 1031 1930 1060 repressa
1947 1031 2011 1051 non
2029 1023 2141 1057 suerit,
2159 1027 2247 1053 tran-

1232 1079 1299 1105 seat
1318 1074 1394 1105 aliis
1410 1075 1445 1104 in
1462 1074 1615 1111 abusum,
1633 1079 1665 1105 et
1681 1075 1859 1105 stultitiam
1875 1084 1980 1106 suam.
1999 1075 2027 1105 si
2044 1075 2092 1105 eis
2109 1085 2246 1115 respon-

1232 1136 1304 1157 sum
1317 1136 1382 1158 non
1395 1128 1495 1158 fuerit
1505 1128 1599 1167 juxta
1610 1127 1714 1164 illam,
1728 1128 1927 1166 sapientiam
1937 1127 2065 1158 valeant
2079 1133 2245 1167 reputare,

1233 1181 1433 1210 fraternitati
1451 1185 1504 1211 tue
1520 1190 1579 1219 per
1595 1180 1773 1220 apostolica
1790 1181 1911 1219 scripta
1928 1181 2140 1219 precipiendo
2155 1190 2246 1211 man-

1232 1233 1349 1263 damus
1365 1238 1548 1272 quatenus.
1567 1234 1595 1263 si
1612 1242 1665 1264 res
1680 1234 1724 1263 ita
1743 1243 1777 1264 se
1793 1233 1903 1263 habet.
1923 1234 2049 1263 faciens
2064 1234 2189 1264 dictum
2201 1235 2243 1265 H.

1233 1286 1369 1324 pacifica
1385 1286 1534 1325 ejusdem
1547 1286 1713 1325 prebende
1724 1287 1935 1325 possessione
1952 1287 2107 1325 gaudere,
2125 1296 2246 1318 memo-

1232 1343 1340 1368 ratum
1362 1339 1545 1378 capitulum
1566 1339 1606 1369 ad
1629 1339 1903 1370 satisfaciendum
1927 1340 1958 1370 ei
1980 1340 2018 1370 de
2039 1340 2192 1379 dampnis
2215 1344 2245 1370 ct

1232 1392 1404 1430 expensis.
1423 1400 1486 1431 que
1506 1392 1679 1423 occasione
1696 1392 1890 1422 rebellionis
1908 1402 2021 1423 eorum
2037 1393 2196 1429 incurrit,
2215 1398 2247 1424 et

1232 1445 1271 1475 de
1291 1444 1456 1475 fructibus
1479 1454 1518 1475 ex
1539 1445 1653 1475 eadem
1670 1445 1836 1484 prebenda
1860 1446 2039 1484 perceptis,
2062 1456 2079 1476 a
2100 1450 2246 1485 tempore

1231 1507 1296 1537 quo
1312 1498 1407 1537 culpa
1429 1498 1577 1536 ipsorum
1600 1507 1638 1528 ea
1653 1498 1762 1528 extitit
1782 1498 1960 1536 spoliatus,
1979 1503 2009 1529 et
2029 1503 2065 1529 ut
2080 1499 2119 1529 de
2135 1504 2245 1529 cetero

1232 1550 1272 1581 ab
1289 1551 1360 1590 ejus
1383 1559 1482 1589 super
1497 1550 1559 1581 hoc
1575 1551 1805 1581 molestatione
1821 1551 1968 1581 indebita
1987 1552 2242 1591 conquiescant,

1231 1616 1289 1645 per
1305 1606 1566 1636 subtractionem
1580 1610 1801 1644 proventuum
1817 1607 1975 1644 ipsorum.
1994 1607 2124 1637 sublato
2137 1608 2245 1647 cujus-

1231 1659 1311 1689 libet
1325 1659 1558 1698 appellationis
1572 1659 1820 1698 impedimento,
1834 1659 2022 1697 compellas.
2037 1664 2149 1689 contra
2163 1669 2246 1689 eun-

1232 1713 1307 1743 dem
1321 1713 1359 1743 G.
1379 1721 1478 1751 super
1493 1712 1560 1742 hiis
1578 1720 1641 1751 que
1658 1711 1696 1741 de
1713 1711 1881 1750 prebenda
1896 1712 2041 1751 percepit
2058 1712 2190 1743 eadem.
2209 1721 2246 1743 ac

1233 1765 1385 1804 dampnis
1401 1770 1431 1795 et
1448 1765 1601 1804 expensis
1618 1774 1682 1804 que
1695 1765 1784 1795 idem
1800 1765 1854 1800 H„
1872 1765 2044 1795 occasione
2061 1765 2246 1796 vexationis

1233 1820 1315 1859 ejus,
1326 1818 1479 1850 incurrit,
1492 1819 1722 1858 proutjustum
1730 1818 1843 1849 suerit.
1856 1828 2083 1857 processurus.
2094 1819 2247 1849 invocato

1233 1872 1274 1903 ad
1288 1872 1368 1908 hoe,
1384 1872 1412 1902 si
1429 1881 1511 1911 opus
1527 1871 1645 1907 fuerit,
1664 1871 1789 1902 auxilio
1804 1871 1932 1901 brachii
1950 1872 2122 1902 secularis.
2141 1872 2247 1911 Super

1233 1935 1270 1956 eo
1286 1934 1364 1956 vero
1380 1925 1468 1964 quod
1483 1924 1759 1955 excommunicati
1773 1924 1982 1955 celebravere
1999 1925 2128 1955 divina.
2147 1934 2246 1955 cano-

1233 1979 1343 2009 nicam
1368 1978 1416 2008 eis
1438 1986 1559 2016 penam
1580 1977 1725 2015 infligas.
1749 1977 2017 2008 Contradictores
2039 1982 2113 2013 etc.,
2140 1987 2246 2017 usque

1233 2031 1482 2070 compescendo.
1506 2031 1701 2069 Preceptum
1725 2034 1875 2060 nostrum
1898 2030 2009 2060 taliter
2030 2030 2244 2069 impleturus,

1190 2120 1191 2123 Ἰ
1233 2084 1321 2123 quod
1335 2093 1394 2123 pro
1412 2083 1543 2114 defectu
1566 2087 1622 2113 tuo
1637 2082 1785 2121 prefatus
1803 2082 1944 2112 clericus
1963 2083 2112 2113 laborare
2129 2083 2169 2113 ad
2186 2092 2245 2114 nos

1233 2137 1374 2167 ulterius
1399 2145 1465 2166 non
1491 2140 1638 2174 cogatur.
1664 2136 1776 2166 Nullis
1799 2136 1922 2165 litteris
1947 2136 2157 2166 obstantibus
2182 2141 2244 2166 etc.

1233 2192 1307 2221 Dat.
1324 2190 1488 2228 Anagnie,
1505 2189 1602 2219 nonis
1618 2189 1773 2224 octobris,
1791 2198 1878 2219 anno
1894 2194 1996 2219 sexto.
2017 2202 2029 2215 ))

1304 2375 1394 2404 894

1270 2437 1362 2464 Priori
1378 2441 1406 2463 et
1416 2436 1620 2463 archidiacono
1633 2435 1845 2462 Bellicensibus
1857 2436 1972 2462 mandat
1983 2441 2126 2470 quatenus
2138 2437 2246 2463 archie-

1234 2487 1386 2522 piscopum
1405 2485 1602 2512 Viennensem
1626 2490 1654 2512 et.
1676 2486 1741 2520 ejus
1761 2486 1959 2519 suffraganeos
1981 2490 2115 2511 moneant
2137 2490 2180 2515 ut.
2198 2493 2248 2511 se-

1234 2536 1360 2563 cundum
1379 2535 1545 2561 mandatum
1561 2534 1655 2569 ipsius
1671 2542 1771 2570 papae,
1789 2534 1929 2560 ecclesiae
1944 2533 2123 2566 Valentinae,
2142 2534 2247 2561 debitis

1233 2588 1384 2620 gravatae,
1400 2583 1623 2616 subvenientes,
1641 2584 1668 2610 in
1692 2583 1832 2609 decimam
1856 2591 1976 2609 suorum
1995 2587 2186 2617 proventuum
2204 2583 2247 2609 vel

1818 2374 1945 2407 Anagni,
1965 2374 1997 2400 30
2013 2375 2081 2400 aout
2098 2373 2174 2402 1232.

1233 2633 1356 2668 aliquam
1373 2632 1547 2659 taxationem
1564 2632 1792 2666 aequivalentem
1811 2631 1948 2661 decimae,
1967 2640 2016 2665 pro
2033 2631 2176 2657 solutione
2189 2631 2247 2658 itto-

1233 2690 1296 2709 rum
1315 2681 1477 2707 debitorum
1501 2680 1647 2707 annuatim
1671 2688 1762 2714 usque
1784 2680 1817 2705 ad
1835 2680 2062 2714 quinquennium
2084 2679 2247 2706 subsidium

1233 2730 1419 2765 impendant;
1438 2738 1473 2756 ne
1489 2737 1557 2756 vero
1573 2738 1588 2755 a
1608 2737 1755 2756 consensu
1772 2736 1857 2763 quem
1876 2736 1964 2763 super
1981 2728 2149 2761 praemissis
2166 2736 2248 2762 prae-

1234 2778 1350 2805 buerint
1364 2778 1431 2805 dicti
1448 2779 1688 2812 archiepiscopus
1702 2781 1731 2804 et
1744 2776 1916 2811 suffraganei
1927 2798 1933 2807 ,
1955 2785 1988 2802 ac
2004 2784 2104 2802 eon-um
2121 2777 2245 2809 subditi,

1235 2827 1368 2854 videlicet
1390 2827 1623 2854 conventualium
1650 2826 1838 2852 ecclesiarum
1860 2825 1992 2859 praelati,
2014 2824 2103 2850 valeat
2127 2825 2246 2858 resilii-i,

1235 2955 1288 2979 ses,
1313 2947 1406 2972 tandis
1431 2954 1499 2978 que,
1525 2947 1627 2971 devant
1651 2948 1841 2976 appellantes.
1865 2947 2077 2975 pretendentes,
2101 2947 2248 2970 contradi-

1235 2995 1314 3021 cunt,
1331 2995 1394 3022 etc.‚
1412 2992 1429 3015 il
1445 2992 1505 3015 saut
1519 2990 1738 3015 sous-entendre
1754 2990 1911 3019 capitutum
1931 2990 2114 3018 TraJ'ectense.
