2498 3242
195 303 248 333 561

193 368 347 406 deyalensi
364 367 530 405 provincia
545 366 726 395 constitutis.
752 365 827 395 Non
850 364 978 395 debetis
1001 363 1142 401 gratiam
1156 378 1206 390 -.

191 421 268 452 Dat.
285 418 449 457 Anagnia,
463 418 495 448 X
510 417 670 448 kalendas
688 417 888 448 novembris.
908 416 1120 455 pontificatus
1136 423 1208 445 nos-

194 473 239 502 tri
256 480 343 502 anno
359 474 462 502 sexto.
482 482 494 497 »

267 656 356 684 942

233 717 378 753 Episcopo
401 717 592 752 Lincopensi,
609 717 695 750 cujus
715 716 852 748 ecclesia,
870 724 886 742 a
902 720 1030 750 tempore
1049 716 1135 749 cujus
1155 723 1211 741 non

198 766 330 794 exstabat
347 765 493 796 memoria,
513 765 607 791 nullos
623 765 762 791 habuerat
777 765 943 794 canonicos,
960 763 1076 790 creandi
1093 763 1213 790 canoni-

199 823 250 842 cos
270 819 299 842 et
318 815 404 841 etiam
424 815 494 841 alias
515 814 686 848 dignitates.
705 822 770 840 cum
788 813 822 839 ad
844 813 898 839 hoc
918 812 1093 840 sufficientes
1113 811 1212 838 eadem

199 864 323 892 ecclesia
347 864 447 890 habeat
470 863 639 897 facultates,
662 863 806 889 licentiam
829 862 972 888 concedit.
997 875 1033 881 —
1059 861 1140 894 (Rno.
1172 861 1212 895 16,

198 913 218 939 f.
236 912 270 939 49
285 917 330 945 v⁰;
348 920 415 938 aun.
434 910 486 943 VI,
503 919 529 938 c.
548 910 612 944 15›3;
634 926 667 931 —
685 910 832 937 Porrmsr
847 910 939 944 9034.)

711 654 838 689 Anagni,
856 654 871 680 2
889 653 1043 680 novembre
1059 654 1138 680 ¹232.

241 1040 254 1054 «
275 1050 295 1056 ..
313 1028 448 1066 episcopo
462 1027 653 1064 Lineopensi.
671 1025 766 1060 Cum,
784 1025 870 1056 sicut
884 1024 1057 1063 petitionis
1072 1042 1121 1053 —.
1139 1025 1213 1054 Dat.

199 1080 364 1118 Anagnie,
384 1080 452 1110 IIII
469 1088 574 1109 nonas
590 1077 792 1113 novembris,
811 1086 897 1108 anno
914 1082 1016 1107 sexto.
1034 1090 1046 1103 >a

273 1259 362 1288 943

237 1321 468 1355 Archiepiscopo
490 1319 659 1354 Maguntiuo
679 1317 868 1352 compellendi
887 1317 1106 1344 archidiaconos
1122 1318 1218 1344 eccle-

202 1370 263 1397 siae
279 1368 466 1403 maguntinae
480 1368 515 1394 ad
530 1367 656 1394 debitam
672 1368 700 1393 in
717 1367 817 1393 eadem
833 1367 956 1393 ecclesia
973 1365 1157 1392 residentiam
1175 1367 1217 1393 sa-

202 1418 351 1449 ciendam,
369 1420 398 1444 et
413 1416 582 1451 assignandi
598 1416 641 1443 eis
657 1416 739 1442 stalla
757 1417 783 1442 in
801 1416 889 1442 choro
908 1419 936 1442 et
956 1415 1020 1441 loca
1035 1416 1062 1442 in
1080 1415 1216 1450 capitulo,

201 1474 257 1494 uec
276 1473 332 1492 non
352 1469 380 1492 et
396 1464 575 1500 exstirpandi
592 1472 695 1500 pravas
710 1464 939 1491 consuetudines
954 1464 989 1490 ab
1006 1463 1104 1490 eadem
1123 1465 1218 1491 eccle-

202 1515 256 1549 sia,
279 1517 308 1541 et
333 1513 503 1541 instituendi
525 1514 664 1540 honestas
688 1513 716 1540 in
739 1513 813 1548 ipsa,
835 1512 968 1540 concedit
988 1512 1164 1540 facultatem.
1185 1528 1218 1533 —

201 1563 286 1598 (Rae.
305 1563 347 1594 16,
364 1563 384 1590 f.
400 1562 434 1590 49
449 1568 495 1594 νος
511 1571 578 1589 ann.
597 1561 649 1596 VI,
666 1570 691 1589 c.
711 1562 776 1595 154;
793 1577 827 1582 —
841 1561 989 1589 Porrursw
1005 1561 1091 1595 9032;
1107 1575 1144 1583 —·
1159 1561 1220 1589 Ro-

201 1620 327 1640 nssasnna
343 1612 416 1644 491.)

735 1256 860 1290 Anagni,
878 1255 911 1282 30
928 1256 1045 1283 octobre
1065 1256 1143 1283 1232.

243 1740 257 1754 «
277 1750 296 1756 ..
314 1728 540 1766 archiepiscopo
555 1728 748 1765 Mayuntino.
766 1726 846 1757 Tuis
862 1726 990 1756 devotis
1000 1726 1156 1764 precibus
1168 1744 1217 1756 —.

200 1780 276 1811 Dat.
293 1780 458 1818 Anagnie,
476 1781 528 1810 III
539 1779 700 1810 kalendas
717 1779 919 1815 novembris,
938 1788 1025 1810 anno
1041 1783 1144 1810 sexto.
1164 1792 1177 1806 n

274 1966 364 1995 944

238 2028 357 2056 Decano
373 2032 401 2055 et
415 2028 582 2064 praeposito
596 2027 845 2062 Heracliensibus,
858 2032 886 2055 et
897 2028 985 2063 priori
997 2028 1095 2055 Sancti
1107 2028 1219 2056 Nicolai

202 2077 238 2105 de
253 2077 376 2105 Embulo
394 2077 570 2104 Venetorum
589 2076 912 2112 Constantinopolitano
929 2078 1045 2104 mandat
1062 2083 1216 2113 quatenus,

203 2126 328 2162 capitulo
348 2125 667 2161 Constantinopolitano
682 2126 848 2153 mandatum
863 2127 1069 2161 apostolicum,
1088 2141 1121 2147 —
1138 2128 1218 2154 vide-

203 2175 271 2202 licet
294 2178 341 2208 ut,
363 2174 454 2201 donec
476 2182 564 2201 causa
585 2174 774 2209 quorumdam
796 2176 1000 2202 canonicorum
1022 2180 1121 2203 contra
1143 2175 1219 2203 Con-

203 2224 493 2259 stantinopolitanum
523 2224 715 2259 patriarcham
745 2223 873 2251 debitum
904 2225 1041 2252 sortiatur
1068 2226 1218 2260 effectum,

203 2272 314 2300 eisdem
337 2273 486 2300 canonicis
513 2272 548 2298 de
574 2272 704 2308 ipsorum
730 2272 879 2300 beneficiis
901 2277 929 2300 et
951 2277 1063 2309 septem
1088 2275 1221 2309 personis

202 2322 232 2349 in
255 2321 394 2357 expensis
415 2320 602 2356 provideant.
629 2324 659 2347 et
678 2320 804 2356 singulis
825 2322 991 2350 eorumdem
1013 2324 1220 2351 canonicorum

202 2373 328 2406 quatuor
346 2377 487 2405 yper-pera
510 2369 638 2404 singulis
663 2370 815 2397 mensibus
837 2371 979 2403 tribuant,
1006 2387 1038 2392 —
1063 2372 1221 2408 adimplere

202 2418 429 2454 negligentibus,
441 2417 517 2444 idem
535 2418 703 2445 mandatum
715 2419 837 2454 exsequi
853 2424 1020 2455 procurent.
1033 2436 1065 2440 —
1077 2421 1161 2455 (Ren-
1176 2421 1219 2457 16,

202 2468 222 2495 f.
241 2468 274 2496 49
290 2473 334 2501 νος
349 2474 415 2494 ann.
436 2465 484 2498 vl,
503 2474 528 2494 c.
548 2467 620 2501 155.)

736 1966 864 2000 Anagni,
882 1966 914 1993 13
931 1966 1049 1993 octobre
1067 1966 1146 1994 1232.

247 2594 261 2609 u
282 2604 301 2610 ..
319 2582 431 2611 decano
441 2586 467 2610 et
478 2603 497 2609 ..
508 2583 660 2620 preposito
673 2583 910 2620 Eracliensibus‚
925 2589 951 2614 et
963 2607 982 2613 ..
997 2586 1100 2623 priori
1113 2585 1221 2615 Sancti

204 2636 325 2666 Nicolai
339 2635 373 2664 de
387 2635 514 2664 Embulo
533 2635 711 2664 Venetorum
733 2637 1108 2676 Constanti¹nopol[itano].
1135 2639 1222 2676 Quia

204 2687 299 2718 illius
323 2687 433 2717 locum
454 2704 502 2715 —.
530 2687 616 2718 Sane
638 2689 823 2719 venerabili
848 2690 951 2721 fratre
976 2695 1089 2722 nostro
1117 2715 1136 2721 ..
1162 2701 1222 2731 pa-

204 2739 352 2771 triarcha
367 2739 753 2778 Constantinopolitano,
778 2743 967 2781 Apostolice
988 2744 1084 2775 Sedis
1100 2745 1219 2783 legato⁷

205 2797 376 2825 asserente
400 2792 470 2832 jam
499 2792 623 2822 dudum
650 2794 738 2833 quod
764 2795 856 2832 Otto,
887 2797 1059 2828 Johannes
1085 2798 1220 2834 Bellon,

203 2846 377 2879 ,Iohannes
391 2845 507 2881 Teudi‚
526 2846 645 2876 Petrus
662 2847 811 2879 Banzull.
830 2854 861 2880 et
878 2851 1010 2882 Marcus
1025 2852 1219 2890 presbiteri,

204 2900 338 2930 Marcus
360 2898 530 2933 diaconus⁷
556 2902 587 2929 et
604 2899 793 2939 Stephanus
816 2903 1040 2935 subdiaconus
1061 2905 1222 2936 Constan-

206 2951 436 2990 tinopolitani,
463 2951 615 2981 canonici
641 2952 1065 2996 irregularesexisterent,
1097 2968 1155 2998 pro
1184 2968 1222 2991 eo

330 3009 518 3042 GRE'GomE
536 3017 588 3048 1x‚
607 3020 624 3042 t.
644 3018 665 3043 1.

1068 288 1250 327 slxOEME
1271 287 1431 324 ANNEE.

1246 369 1251 455 l

2249 296 2303 322 3⁹3⁴]

1292 360 1377 398 quod
1393 359 1744 389 excommunicationis
1757 368 1815 387 suc·
1828 359 2027 388 senitentiam
2045 368 2106 387 non
2121 365 2303 388 servarant.

1292 413 1405 442 iidem.
1431 413 1492 442 etsi
1517 412 1721 442 asseruerint
1748 412 1885 441 eandem
1912 413 2112 441 sententiam
2135 422 2206 441 essa·
2232 413 2305 441 11111-

1293 465 1370 496 lam.
1388 474 1446 503 pro
1466 474 1503 495 eo
1520 465 1606 503 quod
1623 466 1730 494 fuerat
1747 464 1787 493 al·
1804 464 2023 502 appellatione
2040 470 2214 503 preventa.
2234 470 2306 494 tau-

1293 518 1367 548 dem
1385 518 1616 547 renuntiarunt
1643 517 1763 547 litteris
1787 527 1885 555 sup-*r
1909 517 1967 546 lior
1985 528 2001 546 a
2019 518 2101 547 Sede
2119 518 2304 555 Apostolira

1294 571 1479 608 impetratis
1503 575 1530 599 et
1557 570 1656 599 etiam
1678 570 1912 608 impetrandis.
1939 570 2075 608 prestito
2098 571 2135 599 tle
2163 571 2306 608 parendo

1295 623 1461 652 mandatis
1484 623 1589 661 ipsius
1613 622 1827 660 corporaliter
1846 623 2052 660 jura1uentr13
2075 633 2156 661 quos
2181 623 2220 651 al·
2245 623 2305 651 1111-

1291 676 1437 715 jusmodi
1455 675 1807 705 exemnmunirationis
1825 676 1956 705 vinculo
1974 675 2097 704 abs-»lvi
2118 676 2253 704 tlte-iens.
2269 676 2307 704 ad

1295 729 1447 759 osculum
1469 729 1559 767 paris
1583 729 1723 766 recepit:
1749 729 1822 758 sed,
1848 738 1921 757 eum
1944 738 2008 757 non
2033 730 2231 767 permitteret
2253 738 2306 758 vos

1297 791 1355 812 sua
1369 781 1528 811 lwnet‘icia
1542 782 1722 819 possidere.
1737 782 1777 810 ad
1788 781 1905 809 iso-«lem
1919 781 2138 819 Apostoliram
2153 781 2307 809 ars-velere

1297 840 1371 865 sunt
1391 835 1563 873 rompulsi.
1582 836 1722 869 Verum,
1742 844 1814 864 eum
1841 835 1873 863 1³.
1892 838 1921 863 et
1945 835 1988 863 J..
2008 840 2235 872 pl·t›‹·tll';1l=·l···>
2255 844 2310 871 pa-

1297 888 1440 918 triarche
1464 888 1586 926 ipsius.
1612 888 1736 917 eisdmn
1760 887 1929 916 canonicis
1953 896 1986 916 se
2009 891 2226 925 opponerent.
2254 896 2309 914 nos

1297 941 1454 971 dilectum
1475 941 1580 970 tilium
1602 945 1750 970 nostrum
1768 941 1817 975 E„
1842 940 2037 969 Sanctorum
2061 940 2178 969 Cosnw
2196 944 2222 967 vt
2248 940 2311 968 Da-

1296 995 1399 1024 miani
1422 994 1598 1024 diaconum
1620 993 1840 1027 cardinalem,
1864 993 1945 1031 ipsis
1969 992 2138 1022 canonicis
2159 992 2310 1021 dedimus

1298 1048 1494 1078 auditorem.
1512 1048 1630 1078 Coram
1652 1057 1716 1086 quo
1732 1046 1889 1085 predictis
1911 1046 2180 1084 procuratoribus
2197 1045 2310 1074 ‹liv-*n-

1299 1101 1387 1131 tibus
1404 1111 1438 1131 se
1455 1104 1567 1130 contra
1582 1110 1637 1130 eos
1654 1100 1693 1129 atl
1707 1100 1872 1137 agendum
1889 1108 1954 1129 nou
1966 1099 2088 1129 habere
2105 1098 2309 1127 mandatum.

1298 1153 1459 1184 remansit
1479 1162 1579 1183 eausa
1602 1153 1716 1183 eadem
1733 1153 1767 1182 in
1790 1161 1962 1190 suspenso.
1985 1152 2069 1182 Cum
2085 1151 2188 1189 igitur
2203 1151 2310 1180 ‹ln-tus

1299 1207 1479 1237 cardinalis
1495 1207 1554 1237 hee
1572 1211 1601 1236 et
1619 1206 1685 1236 alia
1701 1216 1764 1245 que
1780 1207 1916 1236 suerunt
1939 1205 2104 1244 proposita
2128 1215 2235 1234 coram
2255 1214 2309 1234 eo.

1300 1260 1395 1290 nobis
1419 1260 1560 1290 tideliter
1584 1260 1771 1290 retulisset.
1800 1268 1876 1293 nos,
1903 1258 2138 1288 carmuicormu
2164 1258 2309 1295 ipsorum

1300 1313 1538 1351 compatientes
1560 1312 1730 1342 laboribus
1753 1316 1783 1341 et
1805 1311 1958 1349 expensis
1979 1320 2042 1349 que
2066 1310 2310 1339 sustinuerunt.

1300 1375 1435 1395 causam
1448 1365 1555 1403 ipsam
1572 1364 1790 1403 personaliter
1803 1363 2043 1402 prosequendo.
2057 1372 2092 1392 ae
2106 1362 2252 1391 volent-*s
2265 1362 2311 1390 sir

1300 1418 1365 1457 ipsi
1381 1418 1568 1456 patriarche
1585 1418 1725 1447 deterre.
1744 1422 1777 1446 ut
1792 1417 1938 1455 ipsorum
1950 1416 2080 1455 justitia
2094 1425 2157 1444 nou
2173 1415 2311 1443 ludatur.

1301 1474 1410 1505 eidem
1426 1473 1549 1503 nostris
1572 1473 1688 1502 damus
1710 1472 1830 1501 litteris
1853 1472 1887 1500 in
1911 1471 2093 1505 mandatis,
2116 1475 2148 1499 ut
2169 1470 2255 1508 ipsos
2273 1470 2313 1498 ad

1301 1527 1464 1558 beneficia
1489 1536 1549 1556 sua
1573 1526 1750 1555 restituere
1776 1534 1841 1554 non
1865 1524 2006 1558 omittat,
2033 1522 2095 1558 vel,
2123 1523 2151 1552 si
2179 1523 2217 1551 «te
2240 1523 2314 1560 jure

1302 1581 1449 1616 confidit,
1467 1580 1555 1610 infra
1571 1583 1713 1618 quatuor
1728 1577 1896 1608 mensium
1912 1577 2057 1616 spatium
2073 1580 2143 1614 post
2158 1576 2314 1613 receptio-

1302 1643 1379 1665 nem
1401 1642 1531 1665 earum,
1554 1633 1641 1672 quod
1657 1631 1722 1661 sibi
1742 1631 1923 1661 terminum
1944 1629 2203 1668 peremptorium
2231 1628 2315 1657 assi-

1303 1696 1455 1726 gnamus,
1465 1696 1523 1726 per
1532 1696 1567 1717 se
1576 1685 1694 1724 velper
1704 1688 1951 1723 procuratorem
1963 1682 2166 1712 sufficienter
2177 1682 2239 1710 inst
2247 1690 2316 1711 rue-

1302 1745 1373 1772 tum
1396 1745 1508 1771 nostro
1529 1749 1564 1770 se
1586 1738 1778 1777 conspectui
1800 1740 2022 1776 representet.
2047 1736 2195 1765 facturus
2218 1734 2315 1763 (lictis

1303 1794 1473 1826 canonicis
1499 1797 1530 1823 et
1553 1797 1748 1831 recepturus
1773 1791 1814 1821 ab
1844 1790 1892 1820 eis
1922 1789 2009 1828 quod
2038 1787 2209 1818 dictaverit
2238 1786 2316 1816 ordo

1298 1848 1397 1888 juris.
1415 1847 1512 1879 Unde
1529 1856 1588 1877 nos
1605 1845 1736 1876 dilectis
1752 1844 1831 1874 filiis
1848 1842 1992 1882 capitulo
2009 1840 2315 1879 Constantinopoli-

1303 1906 1380 1932 tano
1393 1910 1451 1939 per
1466 1900 1595 1930 litteras
1612 1903 1742 1929 nostras
1766 1897 1974 1936 injungimus
1996 1899 2032 1925 ut
2055 1894 2224 1924 canonic-is
2247 1902 2316 1922 me-

1302 1954 1439 1984 moratis
1456 1962 1494 1984 ex
1510 1961 1610 1987 nunc,
1632 1952 1735 1981 donec
1751 1958 1851 1980 causa
1870 1949 2017 1987 ipsorum
2034 1947 2181 1977 debitum
2199 1946 2318 1975 sortia-

1301 2012 1355 2038 tur
1372 2008 1542 2041 effectum,
1561 2006 1600 2035 de
1616 2005 1763 2043 ipsorum
1784 2001 1957 2033 beneficiis
1974 2005 2004 2031 et
2025 2004 2151 2038 septem
2165 1998 2316 2037 personis

1301 2061 1336 2090 in
1353 2059 1507 2098 expensis
1526 2057 1700 2097 providere
1724 2058 1916 2095 procurent,
1935 2052 2078 2091 singulis
2095 2060 2208 2082 eorum
2225 2051 2317 2079 vinte-

1300 2113 1377 2144 licet
1394 2116 1536 2152 quatuor
1552 2118 1713 2150 yperpera
1727 2109 1810 2148 justi
1821 2106 1977 2146 ponderis
1989 2104 2131 2143 singulis
2144 2104 2316 2133 mensibus

1302 2166 1489 2201 tribuendo,
1511 2174 1577 2195 non
1593 2164 1744 2194 obstante
1765 2161 1851 2201 quod
1874 2161 2021 2199 ipsorum
2043 2158 2208 2197 prebende
2226 2157 2315 2186 aliis.

1301 2225 1337 2252 ut
1353 2220 1486 2255 dicitur7
1505 2223 1583 2249 sunt
1598 2217 1726 2248 collate.
1745 2215 1905 2253 Quocirca
1922 2212 2117 2243 discretioni
2132 2215 2240 2241 vestre
2258 2220 2314 2248 per

1302 2273 1483 2313 apostolica
1499 2271 1623 2310 scripta
1636 2270 1833 2300 mandamus
1849 2271 2026 2307 quatenus,
2045 2265 2073 2295 si
2089 2265 2214 2295 dietum
2231 2264 2318 2301 capi-

1301 2327 1409 2358 tulum
1428 2325 1621 2355 mandatum
1640 2327 1790 2353 nostrum
1811 2319 2017 2359 neglexerint
2040 2317 2236 2355 adimplere.
2260 2326 2315 2344 vos

1301 2380 1346 2416 id,
1365 2380 1517 2410 submoto
1533 2375 1766 2416 appellationis
1783 2372 1964 2404 obstaculo,
1984 2370 2102 2410 exequi
2118 2369 2315 2408 prorui-vtis.

1302 2432 1571 2465 contradictores
1587 2434 1648 2460 etc.
1666 2428 1759 2466 Quod
1776 2427 1803 2458 si
1821 2436 1885 2457 non
1902 2434 2016 2456 omnes
2033 2428 2094 2455 etc.
2112 2424 2186 2453 Dat.
2205 2424 2317 2457 Anae-

1303 2486 1370 2522 nie,
1388 2486 1438 2516 III
1455 2485 1530 2514 idus
1544 2482 1699 2517 octobris,
1717 2489 1804 2511 anno
1821 2483 1923 2510 sexto.
1945 2491 1956 2504 ›1

1339 2609 1418 2633 945.
1436 2619 1469 2623 —
1489 2603 1522 2630 Iu
1541 2601 1664 2629 eundem
1687 2599 1803 2627 modum
1824 2599 1964 2632 scriptum
1986 2600 2030 2622 est
2049 2603 2138 2629 super
2159 2595 2212 2620 hoc
2231 2614 2248 2620 ..
2264 2601 2317 2625 pa-

1305 2654 1426 2681 triarche
1442 2656 1466 2680 et
1482 2652 1603 2685 capituto
1618 2647 1942 2680 Cotzstantenoputz·tanis.

1819 2841 1943 2875 Anagni,
1963 2840 1977 2865 5
1995 2837 2149 2864 novembre
2168 2835 2244 2861 1⁶23?

1375 2848 1464 2878 948

1341 2912 1448 2940 Abbati
1463 2911 1498 2938 dc
1514 2908 1660 2941 stanford,
1679 2907 1815 2941 magistro
1830 2904 1858 2931 J.
1876 2903 1911 2929 de
1929 2901 2071 2930 Cadomo,
2089 2899 2227 2926 canonico
2246 2897 2319 2923 Lon-

1305 2962 1454 2993 doniensi,
1472 2964 1501 2988 et
1518 2959 1550 2987 P.
1567 2956 1735 2987 Grimbaldi,
1752 2953 1856 2982 clerico
1873 2952 1949 2986 regis
1966 2949 2099 2985 Angliac,
2117 2947 2231 2974 mandat
2247 2954 2314 2980 qun-

2166 3009 2195 3031 30
