2498 3242
212 282 288 314 1237

209 349 382 376 lector-atum
405 348 558 376 Baciensis
579 350 740 385 ccclesiae,
757 359 813 378 non
830 350 986 377 habentem
1002 357 1099 376 curam
1115 349 1225 375 anima-

211 406 275 424 rum
291 406 445 430 annexam,
463 407 519 424 una
533 406 600 425 cum
617 399 902 434 archipresbyteratu
920 397 1115 425 Bononiensis
1131 397 1226 423 eccle-

211 445 274 472 siae
291 446 416 472 retinere
434 447 536 480 possit.
554 462 586 466 —
603 446 686 480 (Ino.
707 447 748 481 17,
766 447 784 474 f.
803 447 853 474 247
870 454 911 478 r⁰;
927 455 994 473 anu.
1012 445 1097 478 VIII,
1114 454 1139 472 c.
1156 444 1224 475 39&

211 508 246 513 —
259 492 406 520 Pom-misr
421 494 514 527 9817.)

255 607 267 621 α
286 595 430 632 Mayistro
446 596 578 633 Zoen[o].
600 596 854 633 archipresbitero
870 597 1063 625 Bononiensi.
1085 594 1227 625 Celestis

212 647 467 685 patrisfamilias
484 647 561 677 licet
576 665 625 676 -.
644 649 715 678 Dat.
736 648 878 683 Perusii,
897 649 929 678 II
949 657 1052 678 nonas
1066 647 1226 687 janua'rii,

212 708 300 729 anno
316 704 442 730 octavo.
462 713 475 726 n

285 896 403 924 234⁴

247 957 511 992 Archiepiscopum
535 958 803 993 ltotliomagensem
825 962 905 992 rogat
925 961 954 984 et
971 961 1067 983 monet
1082 961 1227 991 quatenus

718 895 858 929 peuense,
875 896 890 923 5
907 895 1058 922 decembre
1078 896 1154 923 1235.

210 1010 311 1032 contra
326 1006 448 1032 rebelles
467 1006 622 1038 Romanos,
636 1007 797 1032 libertatem
810 1005 1039 1032 ecclesiasticam
1056 1006 1226 1032 subvertere

211 1054 376 1086 molientes,
401 1063 564 1088 congruum
588 1055 758 1081 bellatorum
777 1063 829 1081 seu
851 1055 1103 1089 stipendiariorum
1127 1053 1226 1080 subsi-

209 1102 291 1129 dium
323 1101 392 1128 Sedi
425 1103 613 1137 Apostolicae
637 1103 795 1137 impendat.
819 1116 856 1122 —
878 1102 962 1135 (nuo.
990 1103 1030 1134 17,
1057 1103 1075 1128 s.
1101 1102 1151 1128 247
1180 1108 1224 1132 v⁰;

210 1159 278 1177 ann.
301 1149 380 1181 Vin,
399 1159 424 1177 c.
446 1150 513 1182 39!st
530 1165 566 1171 —
586 1150 706 1178 Monam
731 1151 812 1185 1189,
835 1151 854 1177 f.
875 1151 945 1184 2523
963 1151 1041 1181 ibid„
1064 1150 1082 1176 f.
1102 1150 1171 1181 (Εὖ-ἠ
1193 1165 1226 1169 -

211 1199 360 1227 PoTTnAsT
373 1200 438 1226 9791
454 1208 460 1230 3
480 1215 512 1219 —
531 1200 700 1226 nom-:mmm
717 1200 787 1231 61·st
808 1215 841 1219 —
862 1199 904 1226 Cf.
921 1199 948 1226 J.
967 1199 1140 1230 Benxoucm,
1161 1201 1227 1225 Acta

212 1248 374 1280 Pontificum
393 1248 539 1281 Ilclretica,
557 1252 577 1274 t.
597 1247 618 1275 I.
637 1256 664 1282 p.
686 1248 742 1279 120,
761 1255 790 1273 110
810 1248 880 1280 178.)

254 1361 266 1375 «
288 1372 307 1377 ..
325 1349 552 1386 archiepiscopo
567 1349 809 1385 Rolhomayensi.
822 1348 906 1384 Quia
919 1348 1008 1377 tilius
1021 1357 1054 1377 es
1067 1347 1225 1383 Ecclesic,

211 1410 278 1432 non
292 1405 400 1440 potest
413 1405 444 1431 te
457 1409 522 1430 nou
537 1401 708 1431 comedere
719 1400 809 1430 zelus
821 1401 892 1440 ejus
904 1402 925 1436 ¹,
940 1410 1000 1431 nec
1010 1405 1103 1439 potes
1115 1410 1228 1439 oppro-

210 1455 284 1484 bria
301 1454 573 1493 exprobrantium
587 1453 637 1483 illi
654 1458 684 1484 et
699 1454 1019 1493 usurpantiumju1·a
1037 1455 1109 1493 ejus
1126 1463 1228 1492 equa-

210 1507 349 1538 nimiter
362 1507 541 1537 sustinere.
558 1507 649 1537 Adeo
663 1506 753 1536 enim
770 1506 805 1535 in
822 1506 939 1536 timore
959 1507 1065 1536 divini
1082 1506 1228 1536 nominis

210 1564 242 1591 et
261 1559 487 1590 ecclesiastice
506 1559 681 1597 dignitatis
700 1559 889 1589 reverentia
907 1563 937 1589 te
956 1559 1122 1589 credimus
1138 1559 1229 1588 radi-

210 1617 332 1649 catum,
349 1618 385 1643 ut
401 1613 442 1643 de
460 1617 490 1643 te
507 1612 701 1642 nullatenus
717 1612 919 1647 dubitemus,
935 1612 1016 1651 quin
1034 1612 1068 1641 in
1086 1611 1157 1641 suis
1173 1620 1228 1641 an-

208 1665 332 1704 gustiis
345 1665 456 1695 doleas
469 1665 576 1696 vicem
587 1665 670 1704 ejus.
682 1665 768 1696 Sane
779 1665 857 1695 tacti
869 1674 984 1695 sumus
997 1664 1107 1695 dolore
1119 1664 1228 1695 cordis

208 1718 428 1753 intrinsecus,
442 1727 500 1756 pro
513 1727 550 1748 eo
565 1717 664 1757 quod,
678 1726 752 1747 cum
764 1718 907 1747 Romani
924 1726 997 1748 esse
1013 1717 1155 1747 debeant
1171 1718 1228 1748 Ec-

209 1770 312 1802 clesie
323 1771 387 1801 filii
402 1771 574 1810 speciales,
591 1771 832 1809 degenerantes
846 1779 884 1801 ex
900 1770 980 1801 filiis
994 1771 1029 1800 in
1042 1771 1226 1810 privignos,

210 1824 293 1854 adeo
314 1833 349 1854 se
366 1824 540 1854 indevotos
558 1823 716 1854 exhibent
737 1828 768 1854 et
790 1823 957 1862 ingratos,
974 1828 1011 1853 ut
1033 1824 1163 1854 modica
1177 1825 1228 1854 vi-

210 1877 329 1907 deatur
351 1877 387 1906 in
411 1877 459 1907 eis
483 1877 669 1907 devotionis
692 1876 840 1907 scintilla
861 1876 914 1907 vel
936 1877 1152 1915 gratitudinis
1174 1886 1228 1908 re-

209 1929 388 1960 mansisse.
408 1930 495 1959 Nam
514 1929 550 1958 in
576 1934 705 1959 tantum
725 1929 816 1959 velut
836 1938 875 1959 ex
897 1929 993 1968 adipe
1017 1930 1140 1968 prodiit
1158 1930 1229 1969 jam

209 1982 374 2021 iniquitas
392 1982 573 2013 eorundem
584 1984 607 2018 2,
623 1986 670 2016 ut,
686 1990 751 2012 non
766 1981 872 2012 solum
888 1982 928 2012 ad
945 1982 1150 2021 temporalia,
1164 1992 1228 2021 que

208 2035 251 2065 ad
266 2044 321 2065 eos
338 2044 404 2065 non
420 2035 599 2073 pertinent,
617 2043 733 2064 verum
744 2035 845 2064 etiam
859 2034 899 2064 ad
915 2034 1115 2072 spiritualia,
1132 2034 1228 2065 laicis

207 2087 342 2126 penitus
359 2087 548 2121 interdicta,
564 2096 684 2117 manus
702 2087 896 2117 temerarias
913 2087 1138 2123 extendentes,
1157 2096 1228 2118 orn-

208 2139 290 2170 nino
310 2139 500 2169 libertatem
523 2138 784 2169 ecclesiasticam
805 2143 952 2170 evertere
975 2149 1012 2169 ac
1035 2140 1228 2170 subvertere

208 2191 402 2227 moliantur,
421 2196 452 2221 et
469 2192 653 2221 Romanam
670 2191 868 2227 Ecclesiam,
887 2196 1026 2222 matrem
1046 2201 1156 2228 suam,
1174 2201 1228 2223 ec-

209 2245 390 2276 clesiarum
411 2245 564 2275 omnium
585 2245 758 2283 speculum
779 2249 810 2275 et
832 2245 1009 2284 exemplar,
1030 2246 1137 2276 modis
1157 2254 1228 2276 om-

208 2297 309 2328 nibus
326 2297 485 2327 ancillare
499 2320 506 2333 ,
523 2301 559 2327 ut
577 2297 719 2336 exempli
739 2297 791 2327 sui
807 2297 955 2336 pernicie
972 2297 1034 2328 soli
1051 2302 1228 2337 provocent

208 2351 386 2380 universos
405 2354 521 2380 contra
539 2350 742 2380 universalis
758 2350 906 2381 Ecclesie
924 2350 1124 2382 libertatem.
1142 2352 1228 2388 Quia

207 2414 299 2439 vera,
318 2403 380 2434 etsi
398 2412 498 2441 grave
515 2403 558 2433 sit
574 2403 724 2439 facinus,
744 2407 872 2439 tamen,
891 2413 964 2434 cum
985 2404 1041 2434 diu
1058 2405 1228 2435 duraverit

208 2457 402 2497 hujusmodi
422 2456 622 2494 persecutio,
641 2456 774 2494 gravius
792 2461 839 2486 est
857 2457 1054 2495 exemplum,
1075 2465 1135 2487 nos
1152 2457 1227 2488 alli-

209 2519 287 2548 gare
304 2509 392 2548 quod
410 2510 553 2538 fractum
572 2513 642 2538 erat
658 2508 693 2538 iu
711 2509 772 2544 eis,
791 2509 950 2547 pastorali
967 2509 1140 2547 diligentia
1160 2511 1227 2541 nisi

210 2572 338 2597 sumus,
357 2566 388 2592 et
404 2561 562 2592 reducere
579 2561 667 2601 quod
685 2561 867 2601 abjectum,
887 2562 1012 2592 sedulis
1031 2563 1227 2593 monitioni-

207 2615 270 2645 bus
285 2615 371 2654 apud
388 2624 443 2645 eos
461 2618 490 2644 et
503 2614 630 2644 crebris
648 2614 934 2645 exhortationihus
950 2615 1142 2645 laborando.
1163 2616 1227 2646 Sed

207 2677 274 2698 non
291 2668 354 2697 suit
373 2668 420 2697 eis
438 2667 551 2697 datum
565 2667 718 2705 desuper,
736 2667 823 2706 quod
837 2676 951 2697 eorum
964 2667 1071 2706 plaga,
1087 2677 1145 2706 pro
1161 2678 1226 2707 qua

207 2721 358 2751 sananda
388 2719 492 2749 multo
523 2719 635 2750 labore
666 2720 878 2754 sudavimus,
910 2720 1089 2751 salutarem
1117 2721 1226 2751 adhuc

205 2774 370 2812 reciperet
398 2773 614 2809 medicinam3
638 2776 771 2812 propter
797 2773 883 2812 quod
909 2773 942 2802 in
970 2782 1025 2804 eos
1049 2783 1224 2804 censuram

240 2899 260 2922 t.
278 2899 320 2923 Gt.
341 2898 386 2922 Ps.
404 2904 504 2928 mviii,
523 2898 746 2929 10;Jo}1AN.,1t‚
766 2899 801 2923 Π.

235 2942 260 2967 2.
278 2942 323 2966 t's.
343 2947 432 2971 Lxxn,
448 2942 472 2966 7.

1064 275 1281 314 HU1T11'3ME
1302 276 1464 314 ANNEE.
2243 290 2318 321 1238

1307 350 1497 380 curavimus
1513 350 1773 382 ecclesiasticam
1790 361 1952 383 exercere.
1970 354 2010 383 Et
2026 354 2105 392 quia
2122 355 2318 394 iniquitates

1308 410 1421 431 eorum
1443 408 1658 433 excreverunt
1680 404 1715 433 in
1740 408 1885 440 tantum,
1913 410 1948 435 ut
1972 414 2031 436 nec
2052 407 2157 436 Deum
2180 408 2320 438 timeant

1310 463 1369 484 nec
1387 463 1562 485 censuram
1576 456 1838 487 ecclesiasticam
1854 462 2042 493 vereantur,
2062 463 2091 489 te
2106 468 2143 489 ac
2161 460 2244 490 alios
2259 461 2320 490 Ec-

1309 506 1410 537 clesie
1429 507 1515 538 filios
1533 512 1564 538 et
1581 509 1727 543 devotos,
1748 510 1782 539 in
1800 519 1940 548 quorum
1958 511 2022 549 ipsi
2040 511 2095 551 [ct]
2115 513 2247 550 publica
2263 513 2321 543 de-

1311 559 1467 590 trimenta
1491 566 1697 598 grassantur,
1722 562 1756 591 in
1783 571 1895 592 eornm
1915 563 2091 599 ultionem,
2112 564 2189 595 licet
2207 565 2318 601 inviti,

1310 612 1540 650 compellimur
1553 614 1707 648 excitare,
1722 615 1964 645 fraternitatem
1979 620 2066 645 tuam
2081 618 2258 647 atl'ectuose
2272 627 2320 647 ro-

1310 668 1425 701 gantes
1436 669 1466 694 et
1479 665 1649 695 hortantes
1664 670 1798 700 attente,
1813 675 1849 696 ac
1864 676 1921 704 per
1933 668 2111 705 apostolica
2127 669 2185 698 tihi
2198 670 2321 708 scripta

1309 717 1458 747 districte
1482 718 1695 756 precipiendo
1721 719 1917 749 mandantes
1942 725 2117 759 quatenus,
2143 723 2322 759 prudenter

1310 770 1484 800 attendens
1501 771 1595 810 cnjus
1619 771 1661 801 sit
1684 780 1783 801 causa
1801 781 1863 810 qne
1883 773 2003 810 agitur,
2024 783 2097 802 cnm
2115 774 2157 803 sit
2175 774 2319 812 publiea,

1309 832 1374 853 non
1397 823 1541 861 privata,
1563 833 1628 853 non
1650 825 1692 854 sit
1715 825 1863 863 propria,
1889 826 1945 855 sed
1968 827 2171 862 communis,
2198 827 2232 856 in
2256 837 2322 866 qua

1309 880 1399 905 tanto
1412 876 1530 906 fortius
1545 881 1574 907 te
1588 881 1714 915 oportet
1726 878 1760 906 iu
1775 878 1975 917 adjutorium
1987 883 2137 909 nostrum
2149 889 2320 918 exurgere,

1309 932 1433 967 quanto
1450 938 1506 967 per
1522 928 1582 959 hoc
1598 939 1662 959 non
1679 935 1743 960 tam
1759 931 1948 969 sps-cialitm·
1965 932 2094 971 aliquos
2107 943 2205 971 quam
2223 943 2321 971 gene-

1308 981 1423 1011 raliter
1440 982 1614 1011 universos
1629 982 1834 1013 intendimus
1850 984 2035 1020 defensare,
2050 994 2232 1021 romanum
2251 986 2322 1016 bel-

1308 1034 1449 1064 latorum
1463 1043 1521 1064 seu
1533 1034 1827 1072 stipendiariorum
1839 1036 2026 1066 subsidium
2040 1037 2134 1067 nobis
2148 1038 2321 1076 impendas

1309 1090 1374 1116 tam
1390 1086 1576 1116 liberaliter
1591 1096 1690 1125 quam
1705 1087 1859 1123 libenter,
1874 1088 1920 1118 ita
1934 1089 2032 1127 quod,
2051 1090 2116 1119 tuis
2133 1095 2163 1119 et
2179 1090 2321 1120 aliorum

1308 1138 1385 1169 fulti
1402 1139 1579 1174 subsidiis,
1603 1139 1723 1175 taliter,
1743 1145 1875 1171 auctore
1897 1142 2055 1177 Domino,
2073 1142 2244 1173 adversam
2265 1152 2322 1174 su-

1309 1192 1457 1230 perbiam
1488 1192 1726 1230 reprimamus,
1759 1193 1846 1232 quod
1875 1193 1933 1223 alii
1965 1195 2124 1225 adversus
2156 1197 2259 1226 Deum
2291 1201 2323 1226 et

1310 1244 1493 1274 Ecclesiam
1516 1254 1550 1274 se
1576 1245 1614 1274 de
1640 1250 1748 1275 cetero
1776 1254 1840 1275 non
1861 1246 2031 1282 extollant,
2050 1251 2079 1277 et
2098 1248 2244 1278 Ecclesie
2261 1248 2323 1278 tilii

1309 1296 1420 1326 debita
1435 1296 1598 1334 gaudeant
1613 1296 1777 1332 libertate,
1792 1307 1928 1337 nosque,
1945 1299 2170 1329 sinceritatem
2184 1305 2271 1330 tuam
2285 1310 2323 1331 ex

1310 1350 1431 1379 all'ectu
1453 1353 1483 1379 et
1504 1350 1621 1380 effectu
1639 1349 1851 1380 liberalitatis
1868 1350 2013 1381 exhibite
2034 1352 2166 1390 plenius
2184 1362 2324 1391 cognos-

1311 1406 1441 1437 centes,
1468 1402 1503 1431 in
1530 1402 1657 1432 Christi
1683 1403 1867 1433 visceribus
1892 1408 1921 1434 te
1947 1405 2057 1434 carius
2085 1405 2321 1444 amplexemur.

1310 1456 1384 1484 Dat.
1402 1455 1552 1490 Perusii,
1571 1455 1668 1486 nonis
1685 1456 1881 1491 decembris,
1900 1466 1987 1487 anno
2003 1462 2128 1487 octavo.
2148 1471 2160 1485 »

1347 1584 1453 1607 2345.
1471 1594 1504 1599 --
1520 1579 1553 1606 In
1570 1580 1694 1606 eundem
1711 1581 1827 1607 modum
1843 1583 2024 1615 suffrayaneis
2039 1585 2097 1609 suis
2112 1584 2278 1618 separatim.

1347 1632 1451 1656 2346.
1476 1644 1509 1648 -
1528 1628 1561 1654 In
1582 1628 1706 1655 eundem
1724 1629 1840 1655 modum
1861 1651 1878 1655 ..
1895 1631 2096 1663 archiepiscopo
2116 1632 2326 1658 Tarantasicnsi

1310 1680 1334 1704 et
1349 1678 1533 1710 susl'rayancis
1547 1679 1606 1703 sais
1623 1678 1788 1711 separatim.

1347 1730 1451 1753 23⁴2.
1475 1740 1507 1744 —
1529 1725 1561 1751 In
1584 1725 1708 1757 eundem
1730 1725 1846 1752 modum
1872 1746 1890 1752 ..
1911 1727 2113 1760 archiepiscopo
2134 1729 2281 1754 Bisantino
2300 1731 2326 1754 et

1310 1775 1495 1807 suffragancis
1511 1775 1568 1800 suis
1585 1774 1751 1808 separatim.

1347 1826 1452 1849 2348.
1470 1837 1502 1841 ——
1522 1821 1554 1848 In
1571 1822 1696 1848 eundem
1715 1822 1830 1848 modum
1849 1843 1867 1848 ..
1884 1823 2084 1857 archiepiscopo
2099 1825 2288 1851 Ebrcdunensi
2302 1828 2326 1851 el

1309 1873 1493 1904 snffraqaneis
1511 1873 1570 1897 suis
1587 1871 1752 1905 separatim.

1346 1924 1450 1947 2:349.
1467 1935 1500 1939 —
1517 1919 1549 1946 In
1567 1919 1690 1945 eundem
1707 1919 1823 1945 modum
1842 1939 1860 1946 ..
1878 1920 2079 1953 archiepiscopo
2095 1921 2216 1953 Aquenss
2230 1924 2253 1947 ct
2265 1922 2326 1954 sus-

1310 1970 1454 2002 sraqancis
1469 1969 1527 1994 suis
1542 1968 1707 2002 separatim.

1345 2021 1450 2044 235⁰.
1468 2032 1501 2036 —
1523 2016 1554 2042 In
1578 2016 1703 2043 eundem
1727 2016 1843 2042 modum
1865 2037 1883 2042 ..
1905 2017 2105 2050 archiepiscopo
2124 2018 2280 2044 Arelatensi
2299 2021 2322 2043 ct

1309 2066 1493 2098 snffrayaneis
1507 2066 1566 2090 sais
1581 2065 1747 2099 separatim.

1347 2117 1450 2140 2351.
1473 2128 1505 2132 —
1526 2112 1556 2138 In
1580 2113 1704 2138 eundem
1727 2112 1843 2139 modum
1867 2133 1884 2141 ..
1905 2113 2106 2146 archiepiscopo
2134 2114 2277 2140 Viennensi
2299 2117 2324 2139 et

1309 2163 1493 2194 suffr-apaneis
1508 2163 1566 2187 suis
1580 2162 1745 2196 separatim.

1346 2214 1451 2238 ⁸2:352.
1471 2225 1503 2229 ——
1525 2209 1556 2236 In
1579 2209 1702 2236 eundem
1723 2209 1838 2236 modum
1858 2231 1875 2236 ..
1892 2210 2092 2243 archiepiscopo
2109 2211 2283 2243 andanensi
2297 2214 2323 2237 ει

1310 2261 1494 2292 sulfrayancis
1509 2260 1568 2286 suis
1583 2259 1749 2294 separatim.

1345 2311 1450 2336 2353.
1472 2323 1504 2326 —
1525 2306 1556 2334 In
1579 2307 1703 2334 eundem
1727 2307 1843 2334 modum
1869 2328 1886 2334 ..

1309 2357 1491 2389 snffraqaneis
1506 2358 1564 2382 suis
1579 2355 1747 2391 separatim.

1344 2408 1448 2432 23:34.
1473 2420 1506 2423 —
1531 2404 1563 2430 In
1590 2404 1714 2431 eundem
1741 2404 1855 2431 modum
1883 2425 1900 2431 ..

1308 2455 1492 2486 suffraqancis
1507 2455 1568 2479 Sais
1583 2453 1749 2487 separatim.

1344 2507 1448 2530 2:355.
1471 2516 1503 2521 —
1527 2500 1558 2527 In
1580 2501 1703 2527 eundem
1725 2501 1841 2527 modum
1865 2522 1883 2528 ..

1909 2308 2110 2341 archiepiscopo
2129 2307 2278 2334 Senonensi
2298 2311 2322 2334 et

1925 2405 2126 2438 archiepiscopo
2152 2406 2274 2431 Reme-nsi
2297 2407 2322 2430 et

1903 2502 2105 2534 archiepiscopo
2128 2501 2281 2527 Turoni-nsi
2295 2504 2322 2527 ct

1307 2553 1492 2584 snffrafsancis
1505 2551 1564 2576 suis
1579 2550 1745 2584 separatim.

1343 2604 1449 2628 2356.
1472 2614 1505 2619 --
1526 2598 1557 2625 In
1578 2598 1702 2625 eundem
1725 2597 1840 2624 modum
1859 2617 1876 2624 ..
1893 2598 2094 2630 a1·ch¹'ep1'.wopo
2114 2598 2282 2623 Hilarii-ensi
2295 2600 2320 2623 el

1307 2649 1492 2681 snslrayaneis
1505 2649 1563 2673 suis
1578 2647 1743 2681 separatim.

1343 2700 1448 2724 2352.
1466 2710 1498 2715 —-
1511 2695 1541 2721 ln
1558 2695 1682 2721 eundem
1699 2694 1814 2720 modum
1834 2715 1852 2721 ..
1869 2694 2070 2726 archiepiscopo
2086 2694 2281 2726 nurdcyaicnst
2295 2695 2320 2719 ec

1307 2746 1490 2778 snffra‘qancis
1505 2744 1563 2769 suis
1579 2742 1743 2777 separatim.

1342 2797 1447 2821 2:358.
1471 2808 1503 2812 —
1528 2792 1557 2818 In
1582 2791 1706 2818 eundem
1729 2790 1844 2817 modum
1869 2811 1886 2817 ..
1911 2791 2112 2823 archiepiscopo
2133 2791 2275 2816 Alnsitano
2295 2791 2319 2815 el

1305 2843 1492 2875 suffrauaneis
1506 2842 1563 2866 suis
1579 2839 1744 2874 separatim.

1342 2894 1446 2917 2:359.
1468 2904 1501 2908 —
1522 2887 1553 2914 Iu
1575 2887 1698 2914 eundem
1720 2886 1836 2914 modum
1855 2907 1873 2913 ..

1307 2939 1489 2972 suffrayaneis
1504 2938 1562 2964 suis
1577 2937 1743 2971 separatim.

1891 2888 2091 2920 archiepiscopo
2107 2886 2278 2912 Narbonensi
2293 2888 2318 2911 ct
