<?xml version="1.0" encoding="UTF-8"?>
<!DOCTYPE html PUBLIC "-//W3C//DTD XHTML 1.0 Transitional//EN"
    "http://www.w3.org/TR/xhtml1/DTD/xhtml1-transitional.dtd">
<html xmlns="http://www.w3.org/1999/xhtml" xml:lang="en" lang="en">
 <head>
  <title>
</title>
<meta http-equiv="Content-Type" content="text/html;charset=utf-8" />
  <meta name='ocr-system' content='tesseract 3.04.00' />
  <meta name='ocr-capabilities' content='ocr_page ocr_carea ocr_par ocr_line ocrx_word'/>
</head>
<body>
  <div class='ocr_page' id='page_1' title='image "./lesregistresdegr01cathuoft_0285.png"; bbox 0 0 2498 3242; ppageno 0'>
   <div class='ocr_carea' id='block_1_1' title="bbox 149 303 2259 344">
    <p class='ocr_par' dir='ltr' id='par_1_1' title="bbox 149 303 2259 344">
     <span class='ocr_line' id='line_1_1' title="bbox 149 303 2259 344; baseline 0.002 -7"><span class='ocrx_word' id='word_1_1' title='bbox 149 313 204 344; x_wconf 88' lang='lat'>553</span> <span class='ocrx_word' id='word_1_2' title='bbox 1021 303 1202 341; x_wconf 50' lang='grc' dir='ltr'>ΔκἸῊΕΜΕ</span> <span class='ocrx_word' id='word_1_3' title='bbox 1224 303 1384 341; x_wconf 82' lang='lat' dir='ltr'>ANNEE.</span> <span class='ocrx_word' id='word_1_4' title='bbox 2203 313 2259 342; x_wconf 80' lang='lat'>554</span> 
     </span>
    </p>
   </div>
   <div class='ocr_carea' id='block_1_2' title="bbox 147 378 1164 946">
    <p class='ocr_par' dir='ltr' id='par_1_2' title="bbox 147 378 1164 946">
     <span class='ocr_line' id='line_1_2' title="bbox 148 378 1160 418; baseline -0.003 -9"><span class='ocrx_word' id='word_1_5' title='bbox 148 379 340 418; x_wconf 81' lang='lat' dir='ltr'>premissis,</span> <span class='ocrx_word' id='word_1_6' title='bbox 359 379 398 409; x_wconf 88' lang='lat' dir='ltr'>de</span> <span class='ocrx_word' id='word_1_7' title='bbox 418 378 593 417; x_wconf 83' lang='lat' dir='ltr'>utriusque</span> <span class='ocrx_word' id='word_1_8' title='bbox 615 378 719 417; x_wconf 82' lang='lat' dir='ltr'>partis</span> <span class='ocrx_word' id='word_1_9' title='bbox 742 381 991 416; x_wconf 86' lang='lat' dir='ltr'>procuratorum</span> <span class='ocrx_word' id='word_1_10' title='bbox 1009 386 1160 411; x_wconf 76' lang='lat' dir='ltr'>assensu,</span> 
     </span>
     <span class='ocr_line' id='line_1_3' title="bbox 148 430 1162 470; baseline -0.004 -8"><span class='ocrx_word' id='word_1_11' title='bbox 148 431 343 462; x_wconf 89' lang='lat' dir='ltr'>discretioni</span> <span class='ocrx_word' id='word_1_12' title='bbox 357 435 465 462; x_wconf 78' lang='lat' dir='ltr'>vestre</span> <span class='ocrx_word' id='word_1_13' title='bbox 478 430 725 470; x_wconf 77' lang='lat' dir='ltr'>pei-apostolica</span> <span class='ocrx_word' id='word_1_14' title='bbox 740 430 861 469; x_wconf 84' lang='lat' dir='ltr'>scripta</span> <span class='ocrx_word' id='word_1_15' title='bbox 875 430 1071 459; x_wconf 63' lang='lat' dir='ltr'>mandannns</span> <span class='ocrx_word' id='word_1_16' title='bbox 1085 438 1162 467; x_wconf 81' lang='lat' dir='ltr'>qua-</span> 
     </span>
     <span class='ocr_line' id='line_1_4' title="bbox 149 482 1163 523; baseline -0.004 -8"><span class='ocrx_word' id='word_1_17' title='bbox 149 488 258 517; x_wconf 84' lang='lat' dir='ltr'>tenus,</span> <span class='ocrx_word' id='word_1_18' title='bbox 272 484 397 514; x_wconf 78' lang='lat' dir='ltr'>voeatis</span> <span class='ocrx_word' id='word_1_19' title='bbox 409 484 466 523; x_wconf 81' lang='lat' dir='ltr'>qui</span> <span class='ocrx_word' id='word_1_20' title='bbox 478 484 603 514; x_wconf 79' lang='lat' dir='ltr'>suerint</span> <span class='ocrx_word' id='word_1_21' title='bbox 615 483 784 517; x_wconf 76' lang='lat' dir='ltr'>evocandi,</span> <span class='ocrx_word' id='word_1_22' title='bbox 797 487 827 513; x_wconf 87' lang='lat' dir='ltr'>et</span> <span class='ocrx_word' id='word_1_23' title='bbox 839 482 962 512; x_wconf 72' lang='lat' dir='ltr'>auditis</span> <span class='ocrx_word' id='word_1_24' title='bbox 976 492 1039 520; x_wconf 74' lang='lat' dir='ltr'>qne</span> <span class='ocrx_word' id='word_1_25' title='bbox 1053 486 1163 520; x_wconf 84' lang='lat' dir='ltr'>partes</span> 
     </span>
     <span class='ocr_line' id='line_1_5' title="bbox 148 534 1163 575; baseline -0.004 -8"><span class='ocrx_word' id='word_1_26' title='bbox 148 537 303 567; x_wconf 83' lang='lat' dir='ltr'>duxerint</span> <span class='ocrx_word' id='word_1_27' title='bbox 318 537 541 575; x_wconf 86' lang='lat' dir='ltr'>proponenda.</span> <span class='ocrx_word' id='word_1_28' title='bbox 560 536 729 574; x_wconf 68' lang='lat' dir='ltr'>negotium</span> <span class='ocrx_word' id='word_1_29' title='bbox 746 536 785 566; x_wconf 85' lang='lat' dir='ltr'>ad</span> <span class='ocrx_word' id='word_1_30' title='bbox 803 545 861 566; x_wconf 84' lang='lat' dir='ltr'>nos</span> <span class='ocrx_word' id='word_1_31' title='bbox 878 535 1054 565; x_wconf 76' lang='lat' dir='ltr'>remittatis</span> <span class='ocrx_word' id='word_1_32' title='bbox 1071 534 1163 564; x_wconf 83' lang='lat' dir='ltr'>suffi-</span> 
     </span>
     <span class='ocr_line' id='line_1_6' title="bbox 149 587 1162 628; baseline -0.004 -8"><span class='ocrx_word' id='word_1_33' title='bbox 149 590 496 625; x_wconf 73' lang='lat' dir='ltr'>cienter-instructum,</span> <span class='ocrx_word' id='word_1_34' title='bbox 507 590 706 628; x_wconf 74' lang='lat' dir='ltr'>prefigcntcs</span> <span class='ocrx_word' id='word_1_35' title='bbox 717 589 895 619; x_wconf 87' lang='lat' dir='ltr'>terminum</span> <span class='ocrx_word' id='word_1_36' title='bbox 905 587 1162 627; x_wconf 83' lang='lat' dir='ltr'>peremptorium</span> 
     </span>
     <span class='ocr_line' id='line_1_7' title="bbox 149 641 1161 682; baseline -0.004 -9"><span class='ocrx_word' id='word_1_37' title='bbox 149 647 399 682; x_wconf 75' lang='lat' dir='ltr'>competentem,</span> <span class='ocrx_word' id='word_1_38' title='bbox 418 652 482 682; x_wconf 85' lang='lat' dir='ltr'>quo</span> <span class='ocrx_word' id='word_1_39' title='bbox 502 643 669 681; x_wconf 83' lang='lat' dir='ltr'>predictus</span> <span class='ocrx_word' id='word_1_40' title='bbox 686 643 731 673; x_wconf 79' lang='lat' dir='ltr'>M.</span> <span class='ocrx_word' id='word_1_41' title='bbox 748 641 879 671; x_wconf 76' lang='lat' dir='ltr'>Alsonsi</span> <span class='ocrx_word' id='word_1_42' title='bbox 895 641 1161 675; x_wconf 78' lang='lat' dir='ltr'>archidiaconus,</span> 
     </span>
     <span class='ocr_line' id='line_1_8' title="bbox 149 694 1164 734; baseline -0.004 -8"><span class='ocrx_word' id='word_1_43' title='bbox 149 696 207 734; x_wconf 89' lang='lat' dir='ltr'>qui</span> <span class='ocrx_word' id='word_1_44' title='bbox 227 704 286 734; x_wconf 87' lang='lat' dir='ltr'>pro</span> <span class='ocrx_word' id='word_1_45' title='bbox 309 695 412 726; x_wconf 86' lang='lat' dir='ltr'>electo</span> <span class='ocrx_word' id='word_1_46' title='bbox 435 705 469 725; x_wconf 85' lang='lat' dir='ltr'>sc</span> <span class='ocrx_word' id='word_1_47' title='bbox 493 696 593 733; x_wconf 64' lang='lat' dir='ltr'>gerit,</span> <span class='ocrx_word' id='word_1_48' title='bbox 617 694 848 734; x_wconf 73' lang='lat' dir='ltr'>personaliter,</span> <span class='ocrx_word' id='word_1_49' title='bbox 873 698 982 733; x_wconf 76' lang='lat' dir='ltr'>parles</span> <span class='ocrx_word' id='word_1_50' title='bbox 1005 702 1082 723; x_wconf 77' lang='lat' dir='ltr'>vern</span> <span class='ocrx_word' id='word_1_51' title='bbox 1106 702 1164 731; x_wconf 86' lang='lat' dir='ltr'>per</span> 
     </span>
     <span class='ocr_line' id='line_1_9' title="bbox 147 747 1161 788; baseline -0.005 -9"><span class='ocrx_word' id='word_1_52' title='bbox 147 753 379 788; x_wconf 69' lang='lat' dir='ltr'>procuratores</span> <span class='ocrx_word' id='word_1_53' title='bbox 395 749 544 786; x_wconf 78' lang='lat' dir='ltr'>idoneos,</span> <span class='ocrx_word' id='word_1_54' title='bbox 559 752 770 788; x_wconf 77' lang='lat' dir='ltr'>compareant</span> <span class='ocrx_word' id='word_1_55' title='bbox 783 756 892 777; x_wconf 75' lang='lat' dir='ltr'>coram</span> <span class='ocrx_word' id='word_1_56' title='bbox 905 747 1011 777; x_wconf 74' lang='lat' dir='ltr'>nohis.</span> <span class='ocrx_word' id='word_1_57' title='bbox 1025 747 1161 784; x_wconf 74' lang='lat' dir='ltr'>justam,</span> 
     </span>
     <span class='ocr_line' id='line_1_10' title="bbox 151 799 1162 839; baseline -0.005 -7"><span class='ocrx_word' id='word_1_58' title='bbox 151 806 285 833; x_wconf 86' lang='lat' dir='ltr'>auctore</span> <span class='ocrx_word' id='word_1_59' title='bbox 307 802 465 837; x_wconf 80' lang='lat' dir='ltr'>Domino,</span> <span class='ocrx_word' id='word_1_60' title='bbox 489 801 690 832; x_wconf 74' lang='lat' dir='ltr'>sententiam</span> <span class='ocrx_word' id='word_1_61' title='bbox 712 804 895 839; x_wconf 75' lang='lat' dir='ltr'>recepturo.</span> <span class='ocrx_word' id='word_1_62' title='bbox 921 799 1015 836; x_wconf 79' lang='lat' dir='ltr'>Quod</span> <span class='ocrx_word' id='word_1_63' title='bbox 1042 799 1070 828; x_wconf 84' lang='lat' dir='ltr'>si</span> <span class='ocrx_word' id='word_1_64' title='bbox 1097 807 1162 828; x_wconf 89' lang='lat' dir='ltr'>non</span> 
     </span>
     <span class='ocr_line' id='line_1_11' title="bbox 151 852 1161 885; baseline -0.005 0"><span class='ocrx_word' id='word_1_65' title='bbox 151 863 267 885; x_wconf 86' lang='lat' dir='ltr'>omnes</span> <span class='ocrx_word' id='word_1_66' title='bbox 294 858 355 885; x_wconf 82' lang='lat' dir='ltr'>etc.</span> <span class='ocrx_word' id='word_1_67' title='bbox 382 854 628 885; x_wconf 73' lang='lat' dir='ltr'>Constitutione</span> <span class='ocrx_word' id='word_1_68' title='bbox 656 854 695 884; x_wconf 90' lang='lat' dir='ltr'>de</span> <span class='ocrx_word' id='word_1_69' title='bbox 721 853 850 883; x_wconf 83' lang='lat' dir='ltr'>duabus</span> <span class='ocrx_word' id='word_1_70' title='bbox 877 852 975 883; x_wconf 80' lang='lat' dir='ltr'>dietis</span> <span class='ocrx_word' id='word_1_71' title='bbox 1000 856 1061 882; x_wconf 86' lang='lat' dir='ltr'>etc.</span> <span class='ocrx_word' id='word_1_72' title='bbox 1088 852 1161 881; x_wconf 84' lang='lat' dir='ltr'>Dat.</span> 
     </span>
     <span class='ocr_line' id='line_1_12' title="bbox 150 907 879 946; baseline -0.001 -9"><span class='ocrx_word' id='word_1_73' title='bbox 150 908 315 946; x_wconf 83' lang='lat' dir='ltr'>Anagnie,</span> <span class='ocrx_word' id='word_1_74' title='bbox 332 909 361 938; x_wconf 71' lang='lat' dir='ltr'><strong>V</strong></span> <span class='ocrx_word' id='word_1_75' title='bbox 377 908 452 938; x_wconf 83' lang='lat' dir='ltr'>idus</span> <span class='ocrx_word' id='word_1_76' title='bbox 468 907 622 941; x_wconf 73' lang='lat' dir='ltr'>octobris,</span> <span class='ocrx_word' id='word_1_77' title='bbox 641 916 728 937; x_wconf 83' lang='lat' dir='ltr'>anno</span> <span class='ocrx_word' id='word_1_78' title='bbox 744 911 846 937; x_wconf 81' lang='lat' dir='ltr'>sexto.</span> <span class='ocrx_word' id='word_1_79' title='bbox 867 918 879 932; x_wconf 66' lang='grc' dir='ltr'>υ</span> 
     </span>
    </p>
   </div>
   <div class='ocr_carea' id='block_1_3' title="bbox 149 1155 1162 1335">
    <p class='ocr_par' dir='ltr' id='par_1_3' title="bbox 149 1155 1162 1335">
     <span class='ocr_line' id='line_1_13' title="bbox 185 1155 1162 1191; baseline -0.001 -9"><span class='ocrx_word' id='word_1_80' title='bbox 185 1155 330 1191; x_wconf 84' lang='lat' dir='ltr'>Episcopo</span> <span class='ocrx_word' id='word_1_81' title='bbox 347 1155 557 1190; x_wconf 78' lang='lat' dir='ltr'>Argentinensi</span> <span class='ocrx_word' id='word_1_82' title='bbox 573 1155 688 1182; x_wconf 81' lang='lat' dir='ltr'>mandat</span> <span class='ocrx_word' id='word_1_83' title='bbox 700 1158 843 1190; x_wconf 79' lang='lat' dir='ltr'>quatenus</span> <span class='ocrx_word' id='word_1_84' title='bbox 859 1156 1013 1189; x_wconf 80' lang='lat' dir='ltr'>priorissae</span> <span class='ocrx_word' id='word_1_85' title='bbox 1029 1163 1061 1181; x_wconf 84' lang='lat' dir='ltr'>ac</span> <span class='ocrx_word' id='word_1_86' title='bbox 1077 1163 1162 1181; x_wconf 88' lang='lat' dir='ltr'>soro-</span> 
     </span>
     <span class='ocr_line' id='line_1_14' title="bbox 151 1203 1162 1238; baseline -0.002 -7"><span class='ocrx_word' id='word_1_87' title='bbox 151 1205 232 1232; x_wconf 85' lang='lat' dir='ltr'>ribus</span> <span class='ocrx_word' id='word_1_88' title='bbox 249 1205 417 1231; x_wconf 82' lang='lat' dir='ltr'>monasterii</span> <span class='ocrx_word' id='word_1_89' title='bbox 435 1204 531 1231; x_wconf 82' lang='lat' dir='ltr'>Sancti</span> <span class='ocrx_word' id='word_1_90' title='bbox 546 1204 681 1231; x_wconf 79' lang='lat' dir='ltr'>Matthaei</span> <span class='ocrx_word' id='word_1_91' title='bbox 698 1203 933 1238; x_wconf 88' lang='lat' dir='ltr'>Argentinensis,</span> <span class='ocrx_word' id='word_1_92' title='bbox 946 1203 1054 1230; x_wconf 87' lang='lat' dir='ltr'>ordinis</span> <span class='ocrx_word' id='word_1_93' title='bbox 1069 1204 1162 1230; x_wconf 87' lang='lat' dir='ltr'>sancti</span> 
     </span>
     <span class='ocr_line' id='line_1_15' title="bbox 150 1252 1162 1288; baseline -0.001 -8"><span class='ocrx_word' id='word_1_94' title='bbox 150 1253 311 1288; x_wconf 83' lang='lat' dir='ltr'>Augustini</span> <span class='ocrx_word' id='word_1_95' title='bbox 323 1273 329 1284; x_wconf 89' lang='grc'>,</span> <span class='ocrx_word' id='word_1_96' title='bbox 347 1252 480 1279; x_wconf 84' lang='lat' dir='ltr'>cantandi</span> <span class='ocrx_word' id='word_1_97' title='bbox 501 1252 597 1280; x_wconf 82' lang='lat' dir='ltr'>divina</span> <span class='ocrx_word' id='word_1_98' title='bbox 616 1252 757 1280; x_wconf 87' lang='lat' dir='ltr'>concedat</span> <span class='ocrx_word' id='word_1_99' title='bbox 772 1252 946 1279; x_wconf 79' lang='lat' dir='ltr'>facultatem.</span> <span class='ocrx_word' id='word_1_100' title='bbox 963 1268 996 1272; x_wconf 89' lang='lat'><strong>—</strong></span> <span class='ocrx_word' id='word_1_101' title='bbox 1012 1252 1096 1285; x_wconf 71' lang='lat' dir='ltr'>(Rau.</span> <span class='ocrx_word' id='word_1_102' title='bbox 1116 1253 1162 1287; x_wconf 80' lang='lat'>16,</span> 
     </span>
     <span class='ocr_line' id='line_1_16' title="bbox 149 1301 568 1335; baseline 0.002 -7"><span class='ocrx_word' id='word_1_103' title='bbox 149 1302 168 1328; x_wconf 81' lang='lat' dir='ltr'>f.</span> <span class='ocrx_word' id='word_1_104' title='bbox 189 1302 222 1328; x_wconf 84' lang='grc'>44</span> <span class='ocrx_word' id='word_1_105' title='bbox 238 1307 282 1331; x_wconf 81' lang='lat' dir='ltr'>v⁰-,</span> <span class='ocrx_word' id='word_1_106' title='bbox 300 1310 368 1328; x_wconf 85' lang='lat' dir='ltr'>ann.</span> <span class='ocrx_word' id='word_1_107' title='bbox 386 1301 436 1335; x_wconf 76' lang='lat' dir='ltr'>VI,</span> <span class='ocrx_word' id='word_1_108' title='bbox 452 1310 477 1328; x_wconf 91' lang='lat' dir='ltr'>c.</span> <span class='ocrx_word' id='word_1_109' title='bbox 498 1301 568 1335; x_wconf 69' lang='lat'><strong>132.)</strong></span> 
     </span>
    </p>
   </div>
   <div class='ocr_carea' id='block_1_4' title="bbox 683 1091 1089 1127">
    <p class='ocr_par' dir='ltr' id='par_1_4' title="bbox 683 1091 1089 1127">
     <span class='ocr_line' id='line_1_17' title="bbox 683 1091 1089 1127; baseline -0.002 -8"><span class='ocrx_word' id='word_1_110' title='bbox 683 1093 810 1127; x_wconf 86' lang='lat' dir='ltr'>Anagni,</span> <span class='ocrx_word' id='word_1_111' title='bbox 831 1092 860 1119; x_wconf 80' lang='lat'>14</span> <span class='ocrx_word' id='word_1_112' title='bbox 877 1092 994 1119; x_wconf 81' lang='lat' dir='ltr'>octobre</span> <span class='ocrx_word' id='word_1_113' title='bbox 1011 1091 1089 1118; x_wconf 67' lang='lat'><strong>1232.</strong></span> 
     </span>
    </p>
   </div>
   <div class='ocr_carea' id='block_1_5' title="bbox 149 1403 1162 1495">
    <p class='ocr_par' dir='ltr' id='par_1_5' title="bbox 149 1403 1162 1495">
     <span class='ocr_line' id='line_1_18' title="bbox 191 1403 1162 1441; baseline 0.001 -10"><span class='ocrx_word' id='word_1_114' title='bbox 191 1416 203 1430; x_wconf 86' lang='lat'>«</span> <span class='ocrx_word' id='word_1_115' title='bbox 227 1427 246 1432; x_wconf 94' lang='lat'>..</span> <span class='ocrx_word' id='word_1_116' title='bbox 271 1405 405 1441; x_wconf 75' lang='lat' dir='ltr'>episeopo</span> <span class='ocrx_word' id='word_1_117' title='bbox 426 1405 653 1441; x_wconf 64' lang='lat' dir='ltr'>Aryentiizensi.</span> <span class='ocrx_word' id='word_1_118' title='bbox 678 1403 884 1434; x_wconf 82' lang='lat' dir='ltr'>Dilectarum</span> <span class='ocrx_word' id='word_1_119' title='bbox 902 1403 937 1433; x_wconf 90' lang='lat' dir='ltr'>in</span> <span class='ocrx_word' id='word_1_120' title='bbox 958 1403 1092 1434; x_wconf 87' lang='lat' dir='ltr'>Christo</span> <span class='ocrx_word' id='word_1_121' title='bbox 1113 1421 1162 1432; x_wconf 92' lang='lat'>—.</span> 
     </span>
     <span class='ocr_line' id='line_1_19' title="bbox 149 1456 982 1495; baseline -0.002 -9"><span class='ocrx_word' id='word_1_122' title='bbox 149 1457 223 1486; x_wconf 86' lang='lat' dir='ltr'>Dat.</span> <span class='ocrx_word' id='word_1_123' title='bbox 241 1456 413 1495; x_wconf 81' lang='lat' dir='ltr'>Anagnie.</span> <span class='ocrx_word' id='word_1_124' title='bbox 432 1457 465 1486; x_wconf 94' lang='lat' dir='ltr'>II</span> <span class='ocrx_word' id='word_1_125' title='bbox 478 1456 554 1486; x_wconf 89' lang='lat' dir='ltr'>idus</span> <span class='ocrx_word' id='word_1_126' title='bbox 567 1456 727 1492; x_wconf 84' lang='lat' dir='ltr'>octobris,</span> <span class='ocrx_word' id='word_1_127' title='bbox 746 1465 833 1487; x_wconf 83' lang='lat' dir='ltr'>anno</span> <span class='ocrx_word' id='word_1_128' title='bbox 847 1460 949 1487; x_wconf 81' lang='lat' dir='ltr'>sexto.</span> <span class='ocrx_word' id='word_1_129' title='bbox 969 1469 982 1484; x_wconf 84' lang='lat'>»</span> 
     </span>
    </p>
   </div>
   <div class='ocr_carea' id='block_1_6' title="bbox 223 1641 1095 1676">
    <p class='ocr_par' dir='ltr' id='par_1_6' title="bbox 223 1641 1095 1676">
     <span class='ocr_line' id='line_1_20' title="bbox 223 1641 1095 1676; baseline -0.003 -6"><span class='ocrx_word' id='word_1_130' title='bbox 223 1641 312 1672; x_wconf 61' lang='lat' dir='ltr'>92ss</span> <span class='ocrx_word' id='word_1_131' title='bbox 681 1641 811 1676; x_wconf 81' lang='lat' dir='ltr'>Anagni,</span> <span class='ocrx_word' id='word_1_132' title='bbox 828 1641 862 1668; x_wconf 74' lang='lat'>12</span> <span class='ocrx_word' id='word_1_133' title='bbox 882 1641 999 1669; x_wconf 84' lang='lat' dir='ltr'>octobre</span> <span class='ocrx_word' id='word_1_134' title='bbox 1016 1641 1095 1669; x_wconf 74' lang='lat'><strong>1232.</strong></span> 
     </span>
    </p>
   </div>
   <div class='ocr_carea' id='block_1_7' title="bbox 152 1702 1172 2225">
    <p class='ocr_par' dir='ltr' id='par_1_7' title="bbox 152 1702 1172 2225">
     <span class='ocr_line' id='line_1_21' title="bbox 189 1702 1171 1739; baseline -0.001 -8"><span class='ocrx_word' id='word_1_135' title='bbox 189 1703 336 1739; x_wconf 88' lang='lat' dir='ltr'>Episcopo</span> <span class='ocrx_word' id='word_1_136' title='bbox 351 1703 501 1735; x_wconf 86' lang='lat' dir='ltr'>Auriensi,</span> <span class='ocrx_word' id='word_1_137' title='bbox 518 1702 627 1730; x_wconf 87' lang='lat' dir='ltr'>decano</span> <span class='ocrx_word' id='word_1_138' title='bbox 643 1702 790 1738; x_wconf 86' lang='lat' dir='ltr'>Burgensi</span> <span class='ocrx_word' id='word_1_139' title='bbox 807 1706 836 1729; x_wconf 88' lang='lat' dir='ltr'>et</span> <span class='ocrx_word' id='word_1_140' title='bbox 855 1704 995 1738; x_wconf 84' lang='lat' dir='ltr'>magistro</span> <span class='ocrx_word' id='word_1_141' title='bbox 1012 1702 1059 1738; x_wconf 73' lang='lat' dir='ltr'>R,</span> <span class='ocrx_word' id='word_1_142' title='bbox 1076 1704 1171 1730; x_wconf 77' lang='lat' dir='ltr'>archi-</span> 
     </span>
     <span class='ocr_line' id='line_1_22' title="bbox 153 1751 1172 1787; baseline 0 -8"><span class='ocrx_word' id='word_1_143' title='bbox 153 1752 274 1780; x_wconf 85' lang='lat' dir='ltr'>diacono</span> <span class='ocrx_word' id='word_1_144' title='bbox 292 1752 327 1778; x_wconf 88' lang='lat' dir='ltr'>de</span> <span class='ocrx_word' id='word_1_145' title='bbox 342 1751 470 1782; x_wconf 80' lang='lat' dir='ltr'>Cerrato,</span> <span class='ocrx_word' id='word_1_146' title='bbox 483 1751 599 1778; x_wconf 85' lang='lat' dir='ltr'>mandat</span> <span class='ocrx_word' id='word_1_147' title='bbox 614 1755 769 1786; x_wconf 85' lang='lat' dir='ltr'>quatenus,</span> <span class='ocrx_word' id='word_1_148' title='bbox 781 1759 847 1778; x_wconf 91' lang='lat' dir='ltr'>cum</span> <span class='ocrx_word' id='word_1_149' title='bbox 859 1759 948 1787; x_wconf 90' lang='lat' dir='ltr'>super</span> <span class='ocrx_word' id='word_1_150' title='bbox 961 1752 1101 1779; x_wconf 82' lang='lat' dir='ltr'>electione</span> <span class='ocrx_word' id='word_1_151' title='bbox 1117 1752 1172 1779; x_wconf 90' lang='lat' dir='ltr'>Le-</span> 
     </span>
     <span class='ocr_line' id='line_1_23' title="bbox 152 1800 1171 1836; baseline 0 -8"><span class='ocrx_word' id='word_1_152' title='bbox 152 1801 303 1836; x_wconf 85' lang='lat' dir='ltr'>gionensis</span> <span class='ocrx_word' id='word_1_153' title='bbox 323 1801 453 1836; x_wconf 82' lang='lat' dir='ltr'>episcopi</span> <span class='ocrx_word' id='word_1_154' title='bbox 473 1801 501 1827; x_wconf 89' lang='lat' dir='ltr'>in</span> <span class='ocrx_word' id='word_1_155' title='bbox 525 1800 597 1827; x_wconf 86' lang='lat' dir='ltr'>duas</span> <span class='ocrx_word' id='word_1_156' title='bbox 618 1804 715 1836; x_wconf 90' lang='lat' dir='ltr'>partes</span> <span class='ocrx_word' id='word_1_157' title='bbox 733 1800 939 1827; x_wconf 78' lang='lat' dir='ltr'>canonicorum</span> <span class='ocrx_word' id='word_1_158' title='bbox 960 1801 1085 1827; x_wconf 83' lang='lat' dir='ltr'>fuissent</span> <span class='ocrx_word' id='word_1_159' title='bbox 1105 1804 1171 1828; x_wconf 87' lang='lat' dir='ltr'>vota</span> 
     </span>
     <span class='ocr_line' id='line_1_24' title="bbox 153 1849 1169 1884; baseline -0.001 -7"><span class='ocrx_word' id='word_1_160' title='bbox 153 1850 261 1881; x_wconf 85' lang='lat' dir='ltr'>divisa,</span> <span class='ocrx_word' id='word_1_161' title='bbox 290 1853 318 1876; x_wconf 90' lang='lat' dir='ltr'>et</span> <span class='ocrx_word' id='word_1_162' title='bbox 340 1850 469 1876; x_wconf 88' lang='lat' dir='ltr'>decanus</span> <span class='ocrx_word' id='word_1_163' title='bbox 492 1849 685 1884; x_wconf 82' lang='lat' dir='ltr'>Legionensis</span> <span class='ocrx_word' id='word_1_164' title='bbox 707 1857 772 1876; x_wconf 91' lang='lat' dir='ltr'>cum</span> <span class='ocrx_word' id='word_1_165' title='bbox 798 1853 879 1884; x_wconf 86' lang='lat' dir='ltr'>parte</span> <span class='ocrx_word' id='word_1_166' title='bbox 901 1857 954 1876; x_wconf 89' lang='lat' dir='ltr'>sua</span> <span class='ocrx_word' id='word_1_167' title='bbox 979 1850 1008 1876; x_wconf 93' lang='lat' dir='ltr'>in</span> <span class='ocrx_word' id='word_1_168' title='bbox 1035 1850 1169 1884; x_wconf 90' lang='lat' dir='ltr'>propriis,</span> 
     </span>
     <span class='ocr_line' id='line_1_25' title="bbox 153 1898 1170 1934; baseline 0 -9"><span class='ocrx_word' id='word_1_169' title='bbox 153 1904 358 1934; x_wconf 83' lang='lat' dir='ltr'>procuratores</span> <span class='ocrx_word' id='word_1_170' title='bbox 386 1907 454 1924; x_wconf 73' lang='lat' dir='ltr'>vero</span> <span class='ocrx_word' id='word_1_171' title='bbox 482 1899 572 1933; x_wconf 86' lang='lat' dir='ltr'>partis</span> <span class='ocrx_word' id='word_1_172' title='bbox 595 1898 714 1925; x_wconf 86' lang='lat' dir='ltr'>alterius</span> <span class='ocrx_word' id='word_1_173' title='bbox 735 1898 764 1925; x_wconf 89' lang='lat' dir='ltr'>in</span> <span class='ocrx_word' id='word_1_174' title='bbox 787 1898 923 1932; x_wconf 83' lang='lat' dir='ltr'>expensis</span> <span class='ocrx_word' id='word_1_175' title='bbox 950 1899 1043 1933; x_wconf 88' lang='lat' dir='ltr'>ipsius</span> <span class='ocrx_word' id='word_1_176' title='bbox 1066 1898 1170 1933; x_wconf 88' lang='lat' dir='ltr'>Legio-</span> 
     </span>
     <span class='ocr_line' id='line_1_26' title="bbox 154 1947 1171 1982; baseline 0 -8"><span class='ocrx_word' id='word_1_177' title='bbox 154 1947 255 1974; x_wconf 90' lang='lat' dir='ltr'>nensis</span> <span class='ocrx_word' id='word_1_178' title='bbox 276 1947 416 1974; x_wconf 80' lang='lat' dir='ltr'>ecclesiae</span> <span class='ocrx_word' id='word_1_179' title='bbox 442 1948 590 1982; x_wconf 85' lang='lat' dir='ltr'>negotium</span> <span class='ocrx_word' id='word_1_180' title='bbox 614 1947 762 1982; x_wconf 86' lang='lat' dir='ltr'>prosecuti</span> <span class='ocrx_word' id='word_1_181' title='bbox 778 1950 892 1978; x_wconf 83' lang='lat' dir='ltr'>essent,</span> <span class='ocrx_word' id='word_1_182' title='bbox 909 1955 976 1973; x_wconf 91' lang='lat' dir='ltr'>cum</span> <span class='ocrx_word' id='word_1_183' title='bbox 998 1955 1067 1973; x_wconf 88' lang='lat' dir='ltr'>vero</span> <span class='ocrx_word' id='word_1_184' title='bbox 1086 1955 1171 1974; x_wconf 87' lang='lat' dir='ltr'>nemo</span> 
     </span>
     <span class='ocr_line' id='line_1_27' title="bbox 154 1995 1171 2031; baseline -0.001 -8"><span class='ocrx_word' id='word_1_185' title='bbox 154 2000 275 2031; x_wconf 78' lang='lat' dir='ltr'>cogatur</span> <span class='ocrx_word' id='word_1_186' title='bbox 308 1997 371 2022; x_wconf 91' lang='lat' dir='ltr'>suis</span> <span class='ocrx_word' id='word_1_187' title='bbox 400 1996 555 2030; x_wconf 83' lang='lat' dir='ltr'>stipendiis</span> <span class='ocrx_word' id='word_1_188' title='bbox 586 1996 723 2027; x_wconf 88' lang='lat' dir='ltr'>militare,</span> <span class='ocrx_word' id='word_1_189' title='bbox 746 1995 856 2022; x_wconf 87' lang='lat' dir='ltr'>dictum</span> <span class='ocrx_word' id='word_1_190' title='bbox 881 1995 1023 2022; x_wconf 88' lang='lat' dir='ltr'>decanum</span> <span class='ocrx_word' id='word_1_191' title='bbox 1054 1999 1083 2022; x_wconf 87' lang='lat' dir='ltr'>et</span> <span class='ocrx_word' id='word_1_192' title='bbox 1106 1997 1171 2030; x_wconf 83' lang='lat' dir='ltr'>ejus</span> 
     </span>
     <span class='ocr_line' id='line_1_28' title="bbox 154 2044 1171 2080; baseline -0.002 -8"><span class='ocrx_word' id='word_1_193' title='bbox 154 2045 253 2072; x_wconf 85' lang='lat' dir='ltr'>socios</span> <span class='ocrx_word' id='word_1_194' title='bbox 270 2045 389 2075; x_wconf 82' lang='lat' dir='ltr'>faciant,</span> <span class='ocrx_word' id='word_1_195' title='bbox 410 2045 486 2071; x_wconf 86' lang='lat' dir='ltr'>sicut</span> <span class='ocrx_word' id='word_1_196' title='bbox 503 2045 585 2079; x_wconf 86' lang='lat' dir='ltr'>alios,</span> <span class='ocrx_word' id='word_1_197' title='bbox 601 2048 737 2080; x_wconf 82' lang='lat' dir='ltr'>sumptus</span> <span class='ocrx_word' id='word_1_198' title='bbox 752 2044 857 2071; x_wconf 87' lang='lat' dir='ltr'>habere</span> <span class='ocrx_word' id='word_1_199' title='bbox 877 2044 911 2070; x_wconf 92' lang='lat' dir='ltr'>de</span> <span class='ocrx_word' id='word_1_200' title='bbox 932 2044 1016 2071; x_wconf 89' lang='lat' dir='ltr'>bonis</span> <span class='ocrx_word' id='word_1_201' title='bbox 1031 2044 1171 2071; x_wconf 84' lang='lat' dir='ltr'>ecclesiae</span> 
     </span>
     <span class='ocr_line' id='line_1_29' title="bbox 155 2092 1172 2128; baseline -0.001 -8"><span class='ocrx_word' id='word_1_202' title='bbox 155 2098 344 2124; x_wconf 76' lang='lat' dir='ltr'>memoratae,</span> <span class='ocrx_word' id='word_1_203' title='bbox 371 2097 400 2119; x_wconf 88' lang='lat' dir='ltr'>et</span> <span class='ocrx_word' id='word_1_204' title='bbox 420 2093 576 2120; x_wconf 87' lang='lat' dir='ltr'>moderatis</span> <span class='ocrx_word' id='word_1_205' title='bbox 597 2094 735 2128; x_wconf 82' lang='lat' dir='ltr'>expensis</span> <span class='ocrx_word' id='word_1_206' title='bbox 755 2101 806 2128; x_wconf 88' lang='lat' dir='ltr'>pro</span> <span class='ocrx_word' id='word_1_207' title='bbox 826 2100 878 2119; x_wconf 90' lang='lat' dir='ltr'>sex</span> <span class='ocrx_word' id='word_1_208' title='bbox 898 2092 1032 2128; x_wconf 89' lang='lat' dir='ltr'>personis</span> <span class='ocrx_word' id='word_1_209' title='bbox 1052 2095 1080 2119; x_wconf 88' lang='lat' dir='ltr'>et</span> <span class='ocrx_word' id='word_1_210' title='bbox 1099 2101 1172 2128; x_wconf 88' lang='lat' dir='ltr'>qua-</span> 
     </span>
     <span class='ocr_line' id='line_1_30' title="bbox 155 2141 1172 2177; baseline -0.001 -8"><span class='ocrx_word' id='word_1_211' title='bbox 155 2146 222 2170; x_wconf 89' lang='lat' dir='ltr'>tuor</span> <span class='ocrx_word' id='word_1_212' title='bbox 241 2142 442 2169; x_wconf 77' lang='lat' dir='ltr'>evectionibus</span> <span class='ocrx_word' id='word_1_213' title='bbox 460 2141 612 2169; x_wconf 88' lang='lat' dir='ltr'>utroslibet</span> <span class='ocrx_word' id='word_1_214' title='bbox 626 2149 678 2177; x_wconf 86' lang='lat' dir='ltr'>pro</span> <span class='ocrx_word' id='word_1_215' title='bbox 697 2145 778 2177; x_wconf 87' lang='lat' dir='ltr'>parte</span> <span class='ocrx_word' id='word_1_216' title='bbox 795 2149 848 2168; x_wconf 90' lang='lat' dir='ltr'>sua</span> <span class='ocrx_word' id='word_1_217' title='bbox 870 2149 937 2168; x_wconf 85' lang='lat' dir='ltr'>esse</span> <span class='ocrx_word' id='word_1_218' title='bbox 957 2145 1121 2169; x_wconf 86' lang='lat' dir='ltr'>contentos.</span> <span class='ocrx_word' id='word_1_219' title='bbox 1138 2156 1172 2162; x_wconf 94' lang='lat'>—</span> 
     </span>
     <span class='ocr_line' id='line_1_31' title="bbox 155 2190 744 2225; baseline -0.002 -7"><span class='ocrx_word' id='word_1_220' title='bbox 155 2191 240 2225; x_wconf 80' lang='lat' dir='ltr'>(Rsc.</span> <span class='ocrx_word' id='word_1_221' title='bbox 259 2191 301 2224; x_wconf 85' lang='grc'>16,</span> <span class='ocrx_word' id='word_1_222' title='bbox 319 2191 338 2218; x_wconf 83' lang='lat' dir='ltr'>s.</span> <span class='ocrx_word' id='word_1_223' title='bbox 356 2191 388 2218; x_wconf 77' lang='lat'>44</span> <span class='ocrx_word' id='word_1_224' title='bbox 406 2198 452 2223; x_wconf 68' lang='lat' dir='ltr'>vo,</span> <span class='ocrx_word' id='word_1_225' title='bbox 470 2199 536 2218; x_wconf 84' lang='lat' dir='ltr'>ann.</span> <span class='ocrx_word' id='word_1_226' title='bbox 555 2190 608 2222; x_wconf 87' lang='lat' dir='ltr'>VI,</span> <span class='ocrx_word' id='word_1_227' title='bbox 627 2198 652 2218; x_wconf 88' lang='lat' dir='ltr'>c.</span> <span class='ocrx_word' id='word_1_228' title='bbox 671 2190 744 2224; x_wconf 87' lang='lat'><strong>133.)</strong></span> 
     </span>
    </p>
   </div>
   <div class='ocr_carea' id='block_1_8' title="bbox 200 2293 1172 2331">
    <p class='ocr_par' dir='ltr' id='par_1_8' title="bbox 200 2293 1172 2331">
     <span class='ocr_line' id='line_1_32' title="bbox 200 2293 1172 2331; baseline -0.001 -9"><span class='ocrx_word' id='word_1_229' title='bbox 200 2305 213 2320; x_wconf 93' lang='lat'>«</span> <span class='ocrx_word' id='word_1_230' title='bbox 234 2316 253 2322; x_wconf 96' lang='lat'>..</span> <span class='ocrx_word' id='word_1_231' title='bbox 272 2295 406 2331; x_wconf 78' lang='lat' dir='ltr'>episcopo</span> <span class='ocrx_word' id='word_1_232' title='bbox 425 2294 588 2329; x_wconf 76' lang='lat' dir='ltr'>Auriensi,</span> <span class='ocrx_word' id='word_1_233' title='bbox 612 2316 632 2322; x_wconf 86' lang='lat'>..</span> <span class='ocrx_word' id='word_1_234' title='bbox 657 2293 768 2323; x_wconf 75' lang='lat' dir='ltr'>decano</span> <span class='ocrx_word' id='word_1_235' title='bbox 790 2293 953 2330; x_wconf 75' lang='lat' dir='ltr'>Buryensi,</span> <span class='ocrx_word' id='word_1_236' title='bbox 979 2298 1004 2322; x_wconf 78' lang='lat' dir='ltr'>et</span> <span class='ocrx_word' id='word_1_237' title='bbox 1025 2293 1172 2330; x_wconf 65' lang='lat' dir='ltr'>magistro</span> 
     </span>
    </p>
   </div>
   <div class='ocr_carea' id='block_1_9' title="bbox 157 2345 1173 2483">
    <p class='ocr_par' dir='ltr' id='par_1_9' title="bbox 157 2345 1173 2483">
     <span class='ocr_line' id='line_1_33' title="bbox 157 2345 1173 2384; baseline -0.001 -8"><span class='ocrx_word' id='word_1_238' title='bbox 157 2347 204 2382; x_wconf 56' lang='lat' dir='ltr'>F„</span> <span class='ocrx_word' id='word_1_239' title='bbox 222 2347 442 2376; x_wconf 77' lang='lat' dir='ltr'>archidiacono</span> <span class='ocrx_word' id='word_1_240' title='bbox 458 2347 491 2375; x_wconf 74' lang='lat' dir='ltr'>cle</span> <span class='ocrx_word' id='word_1_241' title='bbox 507 2346 670 2384; x_wconf 75' lang='lat' dir='ltr'>Cerr[alo],</span> <span class='ocrx_word' id='word_1_242' title='bbox 689 2347 849 2376; x_wconf 70' lang='lat' dir='ltr'>Palantin&#39;e</span> <span class='ocrx_word' id='word_1_243' title='bbox 864 2345 996 2375; x_wconf 78' lang='lat' dir='ltr'>diocesis.</span> <span class='ocrx_word' id='word_1_244' title='bbox 1016 2345 1101 2376; x_wconf 90' lang='lat' dir='ltr'>Cum</span> <span class='ocrx_word' id='word_1_245' title='bbox 1116 2353 1173 2375; x_wconf 88' lang='lat' dir='ltr'>su-</span> 
     </span>
     <span class='ocr_line' id='line_1_34' title="bbox 157 2398 1173 2439; baseline -0.001 -10"><span class='ocrx_word' id='word_1_246' title='bbox 157 2408 216 2439; x_wconf 88' lang='lat' dir='ltr'>per</span> <span class='ocrx_word' id='word_1_247' title='bbox 231 2399 394 2430; x_wconf 81' lang='lat' dir='ltr'>electione</span> <span class='ocrx_word' id='word_1_248' title='bbox 405 2417 454 2429; x_wconf 89' lang='lat'>—.</span> <span class='ocrx_word' id='word_1_249' title='bbox 468 2400 541 2430; x_wconf 85' lang='lat' dir='ltr'>Dat.</span> <span class='ocrx_word' id='word_1_250' title='bbox 555 2398 719 2438; x_wconf 81' lang='lat' dir='ltr'>Anagnie,</span> <span class='ocrx_word' id='word_1_251' title='bbox 737 2399 806 2429; x_wconf 94' lang='lat' dir='ltr'>IIII</span> <span class='ocrx_word' id='word_1_252' title='bbox 821 2398 897 2429; x_wconf 90' lang='lat' dir='ltr'>idus</span> <span class='ocrx_word' id='word_1_253' title='bbox 913 2398 1068 2434; x_wconf 77' lang='lat' dir='ltr'>octobris,</span> <span class='ocrx_word' id='word_1_254' title='bbox 1086 2406 1173 2428; x_wconf 83' lang='lat' dir='ltr'>anno</span> 
     </span>
     <span class='ocr_line' id='line_1_35' title="bbox 158 2457 293 2483; baseline -0.007 0"><span class='ocrx_word' id='word_1_255' title='bbox 158 2457 260 2483; x_wconf 78' lang='lat' dir='ltr'>sexto.</span> <span class='ocrx_word' id='word_1_256' title='bbox 281 2465 293 2479; x_wconf 72' lang='lat'>1&gt;</span> 
     </span>
    </p>
   </div>
   <div class='ocr_carea' id='block_1_10' title="bbox 229 2623 1105 2661">
    <p class='ocr_par' dir='ltr' id='par_1_10' title="bbox 229 2623 1105 2661">
     <span class='ocr_line' id='line_1_36' title="bbox 229 2623 1105 2661; baseline -0.003 -7"><span class='ocrx_word' id='word_1_257' title='bbox 229 2625 318 2654; x_wconf 67' lang='lat'>823</span> <span class='ocrx_word' id='word_1_258' title='bbox 695 2625 823 2661; x_wconf 89' lang='lat' dir='ltr'>Anagni,</span> <span class='ocrx_word' id='word_1_259' title='bbox 840 2624 875 2652; x_wconf 73' lang='lat'>20</span> <span class='ocrx_word' id='word_1_260' title='bbox 890 2625 1009 2652; x_wconf 86' lang='lat' dir='ltr'>octobre</span> <span class='ocrx_word' id='word_1_261' title='bbox 1026 2623 1105 2652; x_wconf 74' lang='lat'><strong>1232.</strong></span> 
     </span>
    </p>
   </div>
   <div class='ocr_carea' id='block_1_11' title="bbox 161 2685 1182 3013">
    <p class='ocr_par' dir='ltr' id='par_1_11' title="bbox 161 2685 1182 3013">
     <span class='ocr_line' id='line_1_37' title="bbox 196 2685 1178 2722; baseline -0.001 -9"><span class='ocrx_word' id='word_1_262' title='bbox 196 2686 342 2722; x_wconf 81' lang='lat' dir='ltr'>Episcopo</span> <span class='ocrx_word' id='word_1_263' title='bbox 370 2686 516 2714; x_wconf 85' lang='lat' dir='ltr'>Brixiensi</span> <span class='ocrx_word' id='word_1_264' title='bbox 540 2687 657 2714; x_wconf 86' lang='lat' dir='ltr'>mandat</span> <span class='ocrx_word' id='word_1_265' title='bbox 683 2691 843 2722; x_wconf 82' lang='lat' dir='ltr'>quatenus,</span> <span class='ocrx_word' id='word_1_266' title='bbox 873 2693 940 2713; x_wconf 89' lang='lat' dir='ltr'>cum</span> <span class='ocrx_word' id='word_1_267' title='bbox 969 2685 1178 2713; x_wconf 83' lang='lat' dir='ltr'>monasterium</span> 
     </span>
     <span class='ocr_line' id='line_1_38' title="bbox 162 2733 1178 2770; baseline -0.002 -8"><span class='ocrx_word' id='word_1_268' title='bbox 162 2734 260 2762; x_wconf 78' lang='lat' dir='ltr'>Sancti</span> <span class='ocrx_word' id='word_1_269' title='bbox 277 2734 395 2762; x_wconf 87' lang='lat' dir='ltr'>Genesii</span> <span class='ocrx_word' id='word_1_270' title='bbox 412 2735 446 2761; x_wconf 89' lang='lat' dir='ltr'>de</span> <span class='ocrx_word' id='word_1_271' title='bbox 463 2735 597 2770; x_wconf 70' lang='lat' dir='ltr'>Bet-sillo,</span> <span class='ocrx_word' id='word_1_272' title='bbox 615 2734 782 2763; x_wconf 81' lang='lat' dir='ltr'>Parmensis</span> <span class='ocrx_word' id='word_1_273' title='bbox 796 2734 949 2766; x_wconf 85' lang='lat' dir='ltr'>dioecesis,</span> <span class='ocrx_word' id='word_1_274' title='bbox 966 2734 1001 2761; x_wconf 86' lang='lat' dir='ltr'>ad</span> <span class='ocrx_word' id='word_1_275' title='bbox 1017 2733 1178 2761; x_wconf 79' lang='lat' dir='ltr'>Romanam</span> 
     </span>
     <span class='ocr_line' id='line_1_39' title="bbox 161 2781 1180 2819; baseline -0.001 -9"><span class='ocrx_word' id='word_1_276' title='bbox 161 2782 322 2811; x_wconf 80' lang='lat' dir='ltr'>Ecclesiam</span> <span class='ocrx_word' id='word_1_277' title='bbox 340 2783 418 2810; x_wconf 88' lang='lat' dir='ltr'>nullo</span> <span class='ocrx_word' id='word_1_278' title='bbox 435 2783 529 2810; x_wconf 87' lang='lat' dir='ltr'>medio</span> <span class='ocrx_word' id='word_1_279' title='bbox 548 2783 706 2819; x_wconf 79' lang='lat' dir='ltr'>pertinens,</span> <span class='ocrx_word' id='word_1_280' title='bbox 719 2787 836 2819; x_wconf 84' lang='lat' dir='ltr'>propter</span> <span class='ocrx_word' id='word_1_281' title='bbox 851 2783 1069 2810; x_wconf 83' lang='lat' dir='ltr'>inundationem</span> <span class='ocrx_word' id='word_1_282' title='bbox 1083 2781 1180 2809; x_wconf 84' lang='lat' dir='ltr'>flumi-</span> 
     </span>
     <span class='ocr_line' id='line_1_40' title="bbox 163 2830 1180 2866; baseline -0.001 -8"><span class='ocrx_word' id='word_1_283' title='bbox 163 2832 210 2859; x_wconf 85' lang='lat' dir='ltr'>nis</span> <span class='ocrx_word' id='word_1_284' title='bbox 225 2831 382 2858; x_wconf 88' lang='lat' dir='ltr'>dessuentis</span> <span class='ocrx_word' id='word_1_285' title='bbox 398 2832 433 2858; x_wconf 86' lang='lat' dir='ltr'>ad</span> <span class='ocrx_word' id='word_1_286' title='bbox 448 2831 528 2866; x_wconf 87' lang='lat' dir='ltr'>illud,</span> <span class='ocrx_word' id='word_1_287' title='bbox 545 2839 635 2866; x_wconf 85' lang='lat' dir='ltr'>paene</span> <span class='ocrx_word' id='word_1_288' title='bbox 650 2832 768 2858; x_wconf 86' lang='lat' dir='ltr'>omnino</span> <span class='ocrx_word' id='word_1_289' title='bbox 783 2834 862 2858; x_wconf 85' lang='lat' dir='ltr'>esset</span> <span class='ocrx_word' id='word_1_290' title='bbox 877 2830 1062 2865; x_wconf 84' lang='lat' dir='ltr'>subversum,</span> <span class='ocrx_word' id='word_1_291' title='bbox 1078 2838 1180 2865; x_wconf 86' lang='lat' dir='ltr'>perso-</span> 
     </span>
     <span class='ocr_line' id='line_1_41' title="bbox 164 2878 1182 2915; baseline -0.001 -8"><span class='ocrx_word' id='word_1_292' title='bbox 164 2880 265 2907; x_wconf 83' lang='lat' dir='ltr'>naliter</span> <span class='ocrx_word' id='word_1_293' title='bbox 277 2879 312 2907; x_wconf 86' lang='lat' dir='ltr'>ad</span> <span class='ocrx_word' id='word_1_294' title='bbox 328 2881 422 2907; x_wconf 90' lang='lat' dir='ltr'>locum</span> <span class='ocrx_word' id='word_1_295' title='bbox 439 2880 535 2915; x_wconf 86' lang='lat' dir='ltr'>ipsum</span> <span class='ocrx_word' id='word_1_296' title='bbox 551 2879 708 2914; x_wconf 83' lang='lat' dir='ltr'>accedens,</span> <span class='ocrx_word' id='word_1_297' title='bbox 725 2880 751 2907; x_wconf 85' lang='lat' dir='ltr'>si</span> <span class='ocrx_word' id='word_1_298' title='bbox 772 2880 799 2907; x_wconf 88' lang='lat' dir='ltr'>ei</span> <span class='ocrx_word' id='word_1_299' title='bbox 817 2879 980 2907; x_wconf 85' lang='lat' dir='ltr'>constiterit</span> <span class='ocrx_word' id='word_1_300' title='bbox 999 2878 1075 2914; x_wconf 91' lang='lat' dir='ltr'>quod</span> <span class='ocrx_word' id='word_1_301' title='bbox 1092 2879 1182 2906; x_wconf 83' lang='lat' dir='ltr'>abbas</span> 
     </span>
     <span class='ocr_line' id='line_1_42' title="bbox 164 2927 1182 2964; baseline -0.002 -8"><span class='ocrx_word' id='word_1_302' title='bbox 164 2933 193 2956; x_wconf 86' lang='lat' dir='ltr'>et</span> <span class='ocrx_word' id='word_1_303' title='bbox 215 2932 378 2956; x_wconf 82' lang='lat' dir='ltr'>conventus</span> <span class='ocrx_word' id='word_1_304' title='bbox 401 2929 470 2956; x_wconf 92' lang='lat' dir='ltr'>dicti</span> <span class='ocrx_word' id='word_1_305' title='bbox 491 2929 659 2956; x_wconf 85' lang='lat' dir='ltr'>monasterii</span> <span class='ocrx_word' id='word_1_306' title='bbox 677 2928 784 2956; x_wconf 88' lang='lat' dir='ltr'>ibidem</span> <span class='ocrx_word' id='word_1_307' title='bbox 806 2929 958 2964; x_wconf 84' lang='lat' dir='ltr'>nequirent</span> <span class='ocrx_word' id='word_1_308' title='bbox 975 2929 1038 2955; x_wconf 90' lang='lat' dir='ltr'>sine</span> <span class='ocrx_word' id='word_1_309' title='bbox 1053 2927 1182 2963; x_wconf 87' lang='lat' dir='ltr'>periculo</span> 
     </span>
     <span class='ocr_line' id='line_1_43' title="bbox 166 2975 1182 3013; baseline -0.002 -8"><span class='ocrx_word' id='word_1_310' title='bbox 166 2985 326 3009; x_wconf 83' lang='lat' dir='ltr'>remanere,</span> <span class='ocrx_word' id='word_1_311' title='bbox 336 2981 365 3004; x_wconf 88' lang='lat' dir='ltr'>et</span> <span class='ocrx_word' id='word_1_312' title='bbox 382 2977 463 3004; x_wconf 86' lang='lat' dir='ltr'>locus</span> <span class='ocrx_word' id='word_1_313' title='bbox 479 2977 611 3012; x_wconf 87' lang='lat' dir='ltr'>religioni</span> <span class='ocrx_word' id='word_1_314' title='bbox 626 2980 704 3005; x_wconf 86' lang='lat' dir='ltr'>esset</span> <span class='ocrx_word' id='word_1_315' title='bbox 718 2980 898 3013; x_wconf 85' lang='lat' dir='ltr'>competens,</span> <span class='ocrx_word' id='word_1_316' title='bbox 915 2976 950 3004; x_wconf 86' lang='lat' dir='ltr'>ad</span> <span class='ocrx_word' id='word_1_317' title='bbox 966 2985 1052 3012; x_wconf 87' lang='lat' dir='ltr'>quem</span> <span class='ocrx_word' id='word_1_318' title='bbox 1067 2975 1182 3004; x_wconf 89' lang='lat' dir='ltr'>deside-</span> 
     </span>
    </p>
   </div>
   <div class='ocr_carea' id='block_1_12' title="bbox 1246 376 2260 507">
    <p class='ocr_par' dir='ltr' id='par_1_12' title="bbox 1246 376 2260 507">
     <span class='ocr_line' id='line_1_44' title="bbox 1247 376 2259 411; baseline 0.002 -9"><span class='ocrx_word' id='word_1_319' title='bbox 1247 379 1342 402; x_wconf 82' lang='lat' dir='ltr'>rarent</span> <span class='ocrx_word' id='word_1_320' title='bbox 1357 384 1389 402; x_wconf 89' lang='lat' dir='ltr'>se</span> <span class='ocrx_word' id='word_1_321' title='bbox 1403 377 1567 409; x_wconf 80' lang='lat' dir='ltr'>transferre,</span> <span class='ocrx_word' id='word_1_322' title='bbox 1580 377 1656 409; x_wconf 81' lang='lat' dir='ltr'>illuc,</span> <span class='ocrx_word' id='word_1_323' title='bbox 1670 377 1735 403; x_wconf 85' lang='lat' dir='ltr'>dato</span> <span class='ocrx_word' id='word_1_324' title='bbox 1752 377 1794 402; x_wconf 86' lang='lat' dir='ltr'>eis</span> <span class='ocrx_word' id='word_1_325' title='bbox 1811 377 1945 410; x_wconf 86' lang='lat' dir='ltr'>primario</span> <span class='ocrx_word' id='word_1_326' title='bbox 1963 376 2054 410; x_wconf 81' lang='lat' dir='ltr'>lapide</span> <span class='ocrx_word' id='word_1_327' title='bbox 2072 385 2121 411; x_wconf 83' lang='lat' dir='ltr'>pro</span> <span class='ocrx_word' id='word_1_328' title='bbox 2137 377 2259 404; x_wconf 85' lang='lat' dir='ltr'>ecclesia</span> 
     </span>
     <span class='ocr_line' id='line_1_45' title="bbox 1247 424 2260 455; baseline 0.002 -5"><span class='ocrx_word' id='word_1_329' title='bbox 1247 424 1314 450; x_wconf 88' lang='lat' dir='ltr'>inibi</span> <span class='ocrx_word' id='word_1_330' title='bbox 1341 424 1551 455; x_wconf 88' lang='lat' dir='ltr'>construenda,</span> <span class='ocrx_word' id='word_1_331' title='bbox 1578 425 1731 451; x_wconf 81' lang='lat' dir='ltr'>transferat</span> <span class='ocrx_word' id='word_1_332' title='bbox 1757 425 1963 451; x_wconf 85' lang='lat' dir='ltr'>monasterium</span> <span class='ocrx_word' id='word_1_333' title='bbox 1994 429 2193 452; x_wconf 86' lang='lat' dir='ltr'>memoratum.</span> <span class='ocrx_word' id='word_1_334' title='bbox 2226 439 2260 446; x_wconf 91' lang='lat'><strong>—</strong></span> 
     </span>
     <span class='ocr_line' id='line_1_46' title="bbox 1246 474 1830 507; baseline -0.002 -5"><span class='ocrx_word' id='word_1_335' title='bbox 1246 474 1328 507; x_wconf 69' lang='lat' dir='ltr'>(Rae.</span> <span class='ocrx_word' id='word_1_336' title='bbox 1351 476 1390 507; x_wconf 79' lang='lat'>16.</span> <span class='ocrx_word' id='word_1_337' title='bbox 1408 475 1427 501; x_wconf 81' lang='lat' dir='ltr'>f.</span> <span class='ocrx_word' id='word_1_338' title='bbox 1446 475 1477 501; x_wconf 86' lang='lat'>44</span> <span class='ocrx_word' id='word_1_339' title='bbox 1495 482 1538 505; x_wconf 85' lang='lat' dir='ltr'>v⁰;</span> <span class='ocrx_word' id='word_1_340' title='bbox 1557 483 1623 502; x_wconf 88' lang='lat' dir='ltr'>ann.</span> <span class='ocrx_word' id='word_1_341' title='bbox 1642 474 1693 507; x_wconf 86' lang='lat' dir='ltr'>VI,</span> <span class='ocrx_word' id='word_1_342' title='bbox 1711 483 1736 502; x_wconf 89' lang='lat' dir='ltr'>c.</span> <span class='ocrx_word' id='word_1_343' title='bbox 1761 476 1830 507; x_wconf 82' lang='grc'>134.)</span> 
     </span>
    </p>
   </div>
   <div class='ocr_carea' id='block_1_13' title="bbox 1247 576 2259 666">
    <p class='ocr_par' dir='ltr' id='par_1_13' title="bbox 1247 576 2259 666">
     <span class='ocr_line' id='line_1_47' title="bbox 1289 576 2259 614; baseline 0.002 -9"><span class='ocrx_word' id='word_1_344' title='bbox 1289 588 1302 602; x_wconf 90' lang='lat'>«</span> <span class='ocrx_word' id='word_1_345' title='bbox 1324 599 1342 604; x_wconf 89' lang='lat'>..</span> <span class='ocrx_word' id='word_1_346' title='bbox 1360 577 1495 614; x_wconf 80' lang='lat' dir='ltr'>episcopo</span> <span class='ocrx_word' id='word_1_347' title='bbox 1514 577 1681 605; x_wconf 78' lang='lat' dir='ltr'>Brioeiensi.</span> <span class='ocrx_word' id='word_1_348' title='bbox 1703 576 1748 605; x_wconf 81' lang='lat' dir='ltr'>Ex</span> <span class='ocrx_word' id='word_1_349' title='bbox 1768 580 1860 614; x_wconf 81' lang='lat' dir='ltr'>parte</span> <span class='ocrx_word' id='word_1_350' title='bbox 1881 576 2102 614; x_wconf 76' lang='lat' dir='ltr'>‹lilect[orum]</span> <span class='ocrx_word' id='word_1_351' title='bbox 2118 593 2168 607; x_wconf 90' lang='grc'>-.</span> <span class='ocrx_word' id='word_1_352' title='bbox 2184 578 2259 608; x_wconf 86' lang='lat' dir='ltr'>Dat.</span> 
     </span>
     <span class='ocr_line' id='line_1_48' title="bbox 1247 628 2158 666; baseline -0.002 -8"><span class='ocrx_word' id='word_1_353' title='bbox 1247 628 1411 666; x_wconf 76' lang='lat' dir='ltr'>Anagnie,</span> <span class='ocrx_word' id='word_1_354' title='bbox 1427 629 1511 658; x_wconf 85' lang='lat' dir='ltr'>XIII</span> <span class='ocrx_word' id='word_1_355' title='bbox 1527 628 1687 658; x_wconf 83' lang='lat' dir='ltr'>kalendas</span> <span class='ocrx_word' id='word_1_356' title='bbox 1702 628 1903 663; x_wconf 81' lang='lat' dir='ltr'>novembris,</span> <span class='ocrx_word' id='word_1_357' title='bbox 1920 638 2006 659; x_wconf 86' lang='lat' dir='ltr'>anno</span> <span class='ocrx_word' id='word_1_358' title='bbox 2023 634 2124 660; x_wconf 75' lang='lat' dir='ltr'>sexto.</span> <span class='ocrx_word' id='word_1_359' title='bbox 2145 642 2158 656; x_wconf 88' lang='lat'>»</span> 
     </span>
    </p>
   </div>
   <div class='ocr_carea' id='block_1_14' title="bbox 1318 798 1409 827">
    <p class='ocr_par' dir='ltr' id='par_1_14' title="bbox 1318 798 1409 827">
     <span class='ocr_line' id='line_1_49' title="bbox 1318 798 1409 827; baseline 0.011 -1"><span class='ocrx_word' id='word_1_360' title='bbox 1318 798 1409 827; x_wconf 64' lang='lat'>924</span> 
     </span>
    </p>
   </div>
   <div class='ocr_carea' id='block_1_15' title="bbox 1245 860 2264 1139">
    <p class='ocr_par' dir='ltr' id='par_1_15' title="bbox 1245 860 2264 1139">
     <span class='ocr_line' id='line_1_50' title="bbox 1283 860 2264 897; baseline 0.002 -10"><span class='ocrx_word' id='word_1_361' title='bbox 1283 860 1472 893; x_wconf 82' lang='lat' dir='ltr'>Fridericum,</span> <span class='ocrx_word' id='word_1_362' title='bbox 1490 860 1688 887; x_wconf 89' lang='lat' dir='ltr'>Romanorum</span> <span class='ocrx_word' id='word_1_363' title='bbox 1705 861 1919 895; x_wconf 73' lang='lat' dir='ltr'>imperatorem,</span> <span class='ocrx_word' id='word_1_364' title='bbox 1938 865 2019 895; x_wconf 79' lang='lat' dir='ltr'>rogat</span> <span class='ocrx_word' id='word_1_365' title='bbox 2035 865 2063 888; x_wconf 85' lang='lat' dir='ltr'>et</span> <span class='ocrx_word' id='word_1_366' title='bbox 2079 865 2176 889; x_wconf 85' lang='lat' dir='ltr'>monet</span> <span class='ocrx_word' id='word_1_367' title='bbox 2191 870 2264 897; x_wconf 81' lang='lat' dir='ltr'>qua-</span> 
     </span>
     <span class='ocr_line' id='line_1_51' title="bbox 1247 904 2262 946; baseline 0.002 -10"><span class='ocrx_word' id='word_1_368' title='bbox 1247 914 1332 937; x_wconf 86' lang='lat' dir='ltr'>tenus</span> <span class='ocrx_word' id='word_1_369' title='bbox 1348 909 1484 945; x_wconf 84' lang='lat' dir='ltr'>potestati</span> <span class='ocrx_word' id='word_1_370' title='bbox 1500 912 1528 936; x_wconf 89' lang='lat' dir='ltr'>et</span> <span class='ocrx_word' id='word_1_371' title='bbox 1541 909 1648 944; x_wconf 90' lang='lat' dir='ltr'>populo</span> <span class='ocrx_word' id='word_1_372' title='bbox 1660 908 1897 936; x_wconf 74' lang='lat' dir='ltr'>viterbiensibus</span> <span class='ocrx_word' id='word_1_373' title='bbox 1914 910 2047 944; x_wconf 84' lang='lat' dir='ltr'>injungat</span> <span class='ocrx_word' id='word_1_374' title='bbox 2059 914 2090 937; x_wconf 87' lang='lat' dir='ltr'>ut</span> <span class='ocrx_word' id='word_1_375' title='bbox 2099 904 2262 946; x_wconf 75' lang='lat' dir='ltr'>Tlhomael,</span> 
     </span>
     <span class='ocr_line' id='line_1_52' title="bbox 1246 957 2263 995; baseline 0.002 -10"><span class='ocrx_word' id='word_1_376' title='bbox 1246 958 1321 986; x_wconf 85' lang='lat' dir='ltr'>tituli</span> <span class='ocrx_word' id='word_1_377' title='bbox 1349 957 1472 985; x_wconf 86' lang='lat' dir='ltr'>Sanctae</span> <span class='ocrx_word' id='word_1_378' title='bbox 1501 957 1625 984; x_wconf 85' lang='lat' dir='ltr'>Sabinae</span> <span class='ocrx_word' id='word_1_379' title='bbox 1654 958 1824 993; x_wconf 74' lang='lat' dir='ltr'>presbytero</span> <span class='ocrx_word' id='word_1_380' title='bbox 1850 959 1997 990; x_wconf 82' lang='lat' dir='ltr'>cardinali,</span> <span class='ocrx_word' id='word_1_381' title='bbox 2026 963 2053 985; x_wconf 87' lang='lat' dir='ltr'>et</span> <span class='ocrx_word' id='word_1_382' title='bbox 2079 959 2263 995; x_wconf 70' lang='lat' dir='ltr'>RIaynafflol,</span> 
     </span>
     <span class='ocr_line' id='line_1_53' title="bbox 1247 1006 2263 1042; baseline 0.001 -8"><span class='ocrx_word' id='word_1_383' title='bbox 1247 1008 1338 1035; x_wconf 88' lang='lat' dir='ltr'>electo</span> <span class='ocrx_word' id='word_1_384' title='bbox 1358 1007 1504 1038; x_wconf 80' lang='lat' dir='ltr'>Ostiensi,</span> <span class='ocrx_word' id='word_1_385' title='bbox 1522 1015 1597 1041; x_wconf 87' lang='lat' dir='ltr'>quos</span> <span class='ocrx_word' id='word_1_386' title='bbox 1617 1006 1652 1033; x_wconf 87' lang='lat' dir='ltr'>ad</span> <span class='ocrx_word' id='word_1_387' title='bbox 1671 1014 1722 1033; x_wconf 88' lang='lat' dir='ltr'>eos</span> <span class='ocrx_word' id='word_1_388' title='bbox 1738 1015 1790 1042; x_wconf 90' lang='lat' dir='ltr'>pro</span> <span class='ocrx_word' id='word_1_389' title='bbox 1806 1015 1877 1042; x_wconf 83' lang='lat' dir='ltr'>pace</span> <span class='ocrx_word' id='word_1_390' title='bbox 1893 1016 1958 1034; x_wconf 90' lang='lat' dir='ltr'>cum</span> <span class='ocrx_word' id='word_1_391' title='bbox 1976 1008 2118 1035; x_wconf 85' lang='lat' dir='ltr'>Romanis</span> <span class='ocrx_word' id='word_1_392' title='bbox 2133 1008 2263 1035; x_wconf 81' lang='lat' dir='ltr'>facienda</span> 
     </span>
     <span class='ocr_line' id='line_1_54' title="bbox 1245 1055 2261 1091; baseline 0.001 -9"><span class='ocrx_word' id='word_1_393' title='bbox 1245 1057 1308 1091; x_wconf 89' lang='lat' dir='ltr'>ipse</span> <span class='ocrx_word' id='word_1_394' title='bbox 1325 1065 1397 1091; x_wconf 85' lang='lat' dir='ltr'>papa</span> <span class='ocrx_word' id='word_1_395' title='bbox 1415 1055 1536 1087; x_wconf 85' lang='lat' dir='ltr'>miserit,</span> <span class='ocrx_word' id='word_1_396' title='bbox 1558 1055 1711 1090; x_wconf 87' lang='lat' dir='ltr'>diligenter</span> <span class='ocrx_word' id='word_1_397' title='bbox 1734 1060 1864 1091; x_wconf 86' lang='lat' dir='ltr'>pareant.</span> <span class='ocrx_word' id='word_1_398' title='bbox 1883 1070 1918 1076; x_wconf 94' lang='lat'>—</span> <span class='ocrx_word' id='word_1_399' title='bbox 1941 1056 2028 1091; x_wconf 65' lang='lat' dir='ltr'>(Rau.</span> <span class='ocrx_word' id='word_1_400' title='bbox 2056 1057 2095 1090; x_wconf 80' lang='lat'>16,</span> <span class='ocrx_word' id='word_1_401' title='bbox 2118 1057 2137 1083; x_wconf 73' lang='grc' dir='ltr'>ἰ.</span> <span class='ocrx_word' id='word_1_402' title='bbox 2160 1057 2193 1084; x_wconf 92' lang='grc'>44</span> <span class='ocrx_word' id='word_1_403' title='bbox 2213 1063 2261 1091; x_wconf 76' lang='lat' dir='ltr'>v03</span> 
     </span>
     <span class='ocr_line' id='line_1_55' title="bbox 1245 1103 2174 1139; baseline 0.001 -8"><span class='ocrx_word' id='word_1_404' title='bbox 1245 1113 1312 1131; x_wconf 84' lang='lat' dir='ltr'>anu.</span> <span class='ocrx_word' id='word_1_405' title='bbox 1332 1103 1383 1135; x_wconf 83' lang='lat' dir='ltr'>VI,</span> <span class='ocrx_word' id='word_1_406' title='bbox 1399 1113 1424 1131; x_wconf 88' lang='lat' dir='ltr'>c.</span> <span class='ocrx_word' id='word_1_407' title='bbox 1445 1104 1511 1137; x_wconf 79' lang='lat'><strong>135;</strong></span> <span class='ocrx_word' id='word_1_408' title='bbox 1529 1119 1563 1124; x_wconf 93' lang='lat'>—</span> <span class='ocrx_word' id='word_1_409' title='bbox 1579 1103 1727 1131; x_wconf 69' lang='lat' dir='ltr'>Porrfflsr</span> <span class='ocrx_word' id='word_1_410' title='bbox 1742 1104 1845 1137; x_wconf 55' lang='lat'>9022»,</span> <span class='ocrx_word' id='word_1_411' title='bbox 1866 1120 1896 1124; x_wconf 89' lang='lat'><strong>—</strong></span> <span class='ocrx_word' id='word_1_412' title='bbox 1916 1105 2084 1132; x_wconf 66' lang='lat' dir='ltr'>ltoncunsno</span> <span class='ocrx_word' id='word_1_413' title='bbox 2102 1105 2174 1139; x_wconf 80' lang='lat'>486.)</span> 
     </span>
    </p>
   </div>
   <div class='ocr_carea' id='block_1_16' title="bbox 1777 799 2186 833">
    <p class='ocr_par' dir='ltr' id='par_1_16' title="bbox 1777 799 2186 833">
     <span class='ocr_line' id='line_1_56' title="bbox 1777 799 2186 833; baseline 0.007 -9"><span class='ocrx_word' id='word_1_414' title='bbox 1777 799 1902 833; x_wconf 77' lang='lat' dir='ltr'>Auagni,</span> <span class='ocrx_word' id='word_1_415' title='bbox 1920 799 1950 825; x_wconf 69' lang='lat'>‘21</span> <span class='ocrx_word' id='word_1_416' title='bbox 1971 799 2087 826; x_wconf 86' lang='lat' dir='ltr'>octobre</span> <span class='ocrx_word' id='word_1_417' title='bbox 2109 799 2186 827; x_wconf 74' lang='lat'>¹232.</span> 
     </span>
    </p>
   </div>
   <div class='ocr_carea' id='block_1_17' title="bbox 1245 1207 2262 1395">
    <p class='ocr_par' dir='ltr' id='par_1_17' title="bbox 1245 1207 2262 1395">
     <span class='ocr_line' id='line_1_57' title="bbox 1289 1207 2262 1244; baseline 0.004 -11"><span class='ocrx_word' id='word_1_418' title='bbox 1289 1218 1302 1232; x_wconf 88' lang='lat'>«</span> <span class='ocrx_word' id='word_1_419' title='bbox 1320 1207 1365 1241; x_wconf 84' lang='lat' dir='ltr'>F.,</span> <span class='ocrx_word' id='word_1_420' title='bbox 1388 1207 1597 1235; x_wconf 74' lang='lat' dir='ltr'>Romanorum</span> <span class='ocrx_word' id='word_1_421' title='bbox 1617 1207 1811 1244; x_wconf 73' lang='lat' dir='ltr'>imperatori,</span> <span class='ocrx_word' id='word_1_422' title='bbox 1835 1216 1950 1244; x_wconf 76' lang='lat' dir='ltr'>semper</span> <span class='ocrx_word' id='word_1_423' title='bbox 1969 1212 2114 1244; x_wconf 69' lang='lat' dir='ltr'>auqusto,</span> <span class='ocrx_word' id='word_1_424' title='bbox 2136 1208 2262 1237; x_wconf 81' lang='lat' dir='ltr'>Jerusa-</span> 
     </span>
     <span class='ocr_line' id='line_1_58' title="bbox 1245 1253 2262 1298; baseline 0.002 -10"><span class='ocrx_word' id='word_1_425' title='bbox 1245 1261 1304 1288; x_wconf 79' lang='lat' dir='ltr'>lem</span> <span class='ocrx_word' id='word_1_426' title='bbox 1324 1264 1349 1288; x_wconf 77' lang='lat' dir='ltr'>el</span> <span class='ocrx_word' id='word_1_427' title='bbox 1371 1260 1477 1289; x_wconf 78' lang='lat' dir='ltr'>Sicilie</span> <span class='ocrx_word' id='word_1_428' title='bbox 1495 1260 1560 1296; x_wconf 63' lang='lat' dir='ltr'>regi</span> <span class='ocrx_word' id='word_1_429' title='bbox 1580 1260 1707 1288; x_wconf 74' lang='lat' dir='ltr'>illustri.</span> <span class='ocrx_word' id='word_1_430' title='bbox 1728 1259 1960 1297; x_wconf 70' lang='lat' dir='ltr'>Cogitantiluts</span> <span class='ocrx_word' id='word_1_431' title='bbox 1977 1260 2072 1290; x_wconf 82' lang='lat' dir='ltr'>nobis</span> <span class='ocrx_word' id='word_1_432' title='bbox 2089 1253 2262 1298; x_wconf 76' lang='lat' dir='ltr'>cogitatio-</span> 
     </span>
     <span class='ocr_line' id='line_1_59' title="bbox 1247 1311 2262 1349; baseline 0.001 -7"><span class='ocrx_word' id='word_1_433' title='bbox 1247 1320 1306 1342; x_wconf 90' lang='lat' dir='ltr'>nes</span> <span class='ocrx_word' id='word_1_434' title='bbox 1321 1329 1370 1340; x_wconf 92' lang='lat'>—.</span> <span class='ocrx_word' id='word_1_435' title='bbox 1393 1313 1467 1342; x_wconf 84' lang='lat' dir='ltr'>Dat.</span> <span class='ocrx_word' id='word_1_436' title='bbox 1489 1311 1657 1349; x_wconf 84' lang='lat' dir='ltr'>Anagnie,</span> <span class='ocrx_word' id='word_1_437' title='bbox 1676 1312 1741 1342; x_wconf 88' lang='lat' dir='ltr'>XII</span> <span class='ocrx_word' id='word_1_438' title='bbox 1763 1312 1922 1342; x_wconf 76' lang='lat' dir='ltr'>kalendas</span> <span class='ocrx_word' id='word_1_439' title='bbox 1945 1313 2151 1348; x_wconf 80' lang='lat' dir='ltr'>novembris,</span> <span class='ocrx_word' id='word_1_440' title='bbox 2175 1321 2262 1343; x_wconf 87' lang='lat' dir='ltr'>anno</span> 
     </span>
     <span class='ocr_line' id='line_1_60' title="bbox 1247 1369 1380 1395; baseline 0 -1"><span class='ocrx_word' id='word_1_441' title='bbox 1247 1369 1349 1395; x_wconf 67' lang='lat' dir='ltr'>sexto.</span> <span class='ocrx_word' id='word_1_442' title='bbox 1367 1377 1380 1391; x_wconf 87' lang='lat'>»</span> 
     </span>
    </p>
   </div>
   <div class='ocr_carea' id='block_1_18' title="bbox 1320 1549 2192 1584">
    <p class='ocr_par' dir='ltr' id='par_1_18' title="bbox 1320 1549 2192 1584">
     <span class='ocr_line' id='line_1_61' title="bbox 1320 1549 2192 1584; baseline 0.001 -7"><span class='ocrx_word' id='word_1_443' title='bbox 1320 1549 1409 1578; x_wconf 64' lang='lat'>925</span> <span class='ocrx_word' id='word_1_444' title='bbox 1786 1549 1912 1584; x_wconf 78' lang='lat' dir='ltr'>Anagni,</span> <span class='ocrx_word' id='word_1_445' title='bbox 1933 1550 1961 1576; x_wconf 80' lang='lat'>14</span> <span class='ocrx_word' id='word_1_446' title='bbox 1978 1550 2094 1576; x_wconf 87' lang='lat' dir='ltr'>octobre</span> <span class='ocrx_word' id='word_1_447' title='bbox 2114 1550 2192 1579; x_wconf 71' lang='lat'><strong>1232.</strong></span> 
     </span>
    </p>
   </div>
   <div class='ocr_carea' id='block_1_19' title="bbox 1251 1610 2269 1986">
    <p class='ocr_par' dir='ltr' id='par_1_19' title="bbox 1251 1610 2269 1986">
     <span class='ocr_line' id='line_1_62' title="bbox 1285 1610 2265 1648; baseline 0.002 -10"><span class='ocrx_word' id='word_1_448' title='bbox 1285 1610 1431 1646; x_wconf 89' lang='lat' dir='ltr'>Episcopo</span> <span class='ocrx_word' id='word_1_449' title='bbox 1448 1611 1634 1638; x_wconf 89' lang='lat' dir='ltr'>Gebennensi</span> <span class='ocrx_word' id='word_1_450' title='bbox 1653 1612 1770 1638; x_wconf 83' lang='lat' dir='ltr'>mandat</span> <span class='ocrx_word' id='word_1_451' title='bbox 1785 1615 1930 1646; x_wconf 84' lang='lat' dir='ltr'>quatenus</span> <span class='ocrx_word' id='word_1_452' title='bbox 1945 1612 2139 1647; x_wconf 84' lang='lat' dir='ltr'>indulgentias</span> <span class='ocrx_word' id='word_1_453' title='bbox 2156 1621 2206 1648; x_wconf 87' lang='lat' dir='ltr'>pro</span> <span class='ocrx_word' id='word_1_454' title='bbox 2222 1613 2265 1640; x_wconf 84' lang='lat' dir='ltr'>fa—</span> 
     </span>
     <span class='ocr_line' id='line_1_63' title="bbox 1251 1660 2267 1696; baseline 0 -9"><span class='ocrx_word' id='word_1_455' title='bbox 1251 1660 1329 1687; x_wconf 86' lang='lat' dir='ltr'>brica</span> <span class='ocrx_word' id='word_1_456' title='bbox 1345 1661 1485 1687; x_wconf 83' lang='lat' dir='ltr'>ecclesiae</span> <span class='ocrx_word' id='word_1_457' title='bbox 1503 1660 1717 1692; x_wconf 86' lang='lat' dir='ltr'>Gebennensis,</span> <span class='ocrx_word' id='word_1_458' title='bbox 1735 1668 1808 1695; x_wconf 79' lang='lat' dir='ltr'>quas</span> <span class='ocrx_word' id='word_1_459' title='bbox 1823 1661 1885 1695; x_wconf 89' lang='lat' dir='ltr'>ipse</span> <span class='ocrx_word' id='word_1_460' title='bbox 1902 1662 2059 1695; x_wconf 87' lang='lat' dir='ltr'>episcopus</span> <span class='ocrx_word' id='word_1_461' title='bbox 2074 1661 2267 1696; x_wconf 86' lang='lat' dir='ltr'>suspenderat</span> 
     </span>
     <span class='ocr_line' id='line_1_64' title="bbox 1252 1708 2266 1744; baseline 0 -9"><span class='ocrx_word' id='word_1_462' title='bbox 1252 1709 1288 1735; x_wconf 93' lang='lat' dir='ltr'>ob</span> <span class='ocrx_word' id='word_1_463' title='bbox 1305 1709 1479 1736; x_wconf 86' lang='lat' dir='ltr'>discordiam</span> <span class='ocrx_word' id='word_1_464' title='bbox 1491 1709 1565 1735; x_wconf 88' lang='lat' dir='ltr'>inter</span> <span class='ocrx_word' id='word_1_465' title='bbox 1576 1709 1674 1744; x_wconf 86' lang='lat' dir='ltr'>ipsum</span> <span class='ocrx_word' id='word_1_466' title='bbox 1685 1710 1855 1744; x_wconf 89' lang='lat' dir='ltr'>episcopum</span> <span class='ocrx_word' id='word_1_467' title='bbox 1867 1714 1894 1735; x_wconf 91' lang='lat' dir='ltr'>et</span> <span class='ocrx_word' id='word_1_468' title='bbox 1907 1708 2097 1736; x_wconf 86' lang='lat' dir='ltr'>Gebennense</span> <span class='ocrx_word' id='word_1_469' title='bbox 2109 1709 2266 1744; x_wconf 87' lang='lat' dir='ltr'>capitulum</span> 
     </span>
     <span class='ocr_line' id='line_1_65' title="bbox 1252 1758 2267 1793; baseline -0.001 -8"><span class='ocrx_word' id='word_1_470' title='bbox 1252 1766 1342 1793; x_wconf 85' lang='lat' dir='ltr'>super</span> <span class='ocrx_word' id='word_1_471' title='bbox 1352 1758 1554 1793; x_wconf 85' lang='lat' dir='ltr'>designatione</span> <span class='ocrx_word' id='word_1_472' title='bbox 1571 1759 1734 1785; x_wconf 85' lang='lat' dir='ltr'>collectoris</span> <span class='ocrx_word' id='word_1_473' title='bbox 1749 1758 1998 1793; x_wconf 81' lang='lat' dir='ltr'>eleemosynarum</span> <span class='ocrx_word' id='word_1_474' title='bbox 2014 1758 2195 1791; x_wconf 76' lang='lat' dir='ltr'>exortan1,in</span> <span class='ocrx_word' id='word_1_475' title='bbox 2207 1761 2267 1785; x_wconf 84' lang='lat' dir='ltr'>sta-</span> 
     </span>
     <span class='ocr_line' id='line_1_66' title="bbox 1253 1806 2268 1842; baseline -0.001 -8"><span class='ocrx_word' id='word_1_476' title='bbox 1253 1811 1315 1834; x_wconf 87' lang='lat' dir='ltr'>tum</span> <span class='ocrx_word' id='word_1_477' title='bbox 1336 1806 1490 1842; x_wconf 83' lang='lat' dir='ltr'>pristinum</span> <span class='ocrx_word' id='word_1_478' title='bbox 1514 1806 1647 1839; x_wconf 86' lang='lat' dir='ltr'>reducat,</span> <span class='ocrx_word' id='word_1_479' title='bbox 1665 1810 1696 1833; x_wconf 89' lang='lat' dir='ltr'>ut</span> <span class='ocrx_word' id='word_1_480' title='bbox 1715 1806 1762 1833; x_wconf 89' lang='lat' dir='ltr'>illa</span> <span class='ocrx_word' id='word_1_481' title='bbox 1782 1806 1905 1834; x_wconf 80' lang='lat' dir='ltr'>ecclesia</span> <span class='ocrx_word' id='word_1_482' title='bbox 1925 1815 2030 1841; x_wconf 83' lang='lat' dir='ltr'>magno</span> <span class='ocrx_word' id='word_1_483' title='bbox 2049 1811 2077 1833; x_wconf 88' lang='lat' dir='ltr'>et</span> <span class='ocrx_word' id='word_1_484' title='bbox 2094 1810 2268 1842; x_wconf 86' lang='lat' dir='ltr'>sumptuoso</span> 
     </span>
     <span class='ocr_line' id='line_1_67' title="bbox 1253 1854 2268 1890; baseline -0.001 -8"><span class='ocrx_word' id='word_1_485' title='bbox 1253 1855 1384 1882; x_wconf 90' lang='lat' dir='ltr'>aedificio</span> <span class='ocrx_word' id='word_1_486' title='bbox 1399 1859 1567 1882; x_wconf 87' lang='lat' dir='ltr'>constructa</span> <span class='ocrx_word' id='word_1_487' title='bbox 1584 1856 1760 1890; x_wconf 85' lang='lat' dir='ltr'>perficiatur.</span> <span class='ocrx_word' id='word_1_488' title='bbox 1777 1871 1809 1875; x_wconf 89' lang='lat'>-</span> <span class='ocrx_word' id='word_1_489' title='bbox 1830 1855 1912 1886; x_wconf 67' lang='lat' dir='ltr'>(Rae.</span> <span class='ocrx_word' id='word_1_490' title='bbox 1930 1855 1972 1889; x_wconf 70' lang='lat'>46,</span> <span class='ocrx_word' id='word_1_491' title='bbox 1990 1856 2009 1883; x_wconf 84' lang='lat' dir='ltr'>f.</span> <span class='ocrx_word' id='word_1_492' title='bbox 2026 1856 2059 1882; x_wconf 89' lang='grc'>45</span> <span class='ocrx_word' id='word_1_493' title='bbox 2075 1862 2114 1889; x_wconf 87' lang='lat' dir='ltr'>r⁰;</span> <span class='ocrx_word' id='word_1_494' title='bbox 2132 1863 2197 1883; x_wconf 85' lang='lat' dir='ltr'>ann.</span> <span class='ocrx_word' id='word_1_495' title='bbox 2217 1854 2268 1889; x_wconf 89' lang='lat' dir='ltr'>Vl,</span> 
     </span>
     <span class='ocr_line' id='line_1_68' title="bbox 1253 1904 2269 1938; baseline -0.002 -6"><span class='ocrx_word' id='word_1_496' title='bbox 1253 1913 1279 1932; x_wconf 85' lang='lat' dir='ltr'>c.</span> <span class='ocrx_word' id='word_1_497' title='bbox 1297 1904 1365 1936; x_wconf 84' lang='lat'><strong>136;</strong></span> <span class='ocrx_word' id='word_1_498' title='bbox 1382 1920 1415 1924; x_wconf 91' lang='lat'>—</span> <span class='ocrx_word' id='word_1_499' title='bbox 1432 1904 1580 1932; x_wconf 69' lang='lat' dir='ltr'>Porrfflsr</span> <span class='ocrx_word' id='word_1_500' title='bbox 1595 1905 1682 1936; x_wconf 87' lang='lat' dir='ltr'>90l8·,</span> <span class='ocrx_word' id='word_1_501' title='bbox 1701 1920 1732 1924; x_wconf 97' lang='lat'><strong>—</strong></span> <span class='ocrx_word' id='word_1_502' title='bbox 1753 1904 1781 1931; x_wconf 86' lang='lat' dir='ltr'>J.</span> <span class='ocrx_word' id='word_1_503' title='bbox 1806 1904 1994 1938; x_wconf 65' lang='lat' dir='ltr'>Bsnxomcni,</span> <span class='ocrx_word' id='word_1_504' title='bbox 2015 1905 2081 1931; x_wconf 77' lang='lat' dir='ltr'>Acta</span> <span class='ocrx_word' id='word_1_505' title='bbox 2103 1905 2269 1937; x_wconf 75' lang='lat' dir='ltr'>Pontificum</span> 
     </span>
     <span class='ocr_line' id='line_1_69' title="bbox 1253 1953 1614 1986; baseline 0 -6"><span class='ocrx_word' id='word_1_506' title='bbox 1253 1955 1397 1985; x_wconf 80' lang='lat' dir='ltr'>Helvetica,</span> <span class='ocrx_word' id='word_1_507' title='bbox 1415 1957 1436 1980; x_wconf 88' lang='lat' dir='ltr'>t.</span> <span class='ocrx_word' id='word_1_508' title='bbox 1453 1953 1476 1985; x_wconf 86' lang='lat' dir='ltr'>I,</span> <span class='ocrx_word' id='word_1_509' title='bbox 1493 1959 1524 1980; x_wconf 85' lang='lat' dir='ltr'>n0</span> <span class='ocrx_word' id='word_1_510' title='bbox 1540 1954 1614 1986; x_wconf 83' lang='lat'><strong>157.)</strong></span> 
     </span>
    </p>
   </div>
   <div class='ocr_carea' id='block_1_20' title="bbox 1254 2053 2268 2146">
    <p class='ocr_par' dir='ltr' id='par_1_20' title="bbox 1254 2053 2268 2146">
     <span class='ocr_line' id='line_1_70' title="bbox 1296 2053 2268 2093; baseline 0.002 -11"><span class='ocrx_word' id='word_1_511' title='bbox 1296 2067 1309 2082; x_wconf 85' lang='lat'>«</span> <span class='ocrx_word' id='word_1_512' title='bbox 1330 2078 1349 2084; x_wconf 90' lang='lat'>..</span> <span class='ocrx_word' id='word_1_513' title='bbox 1368 2056 1503 2093; x_wconf 82' lang='lat' dir='ltr'>episcopo</span> <span class='ocrx_word' id='word_1_514' title='bbox 1525 2055 1716 2085; x_wconf 76' lang='lat' dir='ltr'>Gebennensi.</span> <span class='ocrx_word' id='word_1_515' title='bbox 1742 2055 1788 2084; x_wconf 83' lang='lat' dir='ltr'>Ex</span> <span class='ocrx_word' id='word_1_516' title='bbox 1807 2059 1898 2093; x_wconf 85' lang='lat' dir='ltr'>parte</span> <span class='ocrx_word' id='word_1_517' title='bbox 1915 2053 2111 2085; x_wconf 85' lang='lat' dir='ltr'>dilectorum</span> <span class='ocrx_word' id='word_1_518' title='bbox 2126 2071 2175 2083; x_wconf 95' lang='lat'>—.</span> <span class='ocrx_word' id='word_1_519' title='bbox 2193 2055 2268 2084; x_wconf 82' lang='lat' dir='ltr'>Dat.</span> 
     </span>
     <span class='ocr_line' id='line_1_71' title="bbox 1254 2107 2002 2146; baseline -0.003 -7"><span class='ocrx_word' id='word_1_520' title='bbox 1254 2108 1423 2146; x_wconf 80' lang='lat' dir='ltr'>Anagnie,</span> <span class='ocrx_word' id='word_1_521' title='bbox 1442 2109 1474 2138; x_wconf 86' lang='grc' dir='ltr'>ΙΙ</span> <span class='ocrx_word' id='word_1_522' title='bbox 1491 2107 1566 2137; x_wconf 88' lang='lat' dir='ltr'>idus</span> <span class='ocrx_word' id='word_1_523' title='bbox 1583 2107 1744 2143; x_wconf 81' lang='lat' dir='ltr'>octobris,</span> <span class='ocrx_word' id='word_1_524' title='bbox 1763 2116 1850 2137; x_wconf 85' lang='lat' dir='ltr'>anno</span> <span class='ocrx_word' id='word_1_525' title='bbox 1867 2112 1968 2137; x_wconf 80' lang='lat' dir='ltr'>sexto.</span> <span class='ocrx_word' id='word_1_526' title='bbox 1990 2119 2002 2133; x_wconf 83' lang='lat'>»</span> 
     </span>
    </p>
   </div>
   <div class='ocr_carea' id='block_1_21' title="bbox 1327 2278 2198 2314">
    <p class='ocr_par' dir='ltr' id='par_1_21' title="bbox 1327 2278 2198 2314">
     <span class='ocr_line' id='line_1_72' title="bbox 1327 2278 2198 2314; baseline -0.003 -6"><span class='ocrx_word' id='word_1_527' title='bbox 1327 2279 1416 2308; x_wconf 65' lang='lat'>928</span> <span class='ocrx_word' id='word_1_528' title='bbox 1796 2279 1922 2314; x_wconf 79' lang='lat' dir='ltr'>Anagni.</span> <span class='ocrx_word' id='word_1_529' title='bbox 1936 2279 1970 2306; x_wconf 83' lang='lat'>‘20</span> <span class='ocrx_word' id='word_1_530' title='bbox 1985 2279 2102 2306; x_wconf 90' lang='lat' dir='ltr'>octobre</span> <span class='ocrx_word' id='word_1_531' title='bbox 2121 2278 2198 2306; x_wconf 72' lang='lat'>¹232.</span> 
     </span>
    </p>
   </div>
   <div class='ocr_carea' id='block_1_22' title="bbox 1256 2340 2274 2425">
    <p class='ocr_par' dir='ltr' id='par_1_22' title="bbox 1256 2340 2274 2425">
     <span class='ocr_line' id='line_1_73' title="bbox 1292 2340 2274 2376; baseline 0 -9"><span class='ocrx_word' id='word_1_532' title='bbox 1292 2340 1367 2376; x_wconf 84' lang='lat' dir='ltr'>Regi</span> <span class='ocrx_word' id='word_1_533' title='bbox 1391 2340 1573 2376; x_wconf 73' lang='lat' dir='ltr'>Por-tugaliae</span> <span class='ocrx_word' id='word_1_534' title='bbox 1595 2340 1726 2375; x_wconf 89' lang='lat' dir='ltr'>indulget</span> <span class='ocrx_word' id='word_1_535' title='bbox 1747 2344 1788 2372; x_wconf 85' lang='lat' dir='ltr'>ut,</span> <span class='ocrx_word' id='word_1_536' title='bbox 1807 2349 1840 2367; x_wconf 91' lang='lat' dir='ltr'>eo</span> <span class='ocrx_word' id='word_1_537' title='bbox 1862 2341 2036 2376; x_wconf 85' lang='lat' dir='ltr'>persistente</span> <span class='ocrx_word' id='word_1_538' title='bbox 2056 2344 2154 2368; x_wconf 85' lang='lat' dir='ltr'>contra</span> <span class='ocrx_word' id='word_1_539' title='bbox 2171 2341 2274 2368; x_wconf 81' lang='lat' dir='ltr'>Sarra·</span> 
     </span>
     <span class='ocr_line' id='line_1_74' title="bbox 1256 2389 2274 2425; baseline -0.001 -8"><span class='ocrx_word' id='word_1_540' title='bbox 1256 2397 1346 2418; x_wconf 88' lang='lat' dir='ltr'>cenos</span> <span class='ocrx_word' id='word_1_541' title='bbox 1366 2389 1565 2421; x_wconf 86' lang='lat' dir='ltr'>debellandos,</span> <span class='ocrx_word' id='word_1_542' title='bbox 1584 2389 1681 2416; x_wconf 89' lang='lat' dir='ltr'>nullus</span> <span class='ocrx_word' id='word_1_543' title='bbox 1697 2390 1726 2417; x_wconf 92' lang='lat' dir='ltr'>in</span> <span class='ocrx_word' id='word_1_544' title='bbox 1746 2389 1841 2425; x_wconf 88' lang='lat' dir='ltr'>ipsius</span> <span class='ocrx_word' id='word_1_545' title='bbox 1861 2398 2015 2425; x_wconf 88' lang='lat' dir='ltr'>personam</span> <span class='ocrx_word' id='word_1_546' title='bbox 2036 2390 2274 2417; x_wconf 86' lang='lat' dir='ltr'>excommunica·</span> 
     </span>
    </p>
   </div>
   <div class='ocr_carea' id='block_1_23' title="bbox 1257 2438 2272 2521">
    <p class='ocr_par' dir='ltr' id='par_1_23' title="bbox 1257 2438 2272 2521">
     <span class='ocr_line' id='line_1_75' title="bbox 1257 2438 2272 2474; baseline -0.001 -8"><span class='ocrx_word' id='word_1_547' title='bbox 1257 2439 1345 2466; x_wconf 85' lang='lat' dir='ltr'>tionis</span> <span class='ocrx_word' id='word_1_548' title='bbox 1365 2439 1538 2466; x_wconf 85' lang='lat' dir='ltr'>sententiam</span> <span class='ocrx_word' id='word_1_549' title='bbox 1559 2438 1687 2474; x_wconf 82' lang='lat' dir='ltr'>proferre</span> <span class='ocrx_word' id='word_1_550' title='bbox 1712 2442 1888 2474; x_wconf 85' lang='lat' dir='ltr'>praesumat.</span> <span class='ocrx_word' id='word_1_551' title='bbox 1910 2453 1944 2460; x_wconf 93' lang='lat'><strong>—</strong></span> <span class='ocrx_word' id='word_1_552' title='bbox 1965 2438 2049 2471; x_wconf 74' lang='lat' dir='ltr'>(Rae.</span> <span class='ocrx_word' id='word_1_553' title='bbox 2073 2439 2112 2470; x_wconf 80' lang='lat'>16,</span> <span class='ocrx_word' id='word_1_554' title='bbox 2136 2439 2154 2465; x_wconf 80' lang='lat' dir='ltr'>t.</span> <span class='ocrx_word' id='word_1_555' title='bbox 2177 2439 2210 2465; x_wconf 79' lang='grc'>45</span> <span class='ocrx_word' id='word_1_556' title='bbox 2229 2443 2272 2472; x_wconf 79' lang='lat' dir='ltr'>r⁰;</span> 
     </span>
     <span class='ocr_line' id='line_1_76' title="bbox 1258 2486 1530 2521; baseline 0.004 -7"><span class='ocrx_word' id='word_1_557' title='bbox 1258 2495 1326 2514; x_wconf 87' lang='lat' dir='ltr'>ann.</span> <span class='ocrx_word' id='word_1_558' title='bbox 1342 2486 1395 2521; x_wconf 89' lang='lat' dir='ltr'>VI,</span> <span class='ocrx_word' id='word_1_559' title='bbox 1411 2495 1438 2514; x_wconf 92' lang='lat' dir='ltr'>c.</span> <span class='ocrx_word' id='word_1_560' title='bbox 1457 2486 1530 2520; x_wconf 77' lang='lat'><strong>137.)</strong></span> 
     </span>
    </p>
   </div>
   <div class='ocr_carea' id='block_1_24' title="bbox 1262 2588 2275 2681">
    <p class='ocr_par' dir='ltr' id='par_1_24' title="bbox 1262 2588 2275 2681">
     <span class='ocr_line' id='line_1_77' title="bbox 1303 2588 2275 2628; baseline 0.001 -11"><span class='ocrx_word' id='word_1_561' title='bbox 1303 2602 1316 2617; x_wconf 87' lang='lat'>«</span> <span class='ocrx_word' id='word_1_562' title='bbox 1338 2612 1357 2619; x_wconf 91' lang='lat'>..</span> <span class='ocrx_word' id='word_1_563' title='bbox 1375 2590 1494 2620; x_wconf 79' lang='lat' dir='ltr'>illustri</span> <span class='ocrx_word' id='word_1_564' title='bbox 1513 2590 1579 2627; x_wconf 64' lang='lat' dir='ltr'>regi</span> <span class='ocrx_word' id='word_1_565' title='bbox 1597 2589 1783 2627; x_wconf 73' lang='lat' dir='ltr'>Portuyalie.</span> <span class='ocrx_word' id='word_1_566' title='bbox 1806 2589 1886 2619; x_wconf 86' lang='lat' dir='ltr'>Fide</span> <span class='ocrx_word' id='word_1_567' title='bbox 1907 2598 1972 2628; x_wconf 84' lang='lat' dir='ltr'>qua</span> <span class='ocrx_word' id='word_1_568' title='bbox 1992 2588 2110 2619; x_wconf 85' lang='lat' dir='ltr'>rutilas</span> <span class='ocrx_word' id='word_1_569' title='bbox 2127 2606 2176 2617; x_wconf 91' lang='lat'>—.</span> <span class='ocrx_word' id='word_1_570' title='bbox 2199 2589 2275 2618; x_wconf 86' lang='lat' dir='ltr'>Dat.</span> 
     </span>
     <span class='ocr_line' id='line_1_78' title="bbox 1262 2641 2189 2681; baseline -0.002 -8"><span class='ocrx_word' id='word_1_571' title='bbox 1262 2642 1433 2681; x_wconf 88' lang='lat' dir='ltr'>Anagnie,</span> <span class='ocrx_word' id='word_1_572' title='bbox 1449 2642 1535 2672; x_wconf 88' lang='lat' dir='ltr'>XIII</span> <span class='ocrx_word' id='word_1_573' title='bbox 1551 2641 1711 2672; x_wconf 86' lang='lat' dir='ltr'>kalendas</span> <span class='ocrx_word' id='word_1_574' title='bbox 1727 2641 1932 2674; x_wconf 84' lang='lat' dir='ltr'>novembris,</span> <span class='ocrx_word' id='word_1_575' title='bbox 1951 2650 2038 2672; x_wconf 84' lang='lat' dir='ltr'>anno</span> <span class='ocrx_word' id='word_1_576' title='bbox 2054 2646 2156 2672; x_wconf 76' lang='lat' dir='ltr'>sexto.</span> <span class='ocrx_word' id='word_1_577' title='bbox 2176 2653 2189 2667; x_wconf 71' lang='lat' dir='ltr'>n</span> 
     </span>
    </p>
   </div>
   <div class='ocr_carea' id='block_1_25' title="bbox 1335 2810 2205 2847">
    <p class='ocr_par' dir='ltr' id='par_1_25' title="bbox 1335 2810 2205 2847">
     <span class='ocr_line' id='line_1_79' title="bbox 1335 2810 2205 2847; baseline -0.006 -3"><span class='ocrx_word' id='word_1_578' title='bbox 1335 2814 1422 2844; x_wconf 64' lang='lat'>98¹2</span> <span class='ocrx_word' id='word_1_579' title='bbox 1794 2812 1924 2847; x_wconf 82' lang='lat' dir='ltr'>Anagni,</span> <span class='ocrx_word' id='word_1_580' title='bbox 1940 2810 1970 2838; x_wconf 69' lang='grc' dir='ltr'><em>Ἡ</em></span> <span class='ocrx_word' id='word_1_581' title='bbox 1991 2811 2109 2838; x_wconf 86' lang='lat' dir='ltr'>octobre</span> <span class='ocrx_word' id='word_1_582' title='bbox 2127 2810 2205 2840; x_wconf 74' lang='lat'><strong>¹232.</strong></span> 
     </span>
    </p>
   </div>
   <div class='ocr_carea' id='block_1_26' title="bbox 1267 2873 2282 3008">
    <p class='ocr_par' dir='ltr' id='par_1_26' title="bbox 1267 2873 2282 3008">
     <span class='ocr_line' id='line_1_80' title="bbox 1301 2873 2280 2914; baseline -0.005 -10"><span class='ocrx_word' id='word_1_583' title='bbox 1301 2876 1450 2914; x_wconf 66' lang='lat' dir='ltr'>Henric05</span> <span class='ocrx_word' id='word_1_584' title='bbox 1462 2875 1664 2903; x_wconf 85' lang='lat' dir='ltr'>archidiacono</span> <span class='ocrx_word' id='word_1_585' title='bbox 1686 2873 1840 2908; x_wconf 78' lang='lat' dir='ltr'>paduano,</span> <span class='ocrx_word' id='word_1_586' title='bbox 1864 2873 1980 2900; x_wconf 87' lang='lat' dir='ltr'>mandat</span> <span class='ocrx_word' id='word_1_587' title='bbox 2002 2876 2146 2907; x_wconf 84' lang='lat' dir='ltr'>quatenus</span> <span class='ocrx_word' id='word_1_588' title='bbox 2161 2880 2280 2900; x_wconf 81' lang='lat' dir='ltr'>excom-</span> 
     </span>
     <span class='ocr_line' id='line_1_81' title="bbox 1267 2921 2282 2958; baseline -0.006 -4"><span class='ocrx_word' id='word_1_589' title='bbox 1267 2926 1473 2954; x_wconf 88' lang='lat' dir='ltr'>municationis</span> <span class='ocrx_word' id='word_1_590' title='bbox 1493 2925 1666 2952; x_wconf 83' lang='lat' dir='ltr'>sententiam</span> <span class='ocrx_word' id='word_1_591' title='bbox 1687 2924 1716 2950; x_wconf 88' lang='lat' dir='ltr'>in</span> <span class='ocrx_word' id='word_1_592' title='bbox 1738 2923 1896 2958; x_wconf 82' lang='lat' dir='ltr'>capitulum</span> <span class='ocrx_word' id='word_1_593' title='bbox 1920 2922 2060 2949; x_wconf 84' lang='lat' dir='ltr'>ecclesiae</span> <span class='ocrx_word' id='word_1_594' title='bbox 2083 2921 2183 2949; x_wconf 80' lang='lat' dir='ltr'>Sancti</span> <span class='ocrx_word' id='word_1_595' title='bbox 2202 2921 2282 2949; x_wconf 83' lang='lat' dir='ltr'>Lau-</span> 
     </span>
     <span class='ocr_line' id='line_1_82' title="bbox 1268 2970 2279 3008; baseline -0.005 -6"><span class='ocrx_word' id='word_1_596' title='bbox 1268 2974 1355 3002; x_wconf 79' lang='lat' dir='ltr'>rentii</span> <span class='ocrx_word' id='word_1_597' title='bbox 1370 2975 1406 3002; x_wconf 88' lang='lat' dir='ltr'>de</span> <span class='ocrx_word' id='word_1_598' title='bbox 1422 2973 1558 3001; x_wconf 90' lang='lat' dir='ltr'>Consilve</span> <span class='ocrx_word' id='word_1_599' title='bbox 1573 2982 1589 3000; x_wconf 88' lang='lat' dir='ltr'>a</span> <span class='ocrx_word' id='word_1_600' title='bbox 1604 2973 1699 3008; x_wconf 85' lang='lat' dir='ltr'>priore</span> <span class='ocrx_word' id='word_1_601' title='bbox 1715 2971 1813 2999; x_wconf 80' lang='lat' dir='ltr'>Sancti</span> <span class='ocrx_word' id='word_1_602' title='bbox 1829 2970 1978 2998; x_wconf 86' lang='lat' dir='ltr'>Benedicti</span> <span class='ocrx_word' id='word_1_603' title='bbox 1995 2970 2123 2998; x_wconf 75' lang='lat' dir='ltr'>paduani</span> <span class='ocrx_word' id='word_1_604' title='bbox 2138 2971 2235 3003; x_wconf 81' lang='lat' dir='ltr'>latam,</span> <span class='ocrx_word' id='word_1_605' title='bbox 2251 2970 2279 2997; x_wconf 91' lang='lat' dir='ltr'>iu</span> 
     </span>
    </p>
   </div>
  </div>
 </body>
</html>
