2498 3242
176 272 251 302 1193
1028 264 1245 303 HmTIEME
1266 265 1427 302 ANNEE.
2207 278 2283 309 1194

171 337 331 377 injuriam
353 338 569 374 ulciscamur,
587 339 634 369 sic
656 344 846 369 exercentes
863 338 1095 378 inquisitionis
1114 338 1186 367 ossi-

171 391 277 424 cium.
299 396 331 420 ut
353 391 503 421 laborare
527 392 638 430 potius
663 392 838 422 videantur
859 391 972 421 fideles
994 391 1124 421 trahere
1146 390 1185 420 ad

171 453 335 479 errorem,
360 454 459 483 quam
480 445 645 476 hereticos
668 446 706 475 ad
730 446 906 484 uo[ti]tiam
925 446 1081 475 reducere
1098 445 1186 474 veri-

172 497 262 527 tatis.
275 498 395 534 Quare.
409 503 520 536 preter
531 498 595 528 alia
611 499 829 529 incommoda.
849 503 913 528 tam
927 498 1037 535 gravis
1050 498 1082 527 in
1099 503 1187 527 terra

172 559 233 580 sua
253 551 396 580 turbatio
419 555 468 581 est
491 556 617 587 exorta,
636 552 722 590 quod
744 551 895 581 nonnulli
913 561 985 581 eam
1002 551 1091 581 exire
1112 560 1186 589 pro—

171 608 310 642 ponunt.
332 604 437 642 parati
455 604 624 634 ecclesias.
644 605 760 634 domus
777 604 950 641 religiosas
968 608 998 634 ct
1015 603 1186 634 ccclesias-

173 657 256 686 ticas
278 666 436 695 personas
455 658 621 688 otl'endere
646 668 681 687 ac
706 668 762 696 pro
784 667 878 696 posse
901 668 960 688 suo
982 658 1186 696 provinciam

172 710 379 748 perturbare.
399 710 494 741 Unde
511 710 710 749 supplicavit
727 710 900 740 humiliter
916 711 1002 740 idem
1017 719 1126 740 comes
1139 714 1184 744 ut,

173 771 248 792 cum
269 762 372 792 multo
392 764 512 793 atl'ectu
530 764 655 793 ferveat
675 763 714 793 ad
736 763 880 793 heretice
901 763 1074 801 pravitatis
1091 772 1187 801 spur-

173 815 287 845 citiam
316 825 333 845 a
359 820 446 845 terra
476 826 534 845 sua
562 816 695 854 penitus
728 816 982 854 profligandam,
1014 816 1188 854 providere

173 877 274 906 super
298 869 471 906 premissis
496 869 757 899 misericorditer
777 869 1000 907 dignaremur.
1026 869 1187 906 Quocirca

173 921 388 951 universitati
415 926 523 952 vestre
552 931 609 960 per
633 922 813 960 apostolica
842 922 963 960 scripta
990 922 1187 952 mandamus

172 979 350 1014 quatenus.
365 975 491 1013 iniquis
506 975 717 1013 processibus
734 975 868 1013 provide
884 975 1068 1006 obviantes,
1086 976 1186 1005 inter-

169 1027 291 1058 dicatis
315 1028 511 1058 auctoritate
535 1032 648 1058 nostra
669 1037 709 1057 ne
733 1028 971 1067 inquisitiones
994 1028 1186 1067 hujusmodi

169 1081 295 1120 passim
319 1082 416 1116 ssant;
442 1081 514 1116 sed,
537 1090 595 1120 per
611 1090 668 1111 vos
690 1081 779 1120 ipsos
797 1086 1036 1120 prosequentes
1053 1081 1185 1111 easdem

169 1134 228 1164 ubi
248 1138 276 1163 et
295 1134 427 1173 «plaudo
442 1134 594 1164 videritis
607 1134 771 1172 expedire,
788 1134 820 1163 iu
835 1134 902 1164 hiis
917 1143 990 1164 cum
1006 1144 1042 1164 ea
1057 1134 1186 1164 cautela

170 1191 202 1218 et
222 1187 436 1217 discretionis
458 1186 678 1225 providentia,
704 1187 887 1217 secundum
910 1188 1015 1217 Deum
1037 1191 1067 1217 et
1085 1187 1186 1226 justi-

168 1241 261 1274 tiam,
278 1240 475 1278 procedatis,
492 1239 579 1278 quud
592 1239 783 1269 innocentia
798 1248 861 1269 non
873 1239 1003 1269 ledatur
1017 1244 1045 1269 et
1058 1240 1186 1278 iniqui-

168 1297 220 1323 tas
245 1302 310 1323 non
333 1297 503 1322 remaneat
533 1292 714 1331 impunita,
743 1302 819 1329 erga
843 1293 951 1331 ipsum
980 1293 1134 1323 comitem
1156 1297 1186 1322 et

164 1346 241 1386 jura
263 1355 323 1376 sua
346 1346 394 1375 sic
421 1354 479 1375 vos
504 1345 649 1383 benigne
675 1349 838 1383 gerentes,
864 1346 950 1384 quod
972 1354 1030 1376 nec
1054 1345 1125 1384 ipse
1147 1345 1186 1375 de

169 1399 263 1430 vobis
275 1399 401 1439 justam
420 1398 628 1428 occasionem
650 1398 770 1428 habeat
791 1399 1033 1437 conquerendi,
1053 1407 1113 1429 nec
1129 1408 1186 1428 vos

168 1451 353 1482 videamini
369 1455 483 1481 contra
500 1460 575 1481 eum
592 1460 764 1481 rancorem
781 1451 926 1490 aliquem
943 1451 1099 1481 retinere.
1118 1452 1186 1481 Nos

169 1505 278 1540 enim,
296 1505 485 1535 deferentes
503 1504 613 1539 vobis,
631 1503 717 1534 sicut
733 1504 859 1539 decuit,
879 1504 913 1533 in
930 1504 991 1534 hac
1007 1509 1111 1542 parte,
1130 1514 1187 1542 per

169 1568 228 1590 vos
253 1559 364 1598 potius
391 1567 491 1597 quam
515 1567 574 1596 per
602 1557 684 1588 alios
711 1557 790 1587 talia
816 1557 968 1587 volumus
996 1557 1184 1593 emendari;

169 1616 304 1651 propter
319 1612 417 1651 quod,
437 1611 466 1642 si
482 1615 596 1641 contra
610 1611 803 1641 mandatum
820 1614 971 1641 nostrum
986 1611 1163 1649 procedere
1177 1611 1186 1632 ¹

169 1666 395 1704 contingeret,
422 1664 635 1695 dissimulare
660 1673 726 1694 non
747 1673 921 1703 possemus
941 1664 1084 1694 ulterius
1105 1663 1186 1703 quin

169 1717 233 1749 hec
266 1718 550 1748 committeremus
580 1717 656 1748 aliis
689 1717 895 1755 corrigenda.
926 1718 1000 1747 Dat.
1031 1717 1184 1753 Perusii,

168 1771 273 1802 XIIII
298 1770 459 1801 kalendas
489 1770 693 1807 decembris,
719 1760 933 1809 pontificatus
963 1770 1069 1800 nostri
1099 1779 1186 1800 anno

167 1827 296 1855 octavo.
317 1836 329 1851 »

240 2036 359 2065 2219

203 2099 348 2134 Episcopo
374 2098 518 2129 Albieusi,
546 2097 710 2132 praeposito
740 2096 837 2123 Sancti
867 2097 955 2123 Salvii
981 2097 1131 2124 Albiensis
1156 2101 1185 2123 et

167 2148 263 2176 abbati
275 2147 373 2174 Sancti
383 2146 530 2173 Saturnini
540 2145 709 2177 Tholosani,
719 2160 751 2165 —-
763 2145 861 2172 audito
870 2145 945 2180 quod
960 2145 1168 2181 [Raymundus]
1177 2168 1183 2180 ,

167 2205 268 2225 comes
287 2196 485 2228 Tholosanus,
508 2199 536 2221 et
556 2194 676 2229 [Saucia]
692 2217 698 2227 ,
721 2203 792 2221 uxor
813 2195 893 2229 ejus,
917 2196 991 2222 inter
1010 2203 1043 2222 se
1065 2187 1184 2222 rancore

166 2249 310 2281 concepto
331 2245 365 2271 ad
386 2244 525 2278 invicem,
544 2243 709 2270 cohabitare
732 2247 916 2277 recusarent,
933 2259 966 2263 —
983 2243 1097 2271 mandat
1113 2252 1185 2278 qua-

167 2299 256 2322 tenus
276 2294 395 2321 eosdem
422 2298 451 2320 ut
474 2293 561 2319 simul
582 2292 749 2319 cohabitent
769 2296 797 2318 et
813 2292 958 2327 conjugali
979 2301 1011 2319 se
1032 2293 1184 2319 affectione

167 2347 364 2380 pertractent,
389 2345 526 2369 moneant
547 2346 575 2368 ct
601 2341 754 2373 inducant,
779 2341 859 2376 ipsos
883 2341 916 2368 ad
943 2341 985 2373 id,
1011 2342 1036 2368 si
1062 2349 1184 2368 necesse

168 2393 273 2425 fuerit,
301 2400 352 2427 per
375 2399 528 2418 censuram
550 2390 779 2417 ecclesiasticam
804 2390 1032 2424 compellentes;
1057 2391 1134 2425 quod
1159 2390 1184 2417 si

167 2441 242 2469 sorte
263 2442 400 2468 alterutra
422 2439 543 2475 partium
566 2439 804 2474 impedimentum
825 2438 992 2465 rationabile
1008 2443 1108 2465 contra
1124 2447 1185 2465 ma-

167 2491 337 2518 trimonium
359 2489 476 2515 duxerit
497 2487 733 2523 proponendum,
757 2487 874 2513 audiant
896 2495 1032 2520 causam,
1055 2493 1084 2514 et
1107 2487 1184 2522 quod

167 2539 340 2566 canonicum
364 2538 452 2564 suerit
473 2541 611 2564 statuant.
633 2551 665 2556 —
686 2536 768 2570 (Rae.
790 2537 830 2567 17,
846 2536 866 2562 f.
884 2536 935 2563 ‘233
951 2543 993 2567 r⁰;
1013 2545 1081 2564 ann.
1100 2535 1183 2569 Vttt,

166 2595 195 2615 c.
213 2587 282 2619 325;
297 2601 334 2608 —
351 2587 468 2614 ›tom-,Au
489 2586 564 2618 1180,
583 2585 602 2611 s.
618 2585 693 2617 -24-2.)

650 2034 787 2067 l‘erouse,
808 2035 838 2061 17
856 2035 1013 2061 novembre
1036 2035 1111 2062 1234.

213 2714 226 2730 α
247 2725 267 2732 ..
291 2703 443 2740 episcopo,
463 2723 483 2730 ..
501 2701 652 2739 preposito
668 2700 776 2729 Sancti
791 2700 892 2729 Salvii
910 2700 1141 2738 Albien[sibus]‚
1160 2704 1186 2729 et

170 2777 191 2784 ..
209 2755 312 2785 abbati
327 2755 435 2783 Sancti
455 2753 625 2783 Saturnini
645 2753 795 2782 Tolosam.
817 2752 867 2781 Ad
887 2752 1092 2782 audientiam
1109 2761 1186 2783 nos-

171 2812 256 2838 tram
270 2825 319 2836 -.
338 2807 412 2837 Dat.
431 2805 575 2840 Perusii,
592 2805 654 2836 XV
670 2804 829 2835 kalendas
845 2809 920 2840 etc.,
937 2809 973 2835 ut
988 2814 1097 2844 supra.
1119 2817 1133 2833 n

205 2941 228 2966 1.
244 2942 300 2970 Sic,
317 2947 388 2972 pour
399 2940 527 2969 procedi.

1341 338 1464 367 2220

1305 399 1448 435 Episcopo
1471 401 1602 428 Albiensi
1624 407 1651 428 ct
1672 402 1766 429 abbati
1783 403 1907 429 Grandis
1924 403 2018 430 Silvae
2035 405 2135 431 scribit
2154 418 2158 432 z
2178 418 2189 428 u
2207 406 2281 433 Cum

1270 459 1282 471 n
1305 457 1443 483 supereo
1459 450 1534 484 quod
1547 449 1694 477 ‹lot-danus
1709 451 1744 476 de
1762 451 1893 477 Laura-io
1911 453 2082 481 utils·s,oli1n
2101 454 2213 481 balivus
2230 463 2282 482 uo-

1270 507 1283 520 υ
1307 496 1371 523 bilis
1394 498 1443 523 viri
1467 519 1484 524 ..

1752 340 1890 373 pertunsa,
1911 342 1939 368 17
1956 343 2112 369 novembre
2132 344 2208 371 ¹234.

1507 499 1623 525 comitis
1643 499 1788 531 Tolosani,
1812 509 1826 525 a
1848 501 2020 534 quibusdam
2042 503 2146 528 emulis
2167 504 2229 529 suis
2249 511 2283 530 se

1269 554 1282 569 υ
1307 546 1439 580 proponit
1458 546 1493 572 de
1509 547 1630 573 crimine
1649 548 1795 582 pravitatis
1813 549 1939 574 heretice
1957 550 2139 579 insnnaunn,
2159 551 2282 585 inquisi-

1271 605 1284 617 υ
1307 594 1413 620 tionem
1435 596 1490 621 suh
1511 600 1588 622 certa
1609 597 1698 622 forma
1718 597 1885 624 discretioni
1903 602 1998 623 vestre
2015 599 2184 625 «luxerimus
2200 609 2282 627 cnm-

1272 653 1283 666 η
1307 643 1486 672 mittendam,
1508 652 1558 678 per
1580 645 1738 679 apostolica
1759 645 1840 670 vobis
1861 646 1967 680 scripta
1989 648 2157 674 mandamus
2177 653 2282 682 qnate-

1271 700 1284 713 r·
1308 698 1377 722 nus,
1404 691 1548 725 pendente
1573 692 1739 725 hujusmodi
1764 693 1880 727 negotio
1902 702 1996 720 coram
2023 695 2113 727 vohis,
2140 697 2281 730 prefatum

1270 748 1283 762 ι)
1307 738 1426 765 militem
1454 748 1507 765 uon
1533 741 1706 774 permittatis
1730 752 1742 764 n
1764 749 1797 767 ea
1820 743 1972 768 occasione
2000 752 2013 767 α
2037 744 2182 770 mols-stari
2203 755 2228 772 υ.
2248 760 2282 765 -

1270 786 1352 819 (um.
1374 788 1413 820 17,
1431 787 1449 813 f.
1467 787 1518 814 233
1535 794 1578 820 νος
1595 796 1663 814 aun.
1679 788 1758 821 vill,
1774 797 1800 816 c.
1818 790 1891 822 320.)

1312 907 1325 921 «
1346 918 1365 924 ..
1386 897 1520 933 episcopo
1535 897 1669 925 Albicnsi
1685 902 1710 925 e!
1731 920 1750 925 ..
1765 898 1867 926 abban·
1883 900 2015 928 Grandis
2031 901 2122 935 Sili-e,
2142 902 2284 931 Tolosam

1269 948 1405 977 diocesis.
1425 948 1507 978 Cum
1525 958 1624 987 super
1641 958 1678 980 eo
1691 967 1740 979 —.
1756 951 1829 980 Dat.
1847 952 1977 981 Pcrusii
1993 958 2066 989 etc.,
2086 958 2119 983 ut
2136 964 2246 993 supra.
2267 967 2281 982 n

1342 1142 1458 1170 2221

1308 1204 1398 1231 Priori
1419 1208 1447 1230 et
1468 1205 1546 1231 fratri
1568 1205 1695 1232 Roherto
1716 1206 1751 1232 de
1768 1206 1868 1232 ordine
1887 1207 2117 1235 1¹1-;«e‹ttc:1=01·u¹11
2136 1209 2283 1236 Pau-islen-

1269 1252 1352 1279 sibus
1368 1253 1482 1279 maudut
1498 1258 1642 1288 quatenus
1654 1265 1666 1277 (ι
1680 1255 1802 1281 Accurri
1816 1267 1840 1288 n,
1854 1256 1941 1282 filium
1956 1257 2171 1286 Alth-brandan.
2189 1259 2283 1285 civem

1269 1305 1297 1327 et
1319 1306 1506 1327 mercatorem
1532 1301 1747 1330 Florentinum.
1771 1309 1886 1338 propter
1909 1306 2115 1332 commercium
2139 1307 2215 1341 quod
2237 1307 2284 1333 in-

1754 1143 1890 1176 t'erousc,
1907 1144 1940 1171 ‘223
1958 1146 2112 1172 novembre
2133 1146 2208 1174 1-2311.

1270 1350 1368 1376 sciens
1385 1358 1449 1376 cum
1467 1350 1639 1386 quibusdam
1659 1351 1813 1378 haereticis
1830 1352 1979 1386 habuerat,
1996 1354 2046 1380 sed
2064 1364 2077 1380 a
2094 1364 2151 1389 quo
2167 1356 2284 1383 ahsolu-

1270 1401 1318 1424 tns
1335 1398 1436 1428 suerat,
1455 1407 1510 1424 non
1529 1400 1695 1434 permittant
1709 1401 1744 1427 ab
1761 1401 1906 1435 aliquibus
1923 1403 2077 1430 molestati.
2095 1419 2128 1424 —
2141 1405 2224 1438 (Rho.
2241 1406 2282 1438 17,

1270 1447 1289 1473 s.
1307 1447 1358 1474 ‘233
1375 1453 1420 1474 v⁰z
1437 1455 1503 1474 aun.
1521 1447 1602 1479 VIII,
1620 1456 1644 1474 c.
1662 1448 1729 1480 327;
1749 1464 1780 1468 —
1798 1449 1918 1477 Mum-:Au
1937 1451 2013 1485 ¹189,
2030 1452 2047 1478 f.
2066 1452 2140 1486 2³45.)

1313 1567 1326 1581 «
1345 1578 1366 1584 ..
1384 1556 1488 1593 priori
1502 1561 1527 1585 el
1541 1557 1639 1592 fratri
1654 1557 1775 1587 noberta
1797 1558 1830 1587 de
1850 1559 1957 1588 ordine
1974 1561 2203 1591 medicatorum
2221 1563 2282 1592 Pa-

1269 1609 1462 1637 risiensibus.
1482 1609 1639 1643 Accurri,
1658 1609 1747 1639 filius
1764 1609 2020 1647 Aldebrandiui,
2040 1613 2122 1643 civis
2144 1619 2173 1643 et
2195 1624 2284 1645 mer-

1270 1664 1361 1690 cator
1380 1660 1610 1697 Florentinus,
1630 1661 1664 1690 in
1685 1667 1799 1692 nostra
1820 1665 1987 1701 presentia
2008 1666 2208 1697 constitutus
2227 1677 2284 1697 ex-

1269 1714 1381 1753 posuit
1403 1714 1491 1753 quod
1512 1714 1592 1744 olim
1614 1715 1649 1744 in
1666 1716 1805 1746 Francia
1825 1718 1984 1755 quosdam
2001 1718 2181 1756 hereticos,
2199 1730 2284 1760 quos

1269 1767 1450 1797 catholicos
1467 1776 1539 1798 esse
1556 1768 1727 1804 credebat,
1749 1769 1875 1807 pluries
1896 1771 2075 1808 allocutus,
2096 1773 2208 1803 decem
2229 1783 2285 1804 so-

1267 1820 1353 1850 lidos
1375 1821 1623 1851 Turonensium
1639 1822 1769 1852 cuidam
1793 1832 1907 1853 eorum
1926 1825 2085 1856 servienti
2105 1828 2282 1865 concessit,

1269 1875 1300 1902 et
1325 1872 1373 1902 eis
1399 1873 1434 1901 in
1457 1872 1591 1911 signum
1613 1874 1800 1905 reverentie
1825 1880 1922 1914 caput
1947 1877 2060 1915 sepius
2084 1878 2281 1916 inclinavit;

1269 1934 1351 1964 quos
1374 1926 1582 1963 postmodum
1602 1926 1768 1957 hereticos
1787 1937 1859 1958 esse
1881 1929 2090 1968 intelligens,
2109 1936 2139 1961 et
2161 1933 2283 1963 timens

1269 1986 1306 2007 ex
1336 1977 1397 2007 hoc
1427 1977 1491 2007 sibi
1519 1979 1665 2017 corporis
1691 1984 1721 2009 et
1747 1980 1857 2010 anime
1882 1982 2066 2019 periculum
2092 1984 2281 2021 imminere,

1267 2030 1493 2068 Apostolicam
1523 2031 1641 2061 Sedem
1673 2032 1755 2062 adiit
1781 2042 1817 2062 ac
1845 2034 1909 2063 sibi
1933 2044 1951 2064 a
1978 2036 2073 2065 nobis
2099 2046 2198 2075 super
2220 2038 2283 2069 hoc

1267 2082 1435 2120 provideri
1451 2083 1626 2114 humiliter
1644 2085 1834 2122 postulavit.
1857 2087 1965 2123 Quare
1982 2089 2166 2119 venerabili
2186 2091 2283 2121 fratri

1268 2140 1381 2166 nostro
1403 2159 1422 2165 ..
1446 2137 1598 2176 episcopo
1624 2138 1817 2169 Florentino
1838 2141 1975 2180 suisque
1998 2142 2134 2179 collegis
2158 2145 2283 2175 nostris

1268 2189 1420 2219 dedimus
1443 2189 1565 2220 litteris
1592 2191 1627 2220 in
1651 2192 1817 2223 mandatis
1839 2198 1890 2223 ut.
1916 2195 1954 2225 de
1975 2195 2166 2227 sinceritate
2190 2198 2280 2234 fidei,

1267 2242 1346 2277 vita,
1365 2243 1514 2273 moribus
1529 2247 1560 2273 et
1577 2245 1664 2274 sama
1680 2245 1786 2283 ipsius
1802 2246 1962 2285 inquisita
1980 2248 2111 2287 plenius
2128 2251 2280 2286 veritate,

1267 2312 1306 2316 -—
1330 2295 1584 2334 inquisitionem
1608 2297 1715 2335 ipsam
1738 2298 1800 2328 suh
1822 2299 1892 2329 suis
1912 2301 2034 2337 sigillis
2057 2302 2220 2333 inclusam
2242 2305 2284 2334 ad

1268 2353 1415 2377 nostram
1436 2349 1639 2386 presentiam
1659 2350 1883 2387 destinareut;
1906 2353 1993 2383 idem
2015 2355 2283 2395 ve1·o‹{=piscopus

1267 2409 1341 2430 cum
1355 2399 1458 2430 altero
1470 2401 1671 2440 collegarum
1684 2412 1830 2439 suorum,
1848 2406 1944 2435 tertio
1955 2412 2109 2437 excusato
2120 2408 2281 2447 legitime,

1267 2452 1302 2491 id
1327 2452 1470 2483 fideliter
1491 2459 1692 2493 exequutus,
1715 2456 1971 2495 inquisitionem
1996 2459 2144 2490 habitam
2167 2467 2283 2493 contra

1267 2505 1379 2543 ipsum
1401 2523 1439 2526 —
1461 2515 1535 2536 cum
1553 2506 1675 2538 litteris
1696 2509 1778 2544 suis,
1803 2510 1851 2539 rei
1875 2511 1995 2541 seriem
2018 2513 2280 2550 contineutibus,

1268 2557 1309 2587 ad
1325 2562 1473 2588 nostram
1492 2559 1584 2589 duxit
1600 2562 1802 2598 presentiam
1818 2563 2049 2594 remittendam
2063 2575 2068 2600 ;
2087 2566 2208 2604 quibus
2223 2577 2282 2605 per

1268 2609 1406 2641 dilectos
1423 2611 1510 2641 filios
1527 2617 1656 2643 nostros
1673 2636 1694 2642 ..
1710 2614 1923 2644 Hostiensem
1941 2620 1971 2645 et
1989 2639 2008 2645 ..
2029 2618 2283 2649 Preuestrinum

1268 2664 1390 2696 electos
1407 2666 1445 2696 de
1462 2667 1617 2697 mandato
1634 2672 1746 2698 nostro
1763 2670 1902 2707 apertis,
1921 2670 2025 2701 nichil
2041 2677 2154 2702 contra
2172 2673 2282 2712 ipsum

1266 2718 1374 2756 potuit
1396 2718 1554 2755 inveniri,
1580 2725 1710 2759 propter
1732 2721 1818 2760 quod
1840 2722 2019 2753 incurrerit
2040 2725 2126 2755 same
2147 2726 2284 2765 dispen-

1268 2770 1361 2801 dium
1392 2771 1444 2802 vel
1481 2772 1619 2803 alterius
1654 2779 1820 2804 mereatur
1854 2776 1994 2814 periculi
2031 2777 2282 2809 detrimentum.

1267 2824 1404 2860 Verum,
1417 2834 1492 2854 cum
1504 2825 1591 2855 dicto
1602 2827 1777 2857 mercatori
1790 2837 1847 2866 per
1857 2828 2014 2859 dilectum
2027 2830 2133 2860 tilium
2144 2831 2283 2862 fratrem

1268 2875 1506 2915 Raimundum,
1518 2878 1778 2917 penitentiarum
1791 2886 1952 2917 nostrum,
1966 2882 2090 2922 imponi
2103 2884 2282 2916 fecerimus

1267 2929 1487 2967 penitentiam
1510 2930 1707 2967 salutarem,
1729 2932 1923 2964 discretioni
1945 2939 2052 2966 vestre
2073 2945 2131 2974 per
2150 2942 2284 2976 aposto-
