2498 3242
141 281 200 311 505

1003 273 1189 311 Slxll'cME
1213 275 1377 311 ,mxlii-3.

2160 293 2219 322 :3015

140 363 189 394 tui
211 363 347 399 honore,
371 362 605 393 reformatione
626 362 848 392 ecclesiastice
872 362 1066 398 honestatis,
1092 372 1150 393 nec
1181 360 1186 403 ,l
1211 366 1281 402 get,
1300 366 1331 395 et
1350 366 1538 405 ubicunque
1562 367 1721 405 injuriose
1740 370 1847 401 delata
1865 371 1964 402 fuerit
1987 373 2218 412 injuriatorum

140 424 207 446 non
224 417 256 446 et
271 416 478 455 corrigendis
495 415 689 446 excessibus
706 416 999 453 transgressorum,
1025 415 1151 445 litteras
1180 442 1181 466 ¹

140 468 340 507 apostolicas
371 469 405 498 in
433 476 571 507 regnum
598 468 717 506 Anglie
743 476 802 506 per
827 477 979 498 cursores
1007 470 1150 503 nostros,
1180 507 1181 510 Ἴ

140 520 226 551 sicut
251 522 283 551 et
311 529 369 560 per
397 521 463 551 alia
489 520 606 551 mundi
637 529 748 559 regna,
780 521 1052 551 transmisimus:
1072 521 1152 559 qnid

139 573 328 604 obedientia
344 573 494 612 ipsorum
511 573 675 603 demeruit
693 574 738 606 nt,
756 582 774 602 a
792 573 946 603 vassallis
965 573 1030 603 tuis
1048 575 1078 604 et
1094 573 1150 602 do-
1178 556 1181 576 ¹

137 627 296 661 mesticis,
315 636 381 657 non
398 627 470 657 sine
488 628 556 660 tua,
575 627 610 656 ut
627 626 759 660 dicitur,
778 626 1003 660 conniventia,
1023 635 1101 660 uno,
1121 627 1152 656 et
1180 613 1181 634 ¹

139 678 179 709 de
200 679 351 718 partibus
374 679 440 709 tuis
469 679 621 714 oriundo,
648 679 872 708 inhumaniter
894 679 925 708 in
951 679 1053 708 frusta
1075 688 1151 708 con-
1180 666 1181 678 ἵ

140 732 222 766 ciso,
238 733 269 762 et
286 732 390 762 altero
403 732 566 762 semivivo
583 732 706 765 relicto,
722 731 840 762 litteris
853 732 951 761 etiam
968 731 1150 770 dissipatis,
1180 756 1181 761 ,

140 785 231 814 bulla
261 786 372 816 nostra
402 785 589 815 conculcari
618 785 750 814 deberet
777 785 810 814 in
837 793 948 821 regne,
973 794 1031 822 pro
1057 785 1152 822 cnjus
1181 782 1182 795 ³

137 837 276 867 tuitione
295 846 332 867 ac
348 837 549 867 exaltatione
571 837 738 872 continua,
761 837 848 876 apud
871 845 964 875 reges
980 838 1011 866 et
1031 837 1150 875 princi-

136 899 208 929 pes,
230 899 289 929 per
313 891 466 921 diversas
488 891 592 921 seculi
619 891 770 929 regiones
801 891 1009 925 transmissa,
1031 890 1152 920 totiens
1180 920 1182 947 ι

136 943 326 982 peroravit?
338 960 375 965 —
389 943 464 973 lIiis
475 943 574 974 etiam
588 952 652 973 non
665 943 952 976 contenti,manns
968 943 1152 981 injicientes
1180 957 1181 979 1

138 995 172 1026 in
187 996 324 1026 clericos
342 996 516 1030 violentas,
535 997 599 1025 tam
620 996 751 1026 Italicos
769 1004 868 1034 quam
883 996 994 1030 etiam,
1012 997 1047 1025 ut
1062 1004 1150 1026 asse·
1180 981 1181 1045 1

138 1048 233 1081 ritur,
251 1048 465 1086 Anglicanos,
486 1049 570 1078 alios
587 1048 800 1083 obsederunt,
818 1048 901 1078 alios
919 1048 1062 1077 diversis
1081 1048 1149 1077 afti-

136 1100 261 1131 cientes
291 1101 478 1140 suppliciis,
507 1101 546 1130 ad
574 1101 836 1139 redemptionem
863 1102 1028 1137 cogentes,
1054 1100 1151 1130 bonis
1179 1099 1181 1141 j

139 1153 296 1183 omnibus
320 1153 520 1192 spoliarunt,
547 1153 627 1183 adeo
651 1153 871 1183 debachantes
898 1153 930 1182 in
956 1153 1042 1183 clero
1063 1153 1151 1191 quod
1179 1142 1180 1151 ¹

133 1205 203 1244 jam
227 1206 324 1244 quasi
343 1206 486 1235 Neronis
511 1206 691 1244 nequitiam
712 1206 779 1244 pati
799 1205 953 1235 timeatur
974 1206 1006 1235 in
1030 1206 1151 1243 Anglia

137 1258 333 1294 recidivam,
356 1258 534 1296 adjuti-lces
557 1266 689 1296 quoque
711 1266 831 1287 manus
855 1258 894 1287 ad
920 1258 1044 1287 scelera
1070 1267 1148 1296 quo-

136 1311 278 1341 rundam
294 1310 495 1348 prelatorum
511 1311 553 1340 ad
570 1310 630 1340 hoc
648 1310 770 1348 regalis
785 1310 889 1339 sensit
905 1311 1096 1346 auctoritas,
1116 1312 1149 1340 ut

135 1363 199 1394 sub
222 1363 346 1393 favoris
370 1363 478 1401 specie
501 1363 634 1392 facilius
661 1363 826 1392 traherent
848 1363 936 1400 quod
961 1363 1076 1392 odiunt
1108 1363 1150 1392 ad

138 1416 281 1445 ruinam.
293 1415 361 1445 Nec
377 1417 506 1445 tantum
524 1415 631 1454 ipsius
645 1415 721 1445 facti
738 1415 945 1445 exacerbatio
957 1415 1060 1445 animi
1076 1424 1147 1444 nos-

128 1468 170 1498 tri
190 1469 318 1497 motum
336 1470 524 1506 exaggerat,
544 1469 705 1506 quantum
723 1468 838 1497 dilatio
858 1468 1002 1497 vindicte
1021 1469 1149 1497 centur·
1178 1463 1179 1499 l

127 1520 199 1557 hat;
217 1529 280 1560 que
297 1521 472 1560 prevenire
490 1521 715 1559 potiusquam
735 1521 895 1558 subsequi
911 1520 1091 1550 debuisset.
1110 1537 1147 1542 —-
1177 1502 1180 1576 ᾖ

126 1574 246 1609 Immo,
263 1574 351 1613 quod
363 1574 498 1612 gravius
515 1575 720 1613 reputamus,
734 1574 878 1612 culpam,
893 1574 975 1603 forte
988 1574 1144 1609 alienam,

126 1635 167 1658 ex
186 1627 346 1657 dilatione
370 1627 514 1657 vindicte
538 1627 702 1657 refudisse
727 1627 852 1657 videris
877 1627 910 1656 in
934 1627 1040 1662 tuam;
1066 1627 1146 1656 dum

123 1679 321 1718 scrupulum
349 1679 475 1710 occulte
502 1679 714 1710 conniveutie
743 1688 810 1709 non
836 1679 977 1714 evitans,
1007 1688 1065 1709 nec
1090 1679 1144 1709 ob-

121 1733 221 1763 viasti
244 1734 333 1763 tanto
352 1733 504 1767 facinori,
526 1741 583 1763 nec
602 1741 660 1771 per
677 1732 917 1763 satisfactionis
939 1732 1142 1762 celeritatem

121 1785 157 1816 in
171 1794 231 1816 suo
244 1794 354 1816 errore
369 1786 464 1824 quasi
480 1785 688 1816 confovendo
705 1794 893 1825 perversos,
907 1785 1140 1824 precedentem

122 1839 357 1878 negligentiam
380 1839 533 1877 expiasti.
559 1839 611 1869 Ex
634 1839 757 1877 quibus
785 1839 947 1877 contingit
973 1839 1061 1877 quod
1087 1839 1142 1868 via
1170 1864 1171 1867 ,

121 1892 257 1930 paratur
272 1891 403 1928 emulis,
426 1891 519 1921 locus
534 1900 569 1922 se
592 1891 686 1921 offert
703 1891 839 1925 invidis,
859 1891 987 1920 inimici
1005 1891 1093 1929 regis
1111 1892 1143 1921 et

122 1944 216 1983 regni
238 1944 400 1975 insultant
421 1944 456 1974 in
473 1944 569 1974 nobis
591 1944 655 1974 leto
671 1944 795 1978 animo,
819 1944 915 1982 quasi
931 1943 1033 1982 digito
1060 1944 1140 1973 scri-

119 1996 236 2028 bentes
254 1997 288 2027 in
305 1998 392 2027 terra
409 2006 416 2027 :
435 1998 517 2027 Ecce
536 2005 595 2027 rex
612 1997 746 2035 Anglie!
772 1997 863 2026 tilius
880 1997 1001 2026 unicus
1019 1997 1137 2027 matris

121 2051 196 2081 suet
219 2058 293 2080 ecce
313 2050 434 2089 pupilli
452 2050 598 2080 devotio!
625 2058 699 2080 ecce
724 2050 860 2079 vassalli
881 2049 1041 2080 fidelitas!
1065 2058 1140 2079 ecce
1167 2055 1169 2080 i

121 2103 307 2134 reverentia
332 2103 460 2133 filialis!
487 2111 561 2133 ecce
587 2103 827 2133 beneficiorum
855 2102 1022 2141 condigna
1050 2103 1140 2132 retri-
1167 2111 1169 2131 ¹,

119 2156 213 2187 butio
243 2157 492 2195 perceptorum!
521 2164 596 2186 ecce
624 2155 790 2194 quomodo
819 2155 952 2185 amabat
980 2155 1138 2185 eundem!

119 2209 185 2240 hiis
201 2210 233 2240 et
253 2209 422 2239 similibus
443 2209 580 2238 auribus
605 2209 728 2238 nostris
755 2208 870 2246 sepius
899 2208 1074 2238 inculcatis
1090 2225 1139 2238 —.

120 2262 291 2293 Acceleret
307 2262 406 2300 igitur
423 2262 546 2300 regalis
563 2261 758 2292 excellentie
777 2261 1000 2300 providentia,
1021 2262 1052 2291 et
1069 2269 1141 2299 pre-

119 2315 250 2345 teritam
270 2315 505 2354 negligentiam
529 2314 698 2345 redimens
719 2323 778 2352 per
794 2313 1004 2351 diligentiam
1027 2313 1140 2343 subse-

120 2369 290 2407 quentem,
302 2368 530 2399 malefactores
544 2368 634 2407 ipsos
646 2368 686 2397 ad
700 2367 941 2397 restitutionem
953 2367 1139 2405 plenariam
1164 2385 1165 2391 ,

120 2421 160 2452 de
181 2421 358 2452 subtractis
382 2422 413 2451 et
434 2421 696 2451 satisfactionem
719 2428 899 2459 congruam
923 2420 962 2449 de
989 2419 1137 2455 offensis,

122 2474 196 2505 sine
209 2483 300 2504 more
316 2474 491 2513 dispendio
507 2474 626 2504 tradita
643 2473 706 2504 sibi
720 2474 880 2512 potestate
897 2472 1084 2511 compellat.
1100 2490 1139 2494 —

119 2526 292 2565 Alioquin,
301 2528 596 2565 quantumcunque
609 2534 786 2565 personam
796 2527 886 2555 tuam
897 2524 1037 2555 sinceris
1047 2525 1138 2555 affec-

119 2578 210 2609 tibus
231 2579 423 2618 diligamus,
445 2580 477 2610 et
497 2579 540 2610 ad
567 2579 661 2618 regni
684 2579 731 2610 tui
753 2578 989 2609 exaltationem
1013 2579 1043 2608 et
1066 2587 1138 2617 gra-

118 2631 210 2667 tiam,
226 2633 387 2670 quantum
402 2639 479 2661 cum
491 2631 562 2662 Deo
579 2631 652 2662 fieri
666 2632 784 2670 potest,
799 2631 947 2671 paternis
959 2628 1138 2660 desideriis

119 2685 328 2721 anhelemus,
345 2693 398 2719 ne,
417 2684 447 2714 si
464 2685 553 2715 tante
569 2684 756 2723 iniquitatis
772 2684 951 2715 infrontata
969 2683 1136 2714 temeritas

119 2739 305 2768 remaneret
317 2737 458 2768 forsitan
471 2737 646 2776 impunita,
660 2738 816 2768 transiret
827 2737 969 2776 posteris
980 2737 1015 2766 in
1027 2744 1135 2766 exem-

119 2791 229 2830 plum,
247 2790 287 2820 ad
306 2790 489 2820 vindictam
507 2790 770 2827 malefactorum,
787 2790 921 2820 laudem
937 2798 1017 2820 vero
1032 2789 1135 2820 bono-

120 2852 208 2880 rum,
228 2843 323 2877 illud,
340 2843 416 2874 lieet
430 2842 539 2878 inviti,
557 2843 701 2881 cogitare
717 2851 884 2882 cogemur,
899 2842 989 2882 quod
1005 2851 1047 2873 ex
1061 2851 1134 2881 pre·
1160 2875 1163 2898 Ι

122 2896 236 2927 missis
255 2896 390 2935 injuriis
411 2897 443 2927 et
465 2895 556 2926 bulle
572 2897 682 2926 nostre
700 2896 884 2935 precisione
906 2904 924 2926 a
940 2895 1071 2930 litteris,
1094 2903 1136 2926 ex
1162 2902 1163 2920 1

122 2949 282 2989 qualitate
299 2949 456 2986 vindicte,
472 2948 632 2979 mittentis
647 2949 827 2980 auctoritas
839 2948 1010 2980 obfuscata
1026 2957 1135 2980 resur·
1161 2965 1165 2979 ι

1212 418 1385 454 acerbitas,
1409 419 1551 457 gloriose
1576 421 1654 459 quid
1677 422 1798 453 referre
1826 425 1931 454 valeat
1952 429 2091 456 ventura
2114 430 2220 467 poste-

1212 470 1291 500 ritas
1308 471 1349 501 ad
1367 471 1525 502 honorem
1540 473 1843 506 EcclesieRomane
1858 479 1887 507 et
1899 480 2058 514 nostrum,
2076 480 2220 510 vindicte

1210 523 1354 561 qualitas
1378 524 1548 556 indicabit.
1568 526 1636 556 Nec
1656 527 1884 566 inquisitionis
1907 530 2011 561 littere
2035 541 2134 571 super
2151 542 2219 564 ma-

1210 576 1366 606 trimonio
1386 601 1404 607 ..
1417 577 1590 616 justitiarii
1608 580 1654 609 tui
1672 581 1711 610 ad
1728 581 2012 614 denuntiationem
2028 586 2146 615 totiens
2167 594 2219 616 no-

1210 628 1262 658 bis
1278 629 1410 665 factam,
1434 640 1533 669 qnam
1550 632 1677 669 dejure
1695 634 1833 664 ulterius
1851 636 2008 667 obaudire
2032 647 2097 668 non
2116 638 2219 674 licuit,

1212 682 1354 719 regalem
1377 684 1595 714 constantiam
1619 694 1753 716 movere
1777 688 1986 725 aliquatenus
2011 690 2217 726 debuissem&

1211 743 1286 763 cuin
1298 735 1418 773 ipsum,
1433 744 1531 774 quein
1542 737 1670 768 sincera
1683 738 1855 777 diligimus
1869 740 1901 770 in
1916 742 2060 771 Domino
2074 744 2220 778 caritate,

1213 788 1321 825 utpote
1343 789 1438 826 cujus
1463 789 1563 819 iidem
1587 792 1617 820 et
1642 791 1865 828 devotionem,
1890 794 2017 824 nuntiis
2045 796 2166 825 nostris
2190 798 2221 826 et

1181 869 1182 883 ἶ
1210 840 1398 878 specialiter
1413 842 1531 872 dilecto
1553 843 1622 873 tilio
1646 844 1824 882 Stephano,
1843 846 2013 884 capellano
2030 850 2153 883 nostre,
2175 858 2221 879 re-

1211 893 1406 929 ferentibus,
1428 895 1461 925 in
1486 895 1600 925 multis
1623 897 1748 935 experti
1767 907 1895 933 suiuus,
1922 899 2058 937 ejusque
2078 902 2219 938 negotia,

1210 947 1370 983 quantum
1395 956 1470 977 cum
1492 948 1562 978 Deo
1584 957 1777 987 possumus,
1793 951 2021 989 disponamus,
2045 953 2117 982 sine
2134 953 2221 991 juris

1210 998 1344 1037 injuria,
1365 1008 1571 1038 promovere.
1594 1003 1669 1032 Dat.
1687 1003 1825 1041 Spoleti,
1847 1004 1908 1034 Vll
1932 1005 2118 1044 idusjunii,
2139 1014 2218 1044 pon-

1180 1087 1181 1091 *
1210 1052 1352 1082 titicatus
1370 1054 1475 1084 nostri
1493 1063 1579 1085 anno
1597 1057 1702 1086 sexto.
1727 1069 1742 1084 »

1276 1212 1347 1247 807
1813 1214 1934 1248 studete,
1953 1215 1967 1241 9
1981 1215 2045 1250 juin
2068 1218 2142 1242 1932.

1244 1293 1439 1320 Justitiarium
1453 1295 1527 1327 rugis
1544 1295 1660 1329 Angliae
1678 1296 1779 1323 invitat
1797 1298 1825 1323 nt
1842 1297 1875 1323 ule
1890 1298 1968 1324 Sedis
1982 1299 2159 1333 ⁴&postolicae
2179 1301 2218 1328 sa·
2240 1316 2243 1319 -

1209 1350 1274 1367 vore
1294 1344 1321 1368 et
1340 1343 1454 1377 justitia
1477 1344 1558 1377 plene
1579 1344 1701 1371 confidat
1721 1347 1747 1371 et
1771 1345 1804 1371 dc
1826 1346 2025 1373 misericordia
2045 1348 2140 1374 dehita
2161 1357 2215 1375 non

1208 1389 1350 1423 desperet,
1375 1393 1400 1417 et
1427 1391 1517 1425 ipsius
1543 1392 1691 1419 libertates
1717 1395 1745 1420 et
1776 1393 1843 1429 jura
1876 1397 1979 1421 servet.
2008 1411 2043 1416 —-
2068 1397 2147 1430 (ure.
2175 1399 2213 1428 lt),

1178 1455 1179 1460 ,
1209 1437 1227 1463 f.
1249 1440 1277 1464 13
1296 1440 1600 1473 x-0-1111n.v1,c.·23.)

1331 1461 1339 1473 7

1248 1540 1262 1556 «
1286 1529 1390 1558 Nobili
1408 1530 1472 1559 rire
1489 1531 1695 1569 ..jnslilinrio
1713 1533 1791 1572 reqis
1807 1533 1926 1571 ,ingylbu
1946 1534 1979 1564 Si
1999 1537 2052 1564 tue
2069 1536 2215 1567 devotio-

1175 1578 1178 1613 J
1207 1581 1259 1612 nis
1272 1599 1321 1612 —.
1339 1583 1415 1612 Dat.
1434 1583 1570 1622 Spoleti,
1588 1585 1616 1614 V
1635 1585 1821 1623 idusjunii,
1840 1596 1926 1617 anno
1943 1589 2047 1617 sexto.
2074 1602 2088 1614 n

1271 1743 1343 1774 808
1812 1743 1937 1778 Spolele‚
1955 1746 1970 1770 9
1983 1743 2046 1779 juia
2066 1745 2142 1772 ¹232.

1237 1826 1492 1860 Archiepiscopum
1519 1826 1741 1859 Eboracensem,
1768 1827 1914 1862 episcopos
1941 1831 1969 1855 et
1995 1829 2066 1856 alios
2094 1831 2212 1865 Angliac

1201 1875 1344 1909 praelatos
1367 1875 1493 1909 graviter
1518 1875 1647 1909 increpat
1673 1876 1759 1910 quod,
1780 1876 1854 1903 haud
1880 1877 1985 1911 ignotis
2008 1877 2120 1913 injuriis
2141 1887 2212 1913 quae

1201 1923 1315 1949 clericis
1331 1931 1363 1949 ac
1384 1923 1548 1950 cursoribus
1570 1925 1629 1950 suis
1645 1924 1703 1950 siat
1725 1924 1834 1958 illatae,
1851 1933 1907 1951 uno
1925 1925 1953 1951 in
1972 1926 2065 1953 frusta
2087 1927 2211 1959 conciso,

1190 1974 1228 2008 vet
1244 1972 1336 1998 altero
1353 1972 1490 1999 semivivo
1505 1972 1614 2004 relicto,
1632 1973 1665 1999 de
1684 1973 1735 1999 hoe
1748 1981 1836 2007 papae
1848 1982 1902 2000 non
1918 1975 2099 2008 scripserint,
2114 1976 2212 2010 eisque

1201 2020 1321 2046 mandat
1341 2023 1482 2054 quatenus
1504 2021 1706 2048 malefactores
1727 2023 1991 2049 excommunicent.
2009 2039 2042 2042 —
2063 2025 2144 2058 (Rae.
2170 2026 2210 2055 16,

1200 2068 1220 2096 f.
1245 2069 1276 2095 ¹4
1296 2073 1337 2102 r⁰;
1360 2076 1428 2095 aaa.
1457 2069 1504 2102 Vl,
1533 2077 1558 2096 c.
1579 2070 1628 2103 ‘2²st
1651 2085 1685 2089 κ-
1709 2070 1823 2097 Moamu
1852 2072 1928 2104 ¹187,
1949 2071 1969 2097 s.
1994 2073 2060 2105 2873
2085 2087 2120 2092 —-
2145 2072 2213 2100 Por-

1199 2126 1285 2144 TuAST
1303 2118 1393 2150 8948.)

1242 2222 1255 2235 «
1282 2233 1301 2239 ..
1320 2208 1544 2249 archispiscopo
1562 2209 1759 2245 Etru-acensi,
1779 2211 1925 2250 episcopis
1943 2216 1970 2240 ct
1988 2211 2057 2240 aliis
2072 2211 2206 2242 ecclcsia-

1199 2272 1265 2291 rum
1278 2261 1405 2301 prelatis
1415 2272 1474 2301 per
1488 2261 1630 2302 Anqliam
1645 2263 1825 2294 ctmseilula's.
1844 2264 1962 2294 Dulcis
1976 2264 2209 2295 amaritudinis

1198 2317 1230 2346 et
1246 2333 1293 2345 —.
1312 2315 1388 2345 Dat.
1408 2315 1546 2354 Spoleti,
1564 2316 1593 2346 V
1611 2315 1687 2346 idus
1699 2316 1799 2354 Junii,
1819 2325 1905 2347 anno
1921 2318 2026 2348 sexto.
2052 2329 2066 2344 »

1265 2477 1338 2508 809

1789 2477 1913 2512 Spolete,
1930 2479 1963 2504 ‘22
1975 2478 2039 2514 juin
2062 2479 2136 2505 ¹232.

1231 2561 1360 2596 Capitulo
1379 2561 1501 2588 Sanctae
1518 2560 1622 2588 Mariae
1642 2561 1852 2588 Transtiberim
1874 2563 1907 2589 de
1927 2562 2000 2589 L'rbe
2018 2565 2118 2590 notum
2139 2563 2207 2591 facit

1196 2618 1226 2637 se
1241 2610 1375 2637 omnibus
1394 2609 1442 2644 qui
1461 2609 1588 2644 ipsorum
1607 2610 1773 2642 ecclesiam,
1795 2619 1881 2645 quam
1900 2611 1921 2638 1.
1940 2619 2024 2646 papa,
2045 2612 2208 2646 praedeces-

1195 2667 1243 2686 sor
1253 2667 1332 2693 suus,
1348 2658 1494 2685 inhonore
1506 2658 1554 2685 Dei
1565 2658 1730 2692 Genitricis,
1741 2659 1943 2686 assistentibus
1958 2660 2011 2686 sibi
2024 2660 2205 2694 patriarchis,

1196 2707 1430 2742 archiepiscopis,
1441 2707 1592 2742 episcopis,
1605 2707 1798 2734 cardinalibus
1811 2710 1837 2734 et
1847 2708 1912 2735 aliis
1924 2708 2112 2735 eeclesiarum
2125 2716 2204 2743 prae-

1196 2756 1262 2784 latis
1282 2756 1329 2791 qui
1346 2758 1484 2783 venerant
1499 2756 1534 2782 ad
1552 2755 1708 2782 concilium
1725 2756 1868 2790 generale,
1885 2758 2014 2790 tempore
2034 2756 2122 2791 ipsius
2143 2765 2207 2784 con-

1161 2826 1162 2829 ,
1195 2805 1266 2838 ciiii,
1282 2805 1354 2831 XVII
1370 2804 1509 2832 kalendas
1531 2804 1693 2831 decembris
1711 2804 1882 2831 solemniter
1898 2807 2126 2837 consecraverat,
2142 2805 2205 2832 visi-

1195 2853 1286 2881 tarint
1305 2853 1334 2880 in
1351 2852 1397 2880 die
1418 2853 1605 2880 dedicationis
1622 2851 1752 2888 ejusdem
1767 2854 1792 2879 et
1817 2861 1904 2887 usque
1921 2853 1954 2879 ad
1972 2855 2087 2880 octavas
2103 2853 2205 2888 ipsius,

1194 2910 1304 2930 annum
1317 2910 1407 2929 unum
1420 2901 1454 2928 de
1467 2901 1599 2937 injuncta
1610 2900 1663 2928 sibi
1680 2901 1856 2935 paenitentia
1868 2901 2008 2929 relaxare.
2020 2917 2052 2922 -
2068 2901 2146 2936 (Rea.
2162 2902 2203 2935 16,

1195 2951 1216 2980 s.
1237 2952 1267 2978 15
1283 2955 1328 2986 v⁰;
1344 2959 1412 2978 ann.
1429 2950 1477 2985 VI,
1492 2958 1517 2978 c.
1536 2951 1584 2983 25,
1599 2965 1633 2970 —
1649 2949 1766 2977 Moamu
1786 2950 1897 2983 1187,1”.
1913 2950 1987 2983 299.)
