2498 3242
206 258 256 286 551
931 260 1169 290 REGISTRES
1192 260 1247 290 DE
1269 254 1492 292 GREGOIRE
1516 264 1574 293 1x.
1700 287 1705 293 .
1795 293 1798 297 ,
2248 267 2303 297 552

203 322 436 350 archidiaconus,
454 331 518 349 cum
541 324 628 350 multa
650 324 876 351 contradic-tione
893 330 971 352 esset
996 325 1022 351 in
1040 325 1211 360 episcopum

204 370 410 403 Legioncnscm
425 372 545 400 clectus,
565 372 658 406 ipsum
676 381 791 399 monere
807 381 840 399 ac
857 373 992 401 inducere
1010 378 1164 408 procurent
1182 378 1213 400 ut

201 419 281 444 cedat
305 425 482 453 spontaneus
511 428 560 454 per
587 428 619 446 se
645 422 762 455 ipsum:
786 422 861 456 quod
890 423 914 448 si
941 423 1069 457 ipsorum
1095 422 1213 449 monitis

204 467 394 500 acquieverit,
413 469 563 501 injungant
580 468 751 503 Legioncnsi
769 471 892 505 capitulo
911 475 939 497 111
956 472 1009 497 sibi
1026 470 1060 497 dc·
1073 471 1126 497 alia
1144 479 1212 505 per-

206 523 275 541 sona
301 516 401 541 idonea
427 517 591 550 provideant
612 519 638 544 in
663 522 818 551 pastorem.
841 534 873 538 —
891 519 974 552 (Rso.
1000 521 1047 554 tc,
1069 522 1087 548 f.
1109 522 1142 549 43
1163 530 1209 557 νος

203 572 268 590 ann.
288 563 338 596 ῩΙ,
355 573 379 590 0,
406 564 471 591 izi-..¹

275 701 293 705 ..
313 680 445 715 cpismpw
460 681 612 709 tarsensi.
631 703 648 707 ..
668 681 778 710 flavino
793 683 939 719 Bnrqrnsi
955 689 980 711 (Ι
1000 686 1143 720 alaysia-Iro
1162 686 1205 722 F.‚

199 731 458 759 ιιι-0111ιί100000ιΙι
482 734 618 762 ‘'ry-rata.
639 734 796 762 I'alevttinr
817 735 947 764 diorrsis.
968 736 1049 767 Cum
1067 737 1207 768 dilectus

201 782 288 811 tilius
303 801 350 812 —.
368 785 439 813 Dat.
460 791 491 813 ut
512 794 620 824 supra.
644 799 654 810 v

301 955 358 983 20
729 957 855 991 Anagni,
875 958 901 984 11
921 959 1038 985 octobre
1058 959 1134 986 1‘23‘2.

235 1015 348 1041 Eisdem
370 1017 483 1042 mandat
504 1021 647 1051 quatenus
668 1019 814 1051 negotium
836 1019 985 1046 electionis
1001 1020 1133 1055 MIartini]
1155 1022 1207 1048 Al-

196 1064 280 1090 fossi.
296 1064 488 1090 archidiaconi
504 1064 705 1099 Legionensis,
720 1067 746 1092 in
764 1065 972 1099 Legionensem
990 1068 1159 1104 episcopum
1171 1070 1205 1096 ad

195 1113 385 1145 apostolicum
409 1122 528 1139 examen
552 1114 712 1148 remittant,
735 1115 827 1141 eidem
853 1116 905 1147 M„
927 1117 974 1150 qui
996 1125 1027 1143 se
1048 1126 1098 1152 pro
1114 1119 1205 1146 electo

195 1160 322 1193 gerebat,
341 1162 466 1194 praefixo
483 1162 605 1188 termino
622 1165 814 1198 peremptorio
830 1165 1015 1199 competenti.
1032 1174 1089 1200 quo
1106 1175 1206 1201 perso-

194 1209 304 1240 naliter,
324 1209 537 1242 partibusvero
555 1211 581 1236 in
599 1211 651 1237 hac
665 1219 752 1237 causa
769 1213 921 1239 contrariis
935 1222 992 1247 quo
1008 1223 1057 1248 per
1071 1223 1204 1249 procura-

194 1260 271 1281 tores
298 1256 432 1286 idoneos.
459 1266 555 1284 coram
582 1258 646 1292 ipso
674 1267 745 1294 papa
773 1265 968 1295 compareant.
994 1277 1026 1282 —
1049 1262 1130 1296 (Rae.
1159 1264 1202 1296 16,

192 1304 210 1330 1.
229 1304 261 1330 43
278 1310 322 1333 v02
341 1313 407 1331 ann.
428 1304 478 1339 VI,
495 1315 520 1332 c.
544 1307 616 1337 131.)

240 1442 242 1446 ,
274 1426 399 1454 Eixdsm.
435 1427 554 1457 Uib-cti
587 1428 647 1458 filii
681 1430 716 1459 F.
745 1429 1016 1467 archidiaconus,
1043 1434 1202 1471 magister

190 1477 360 1507 .l‹›liannc:s
385 1480 581 1515 canonicus,
605 1485 633 1510 et
657 1481 814 1512 Julianus
836 1484 1060 1521 portionarius
1083 1486 1201 1525 Legio-

191 1531 304 1559 ncnsis
322 1531 530 1570 ρει-10510100
541 1533 661 1563 dilecto
673 1534 741 1564 11110
752 1536 796 1565 M.
812 1535 941 1567 Alfonsi
953 1537 1197 1575 archidiacono,

190 1582 247 1619 qni
274 1591 331 1620 pro
356 1583 461 1621 ipsius
490 1585 627 1615 vcclcsie
653 1586 756 1616 010010
779 1596 813 1617 50
839 1589 939 1625 «gerit,
967 1599 1025 1620 nec
1052 1600 1116 1620 non
1141 1601 1199 1630 pro

191 1644 224 1663 se
240 1635 321 1672 ipsis
337 1646 372 1664 a«-
389 1642 479 1673 part(-
495 1647 553 1666 sua
567 1638 601 1667 in
614 1643 724 1669 nostra
737 1645 765 1670 01
777 1641 916 1670 fratrum
928 1647 1115 1673 nostrorum
1128 1654 1199 1683 prc-

191 1687 296 1716 501010
326 1698 506 1726 propnnvrue
529 1697 728 1721 curaverunt
755 1693 856 1731 quod,
884 1694 969 1724 bone
992 1697 1151 1727 memorie
1177 1721 1197 1726 ..

191 1739 387 1769 vainnvnsi
404 1742 554 1779 cmm-opo
568 1743 655 1772 viam
668 1744 823 1774 universe
840 1745 949 1775 carnis
965 1746 1126 1783 ingresso,
1146 1757 1198 1778 ec-

190 1791 289 1821 011510
307 1793 452 1829 1110111011·
469 1795 666 1832 rapitulnm,
686 1797 809 1827 vocatis
825 1798 881 1836 qui
899 1799 1032 1829 comode
1048 1805 1198 1838 poterant

188 1849 215 1871 vt
238 1843 398 1874 (1110110111
424 1846 462 1874 «10
480 1847 555 1884 jure
576 1849 703 1883 vocari,
729 1858 803 1878 cum
819 1850 853 1879 in
877 1850 958 1881 duas
980 1857 1090 1890 partes
1106 1853 1198 1883 vide-

189 1903 302 1925 rentur
314 1906 425 1926 0011110
440 1904 512 1927 vota
524 1899 642 1933 divisa,
658 1923 678 1930 ..
693 1901 827 1933 decano.
844 1903 888 1932 M.
901 1903 1014 1941 priori,
1031 1905 1065 1934 F.
1081 1906 1198 1936 Garsie

187 1958 222 1975 at-
245 1948 351 1986 l.upo.
371 1950 640 1989 archidiac-omis]
664 1953 944 1991 chionensibus.
964 1965 1023 1986 nec
1040 1966 1103 1987 non
1127 1967 1197 1987 ma,-

188 2000 289 2029 antro
315 2002 362 2030 1³..
387 2002 543 2033 01010051
565 2004 814 2042 archidiacono,
839 2007 918 2045 quia
939 2008 978 2038 de
999 2010 1124 2045 gremio
1145 2020 1197 2041 ec-

186 2051 285 2081 clesi-f
303 2054 448 2083 inveniri
466 2065 530 2085 000
553 2061 678 2095 poterat
703 2059 760 2096 qui
779 2059 875 2089 alteri
897 2061 1040 2098 partium
1059 2071 1125 2092 non
1147 2064 1197 2093 fa-

187 2111 292 2134 veret.
321 2107 514 2144 providendi
543 2109 591 2139 015
619 2110 658 2140 (10
685 2110 777 2141 1111115
803 2113 928 2149 gremio
952 2114 987 2142 in
1012 2119 1194 2153 pastorem,

186 2163 380 2194 pt›tt⁴statciri
404 2161 609 2191 unanimiter
633 2163 865 2199 contulerunt,
895 2165 955 2195 hoc
981 2175 1135 2205 expresso
1161 2172 1197 2198 ut

186 2210 270 2246 quod
289 2210 328 2238 al·
348 2212 502 2241 0111011015
520 2213 570 2243 vel
589 2223 703 2244 eorum
719 2216 836 2255 majori
852 2222 943 2255 parte
960 2218 1068 2249 tieret.
1088 2224 1196 2250 ratum

185 2272 200 2289 ;ι
219 2263 362 2300 capitulo
376 2264 555 2295 habero—tur
571 2271 600 2296 et
618 2268 765 2303 firmum,
780 2274 877 2307 prout
893 2270 927 2299 in
944 2271 1102 2301 consectis
1119 2272 1196 2302 inde

184 2313 305 2343 11110115
331 2317 542 2353 caminetum
573 2328 591 2348 a
622 2320 743 2358 quihus
773 2321 888 2351 habito
912 2331 1011 2360 super
1035 2323 1196 2354 electione

185 2371 336 2396 tractatu.
356 2368 499 2398 demum.
516 2376 587 2408 post
604 2373 850 2404 nominationes
866 2374 1066 2413 multiplices
1082 2385 1196 2414 perso·
1218 2376 1221 2381 '

186 2428 302 2449 narum
321 2425 347 2450 et
374 2421 568 2453 collationes
589 2433 703 2454 earum
720 2426 759 2455 ad
775 2426 934 2462 invicem,
952 2428 1049 2458 dictis
1072 2429 1196 2460 decano

184 2476 213 2500 01
225 2472 334 2510 priore
346 2474 379 2502 in
392 2474 548 2504 dilectum
561 2476 667 2506 filium
679 2477 870 2509 ..decanum
879 2479 1193 2518 Compostcllanum,

184 2525 321 2562 prefatis
337 2535 413 2555 vero
431 2527 466 2556 L.
485 2532 513 2557 01
530 2529 565 2558 F.
584 2529 828 2561 archidiaconis
842 2532 876 2561 in
890 2533 1073 2571 predictum
1088 2535 1132 2564 M.
1147 2544 1195 2564 ar-

183 2576 414 2607 chidiaconum
432 2581 680 2612 conferentibus
698 2587 771 2613 vota
786 2593 856 2619 sua,
873 2590 1073 2616 memoratus
1090 2587 1195 2616 archi-

183 2630 342 2659 diaconus
365 2632 540 2663 ovetensis
560 2634 594 2663 in
615 2636 756 2666 eundern
779 2638 823 2667 M.
845 2638 976 2669 Alfonsi
992 2648 1066 2669 cum
1085 2640 1194 2670 archi-

183 2682 330 2712 diaconis
355 2686 522 2715 consensit
547 2687 687 2724 eisdem,
711 2693 742 2719 et
768 2698 828 2719 suo
850 2700 887 2721 ac
906 2691 1038 2722 illorum
1062 2693 1195 2723 nomine

183 2735 302 2772 ipsum.
317 2735 467 2766 invocata
480 2739 623 2776 Spiritus
638 2741 750 2771 Sancti
763 2743 879 2780 gratia,
895 2743 994 2782 elegit
1007 2744 1042 2774 in
1056 2745 1194 2776 ecclesie

184 2787 400 2823 Legionensis
415 2790 605 2829 episcopum
629 2798 660 2823 01
678 2798 864 2832 pastorem;
887 2796 981 2835 cujus
998 2796 1193 2828 electionem

183 2840 446 2871 archidiaconus.
460 2845 640 2876 canonicus
653 2852 683 2876 et
694 2848 918 2885 portionarius
930 2850 1122 2888 supradicti,
1135 2860 1194 2889 pro

183 2900 216 2919 50
234 2900 269 2919 as·
293 2899 383 2930 parte
407 2904 465 2924 sua
482 2898 677 2929 auctoritate
692 2900 860 2938 petierunt
879 2901 1057 2940 apostolica
1073 2903 1192 2932 confir-

1296 327 1397 357 mari.
1425 328 1590 358 malitiosa
1622 329 1881 359 contradictione
1910 329 2014 368 partis
2043 330 2208 361 contrarie
2237 340 2303 362 non

1295 379 1446 409 obstante
1458 391 1464 414 ;
1482 381 1630 419 prefatus
1645 390 1721 411 vcro
1734 381 1949 419 Legioncnsis
1961 381 2105 411 dec-anus
2116 391 2174 420 pro
2185 391 2231 419 se,
2245 383 2303 421 [et]

1294 431 1465 461 ‚lohannes
1480 432 1668 462 Sebastiam
1681 438 1712 463 et
1725 434 1763 463 G.
1781 433 1945 469 Roderici,
1958 438 2186 472 procuratores
2197 435 2302 473 partis

1295 484 1474 519 contrarie,
1492 490 1730 524 proposuerunt
1749 490 1880 516 econtra
1904 486 1990 525 quod
2009 486 2043 516 in
2067 487 2227 518 electione
2243 496 2303 518 seu

1294 537 1521 568 nominatione
1536 539 1675 577 predicti
1688 540 1731 569 M.
1749 539 1879 569 Alfonsi
1891 539 2063 569 observata
2074 540 2303 578 compromissi

1293 590 1399 619 torma
1415 598 1480 619 non
1497 591 1574 626 suit,
1600 591 1689 629 quia,
1713 600 1787 621 cum
1807 592 1842 620 in
1862 592 2009 630 quinque
2031 592 2132 621 fuerit
2153 601 2302 632 compro-

1293 641 1448 677 missum,
1478 651 1566 672 unus
1591 643 1766 679 duntaxat,
1794 643 1947 674 videlicet
1971 645 2021 679 P.‚
2048 644 2302 676 archidiaconus

1292 694 1478 724 Ovctensis.
1498 704 1636 725 assensu
1651 705 1714 725 non
1727 696 1840 726 habito
1857 696 2009 732 aliorum,
2023 701 2053 726 et
2065 701 2139 727 voto
2155 706 2214 727 suo
2230 698 2302 737 ejus

1292 745 1531 777 coelectoribus
1560 756 1624 778 non
1655 757 1824 787 expresso,
1853 749 1888 777 in
1917 748 1977 779 hec
2000 749 2099 779 verba
2120 750 2270 788 prcrupit
2293 760 2300 779 :

1293 811 1306 825 «
1331 799 1408 837 quia
1432 799 1567 830 invenio
1590 810 1767 831 numerum
1789 806 1820 831 et
1846 801 2076 831 auctoritatem
2095 811 2153 840 pro
2175 802 2219 832 M.
2243 802 2302 832 Al-

1293 863 1306 877 »
1330 851 1434 886 fonsi,
1453 861 1529 882 eum
1545 853 1695 884 nomino.
1714 853 1800 891 eligo
1818 857 1850 883 ct
1869 853 1909 883 do
1929 853 1963 883 in
1982 858 2147 892 pastorem
2162 854 2301 886 ecclesie

1292 916 1305 930 »
1329 909 1520 935 memorate.
1544 918 1557 932 n
1582 906 1783 944 Adjoecrunt
1803 915 1934 945 quoque
1955 906 2043 945 quod
2063 911 2136 945 post
2155 907 2301 946 appella-

1289 956 1414 986 tionem
1439 957 1480 987 ad
1504 966 1563 987 nos
1592 957 1766 996 le[gitime]
1789 958 2036 997 interpositam,
2064 963 2095 989 et
2122 963 2300 998 antequam

1289 1009 1397 1039 dictus
1423 1010 1466 1039 M.
1493 1010 1648 1040 electioni
1673 1011 1890 1047 consenserit,
1917 1011 2165 1050 sollempnizata
2191 1012 2300 1043 extitit

1289 1061 1405 1092 electio
1422 1062 1532 1093 taliter
1548 1067 1756 1102 attemptata,
1776 1068 1806 1094 et
1828 1064 1856 1093 is
1880 1064 1980 1094 etiam
2002 1064 2060 1103 qui
2080 1064 2161 1094 dixit
2176 1065 2299 1096 oratio-

1289 1124 1363 1145 nem
1380 1124 1479 1154 super
1490 1116 1641 1152 electum,
1656 1126 1693 1147 00
1705 1117 1840 1152 sciente,
1860 1117 2210 1149 excommunicationis
2224 1118 2298 1148 vin-

1287 1167 1361 1198 culo
1384 1169 1568 1205 tenebatur,
1593 1179 1630 1199 ac
1653 1174 1718 1200 tam
1735 1170 1859 1200 electus
1877 1179 1976 1209 quam
1992 1171 2166 1201 Ovetensis
2186 1170 2296 1201 archi-

1287 1220 1445 1251 diaconus
1458 1226 1562 1257 erant,
1581 1221 1753 1252 electionis
1771 1227 1926 1261 tempore,
1940 1222 1980 1252 ab
1991 1222 2091 1262 officii
2102 1223 2295 1254 executione

1286 1273 1452 1311 suspensi,
1476 1274 1630 1313 idemque
1653 1274 1918 1310 archidiaconus,
1937 1275 1994 1313 qui
2011 1279 2079 1305 erat
2100 1279 2292 1311 extraneus,

1285 1326 1482 1356 electionem
1502 1327 1729 1365 pronuntiavit
1746 1327 1894 1357 eandem.
1917 1329 2030 1366 Ipsum
2052 1328 2188 1366 insuper
2208 1327 2294 1358 elec-

1285 1383 1354 1407 tum
1367 1383 1520 1408 asserunt
1533 1379 1699 1415 generalis
1713 1379 1846 1409 concilii
1858 1383 2148 1417 transgressorem,
2161 1383 2294 1418 propter

1285 1440 1399 1469 capam
1423 1432 1638 1466 manicatam,
1664 1431 1797 1467 sellam,
1822 1432 1970 1468 frenum,
1989 1432 2152 1470 pectorale
2172 1436 2204 1462 01
2225 1431 2293 1462 cal-

1284 1484 1374 1513 caria
1389 1484 1564 1519 deaurata,
1583 1484 1704 1523 quibus
1720 1485 1769 1514 uti
1784 1485 1985 1523 presumpsit
2001 1489 2113 1515 contra
2130 1485 2292 1515 constitu-

1282 1535 1407 1566 tionem
1423 1536 1555 1566 concilii
1572 1537 1755 1573 memorati,
1774 1546 1872 1576 quam
1887 1537 2088 1567 venerabilis
2104 1538 2206 1568 frater
2219 1546 2292 1568 nos-

1283 1594 1332 1619 ter
1362 1613 1380 1618 ..
1413 1589 1609 1620 Sabinensis
1640 1590 1813 1629 episcopus
1850 1590 1911 1620 5111)
1943 1599 2028 1628 pena
2060 1591 2291 1629 suspensionis

1282 1652 1435 1681 expresse
1451 1643 1619 1672 observari
1633 1643 1794 1681 precepit,
1810 1643 1886 1672 dum
1899 1643 1938 1671 in
1954 1643 2103 1680 partibus
2119 1643 2187 1673 illis
2199 1643 2292 1681 lega-

1282 1696 1382 1725 tionis
1399 1696 1505 1725 officio
1521 1697 1727 1734 fungeretur.
1746 1696 1783 1725 Et
1802 1704 1876 1725 01110
1892 1704 2023 1725 servare
2036 1695 2198 1735 juraverit
2212 1704 2291 1725 con-

1282 1748 1472 1778 stitutiones
1495 1758 1552 1787 per
1574 1749 1658 1778 hone
1678 1748 1836 1778 memorie
1852 1749 1901 1783 Ρ.,
1919 1748 2144 1778 Albanensem
2163 1748 2290 1787 episco-

1280 1810 1369 1839 pum,
1386 1801 1420 1829 in
1434 1801 1633 1838 Legioncnsi
1649 1800 1787 1830 ecclesia
1804 1800 1919 1834 factas,
1933 1804 1964 1830 et
1978 1810 1997 1830 a
2008 1800 2091 1830 Sede
2101 1800 2291 1838 Apostolica

1281 1854 1508 1887 confirmatas,
1528 1862 1610 1891 quas
1627 1853 1727 1883 etiam
1742 1853 1849 1883 dictus
1867 1852 2062 1883 Sahinensis
2082 1853 2291 1891 postmodum

1280 1905 1469 1941 innovavit,
1497 1906 1576 1944 quia
1603 1914 1668 1935 non
1695 1906 1839 1936 servavit
1864 1914 1924 1935 nec
1949 1909 2058 1936 servat
2083 1905 2232 1942 easdem,
2259 1910 2291 1936 et

1281 1958 1507 1996 episcopatum
1528 1958 1564 1988 in
1587 1959 1847 1989 contradictione
1869 1959 2010 1997 recepit,
2035 1958 2121 1997 quod
2143 1967 2178 1989 se
2196 1959 2290 1998 Jura—

1280 2015 1371 2041 verat
1387 2020 1453 2041 non
1470 2012 1635 2041 1001011110
1647 2016 1858 2050 ,proponunt
1881 2011 2023 2042 eundem
2037 2011 2222 2051 perjurium
2236 2005 2290 2042 in-

1280 2065 1437 2094 currisse.
1451 2065 1617 2099 Preterea,
1631 2074 1705 2095 cum
1716 2074 1775 2104 per
1786 2065 1931 2095 sedecim
1942 2073 2046 2095 annos
2055 2088 2062 2100 ,
2076 2069 2112 2094 ut
2123 2068 2288 2100 astruunt,

1280 2117 1381 2146 fuerit
1404 2117 1676 2153 archidiaconus,
1701 2127 1873 2157 nunquam
1894 2117 2082 2156 proposuit,
2107 2126 2168 2148 nec
2189 2117 2291 2148 etiam

1280 2169 1341 2199 scit
1361 2179 1543 2209 proponere
1557 2170 1598 2200 Δ111
1619 2170 1759 2200 ecclesia
1779 2170 1917 2200 verbum
1938 2170 2016 2206 Dei,
2033 2173 2145 2208 utpote
2161 2169 2220 2209 qui
2240 2172 2290 2200 est

1280 2231 1395 2260 expers
1412 2222 1596 2261 theologice
1611 2223 1796 2259 facultatis,
1815 2228 1845 2254 et
1859 2223 2022 2253 modicam
2037 2223 2191 2253 notitiam
2202 2222 2289 2262 juris

1279 2274 1389 2305 hahet.
1415 2275 1589 2306 Remissus
1614 2280 1663 2306 est
1692 2284 1840 2314 quoque,
1871 2280 1907 2305 ut
1932 2275 2070 2311 dicitur,
2101 2275 2136 2304 in
2156 2275 2290 2315 justitia

1279 2327 1421 2357 subditis
1438 2327 1634 2363 exhibenda,
1653 2332 1683 2358 et
1701 2329 1753 2357 vix
1768 2332 1824 2358 aut
1840 2337 2011 2366 nunquam
2028 2327 2129 2358 etiam
2143 2327 2178 2357 in
2191 2327 2290 2358 domo

1276 2380 1410 2418 propria
1429 2380 1543 2410 divina
1563 2381 1655 2410 audit
1675 2381 1799 2415 officia,
1818 2389 1879 2411 nec
1896 2381 1930 2410 in
1947 2381 2032 2411 sesto
2047 2380 2241 2410 Nativitatis
2257 2384 2289 2411 et

1279 2433 1547 2463 Resurrectionis
1561 2433 1733 2463 Dominice
1747 2433 1789 2462 ad
1802 2432 1901 2463 horas
1917 2431 2130 2462 matutinales
2146 2432 2287 2469 accedit,

1279 2489 1310 2514 et
1326 2485 1458 2523 quando
1474 2485 1514 2514 ah
1530 2485 1729 2523 egritudinis
1742 2485 1826 2515 lecto
1842 2485 1960 2523 surgit,
1973 2493 2038 2514 non
2052 2493 2216 2514 canonum
2229 2493 2290 2515 seu

1278 2536 1390 2567 divine
1406 2537 1526 2575 pagine
1541 2537 1683 2568 lectione
1699 2546 1734 2568 se
1749 2542 1902 2576 occupat,
1921 2537 1978 2567 sed
1994 2537 2165 2567 venatoria
2178 2537 2289 2576 potius

1279 2589 1435 2620 vanitate.
1454 2590 1499 2620 Ex
1516 2590 1629 2620 morbo
1643 2591 1742 2620 etiam
1758 2590 1937 2620 incurabili
1953 2589 2171 2629 quodahorat,
2189 2593 2221 2620 et
2235 2589 2290 2619 ni-

1278 2642 1345 2671 mio
1361 2642 1491 2673 defectu
1507 2643 1645 2673 luminis
1662 2653 1737 2674 eum
1754 2644 1864 2674 minus
1881 2643 2038 2674 idoneum
2053 2643 2095 2673 ad
2109 2651 2193 2673 onus
2205 2650 2289 2682 pon-

1279 2694 1411 2725 tificalis
1427 2695 1601 2733 regiminis
1618 2700 1820 2726 asseverant.
1842 2696 1963 2732 Quare,
1981 2704 2056 2726 cum
2071 2699 2139 2725 tam
2154 2694 2289 2726 electio-

1278 2747 1330 2776 nis
1342 2747 1423 2777 vitio
1435 2757 1534 2787 quam
1545 2757 1686 2787 persone
1696 2758 1888 2787 processum
1896 2747 2087 2788 hujusmodi
2098 2755 2165 2777 non
2175 2747 2290 2778 deceat

1278 2799 1423 2835 tolerari,
1449 2800 1613 2832 instanter
1640 2801 1796 2840 petebant
1821 2801 1908 2840 quod
1927 2804 2157 2843 presumptum
2181 2803 2230 2830 est
2251 2799 2288 2830 in

1277 2851 1338 2882 1130
1353 2856 1456 2891 parte,
1475 2853 1601 2884 irritari
1617 2854 1813 2885 auctoritate
1829 2857 1942 2884 nostra
1957 2852 2009 2883 vel
2024 2852 2216 2883 denuntiari
2229 2860 2288 2891 pe-

1278 2904 1368 2935 nitus
1379 2905 1512 2935 irritum
1526 2911 1557 2937 et
1572 2907 1683 2938 inane.
1699 2907 1786 2944 Quia
1800 2915 1876 2937 vero
1893 2905 1988 2937 nobis
2005 2914 2070 2935 non
2086 2904 2235 2936 constitit
2247 2904 2288 2935 de
