2498 3242
267 289 324 319 317

266 372 376 403 debito
398 370 586 411 principali.
609 370 759 409 Cumque
782 370 952 400 humiliter
975 370 1127 409 requisiti
1152 370 1278 400 nollent

267 425 431 464 premissa
456 424 651 463 gravamina
674 431 842 457 revocare,
871 423 978 453 dictus
1006 423 1108 453 abbas
1135 423 1277 461 priorem

268 476 523 516 appellationem
540 476 718 509 innovans,
736 475 852 505 iterato
868 484 982 505 vocem
1000 475 1039 505 ad
1058 484 1118 505 nos
1135 475 1278 514 appella-

267 529 369 560 tionis
384 529 510 565 emisit,
529 537 629 568 snper
645 537 721 567 quo,
737 536 812 558 cum
829 528 932 558 abbas
948 536 1153 567 prosequens
1169 527 1278 566 appel-

267 582 426 612 lationem
455 581 561 621 ipsam
592 581 670 611 ad..

267 633 459 673 conjudices
492 634 622 664 nostras
653 633 779 664 litteras
809 634 1030 672 impetrasset,
1066 633 1177 667 iidem,
1212 642 1277 663 non

268 687 419 718 obstante
437 687 524 725 quod
543 687 576 716 in
597 686 853 725 appellationem
871 686 1025 716 frivolam
1043 695 1120 725 pars
1138 686 1278 716 adversa

267 740 430 778 prorupit,
453 740 635 769 eorundem
660 741 872 770 executorum
898 747 1102 778 processum,
1128 739 1277 775 exigente

262 791 404 831 justitia,
422 793 631 823 revocarunt.
650 793 758 828 Quare
775 792 871 822 nobis
889 792 950 822 fuit
966 792 1136 821 humiliter
1151 791 1277 830 suppli—

267 847 376 876 catum
401 848 446 879 ut,
467 854 542 875 cum
566 845 652 875 idem
671 845 772 874 abbas
797 853 1005 882 nequaquam
1029 853 1063 874 se
1087 844 1278 882 opposuerit

267 898 320 928 vel
337 899 481 937 opponat
499 897 730 928 executoribus
749 906 807 927 seu
826 897 1045 927 creditoribus
1065 896 1275 934 supradictis,

267 951 446 989 quominus
457 952 567 981 contra
579 950 744 980 debitores
754 950 888 980 eosdem
901 949 952 979 vel
964 958 1077 980 eorum
1089 949 1173 979 bona
1183 949 1277 986 juxta

270 1003 409 1033 sormam
427 1003 572 1034 mandati
593 1002 765 1041 apostolici
784 1002 988 1040 procedatur,
1010 1011 1073 1032 non
1091 1003 1278 1040 pateremur

267 1064 342 1086 eum
363 1057 393 1086 et
416 1055 488 1094 ejus
511 1056 750 1086 monasterinm
770 1055 827 1085 tali
851 1055 1022 1085 occasione
1046 1054 1184 1084 ulterius
1207 1063 1277 1092 pre-

268 1109 412 1147 gravari‚
429 1117 621 1147 processum
641 1131 659 1138 ..
678 1107 793 1138 decani
811 1107 1013 1137 Parisiensis
1032 1108 1062 1136 et
1077 1107 1149 1145 ejus
1164 1107 1276 1145 conjn—

268 1161 380 1191 dicum
403 1161 647 1191 confirmantes.
675 1160 760 1196 Quia
787 1169 876 1194 vero,
903 1160 930 1189 si
955 1159 1128 1198 premissis
1156 1160 1277 1189 veritas

268 1214 478 1252 suffragatur,
495 1213 668 1243 memorati
682 1214 874 1242 executores
891 1212 931 1241 ad
945 1211 1276 1250 condempnationem

268 1266 300 1297 et
320 1266 575 1303 suspensionem
594 1265 786 1303 hujusmodi
807 1265 941 1303 propria
962 1264 1144 1294 temeritate
1165 1264 1277 1293 verius

268 1326 367 1356 quam
395 1317 588 1347 auctoritate
615 1316 774 1350 mandati,
803 1316 897 1353 cujus
924 1316 1063 1346 formam
1093 1315 1276 1345 excessisse

268 1373 461 1405 noscuntur,
476 1370 653 1410 procedere
666 1371 952 1409 presumpserunt,
966 1369 1158 1398 discretioni
1170 1370 1277 1398 vestre

266 1432 326 1462 per
348 1423 527 1463 apostolica
549 1423 671 1461 scripta
692 1422 890 1452 mandamus
913 1423 1087 1460 quatenus,
1111 1422 1138 1450 si
1162 1430 1212 1451 res
1233 1422 1277 1450 ita

268 1485 303 1507 sc
324 1477 432 1512 habet,
452 1484 644 1515 processum
666 1476 879 1505 executorum
898 1475 1047 1514 ipsorum
1067 1475 1097 1504 et
1118 1475 1276 1512 quicquid

266 1538 307 1560 ex
323 1538 361 1560 eo
379 1530 528 1559 secutum
545 1530 593 1560 est
612 1528 663 1558 vel
684 1528 725 1558 ob
742 1529 863 1567 ipsum,
885 1528 1016 1558 irritum
1032 1527 1202 1560 nuntietis,
1221 1527 1275 1557 de-

266 1583 340 1613 cani
360 1582 565 1613 Parisiensis
587 1585 616 1612 et
637 1581 850 1620 conjudicum
873 1581 945 1619 ejus
965 1589 1170 1619 processum,
1193 1581 1277 1610 sicut

266 1637 315 1666 est
338 1635 520 1674 legitimus,
545 1634 770 1673 approbando.
797 1634 838 1664 Et
864 1634 943 1672 quia
965 1633 1109 1663 Lucanis
1133 1633 1275 1667 civibus,

267 1688 332 1718 Dei
345 1690 376 1718 et
387 1688 534 1718 Ecclesie
547 1687 705 1723 inimicis,
717 1687 926 1717 exhibendus
939 1695 1004 1716 non
1018 1688 1068 1716 est
1078 1686 1173 1716 favor
1184 1694 1277 1724 apos-

266 1741 397 1774 tolicus,
414 1750 478 1779 quo
495 1749 530 1771 se
546 1740 760 1770 reddiderunt
777 1739 944 1778 indignos,
955 1739 1012 1769 sed
1024 1739 1135 1777 potius
1147 1739 1276 1769 subtra-

266 1793 407 1829 hendus,
417 1802 558 1831 quorum
570 1793 668 1823 etiam
678 1801 792 1823 vocem
805 1792 901 1830 quasi
913 1792 1079 1822 funestam
1091 1792 1199 1821 audiri
1211 1800 1276 1822 non

267 1847 400 1886 expedit
417 1855 474 1876 nec
496 1847 633 1885 oportet,
650 1846 756 1876 eidem
778 1845 889 1875 abbati
908 1845 1146 1875 nichilominus
1166 1845 1276 1883 injun-

267 1900 353 1939 gatis
370 1900 415 1933 ut.
435 1899 463 1929 si
482 1899 580 1929 etiam
598 1899 646 1929 eis
668 1899 701 1928 in
719 1898 831 1937 aliquo
851 1899 1011 1933 teneatur,
1030 1898 1133 1928 donec
1153 1897 1218 1936 ipsi
1236 1898 1276 1927 ad

267 1953 459 1983 mandatum
482 1952 629 1982 Ecclesie
653 1952 871 1986 revertantur,
891 1951 923 1980 in
949 1951 1039 1980 nullo
1061 1951 1125 1980 sibi
1145 1950 1275 1980 satisfa-

266 2005 343 2039 ciat,
366 2005 419 2035 1·οΙ
444 2004 541 2034 saciat
567 2004 826 2035 satisfactionem
850 2004 890 2033 ab
914 2003 988 2033 aliis
1012 2003 1174 2033 exbiberi.
1199 2003 1274 2032 Non

265 2058 476 2089 obstantibus
501 2057 670 2096 aliquibus
694 2057 823 2091 litteris,
847 2057 964 2086 harum
989 2058 1101 2086 tenore
1125 2057 1233 2090 tacito,
1257 2065 1276 2086 a

265 2111 350 2142 Sede
371 2110 561 2149 Apostolica
581 2110 774 2148 impetratis.
798 2110 915 2139 Testes
932 2111 1040 2139 autem
1058 2110 1118 2139 etc.
1135 2109 1231 2144 Quod
1246 2109 1274 2138 si

265 2172 330 2193 non
349 2171 464 2193 omnes
476 2164 550 2198 etc.,
565 2163 630 2193 dno
647 2164 793 2193 vestrum
811 2164 870 2193 etc.
885 2162 958 2192 Dat.
974 2162 1136 2200 Anagnie,
1153 2162 1183 2192 V
1200 2162 1275 2192 idus

265 2216 409 2255 angusti,
427 2216 641 2255 pontificatus
660 2215 763 2245 nostri
782 2224 867 2245 anno
886 2216 1013 2254 quarto.
1040 2227 1054 2242 »

334 2382 407 2413 485
856 2380 977 2415 anagni,
994 2381 1027 2406 ‘23
1045 2381 1111 2406 nont
1131 2381 1203 2406 1230.

301 2464 522 2499 Ars-hiepiscopo
539 2464 739 2491 Cantnariensi
756 2466 781 2491 et
799 2464 919 2490 ltoffensi
935 2464 1067 2498 episcopo
1080 2464 1196 2490 mandat
1209 2472 1274 2498 qua-

264 2512 347 2538 tenus
374 2511 554 2538 Willelmuni
584 2512 802 2539 Murcsculcum,
827 2511 964 2538 comitem
992 2512 1026 2537 (10
1054 2512 1223 2544 Pamin-och,
1246 2514 1275 2537 et

263 2560 402 2594 quosdam
419 2559 490 2587 alios
508 2560 616 2586 nobiles
635 2560 754 2593 Angliae
769 2568 818 2593 per
834 2568 899 2586 suus
916 2560 1070 2592 dioeceses,
1086 2561 1175 2587 donee
1192 2561 1273 2587 Petro

263 2607 383 2635 Mulecto
397 2608 602 2639 satisfecerint,
615 2608 721 2635 saciant
733 2608 998 2635 excommunicatos
1011 2608 1121 2642 publice
1135 2609 1272 2635 nuntiari.

262 2657 389 2690 -1111111,
413 2658 451 2688 15,
469 2656 489 2683 s.
506 2659 538 2683 27
556 2662 597 2690 r03
614 2664 682 2683 nnn.
700 2657 743 2687 ll',
760 2664 785 2683 e.
804 2657 853 2689 111-ς
871 2671 903 2676 —-
918 2657 1031 2684 Monimo
1053 2658 1126 2689 llb'ss,
1145 2657 1163 2683 s.
1182 2658 1237 2690 60.)

303 2760 319 2775 «
345 2772 364 2778 ..
381 2748 610 2788 archiepiscopo
631 2747 846 2778 Cantauriensi
867 2752 895 2778 et
915 2771 935 2778 ..
965 2748 1102 2787 ltoffensi
1124 2749 1272 2788 episcopo.

265 2801 347 2832 Cum
364 2801 443 2832 olim
462 2801 645 2832 vonerabili
662 2801 754 2831 fratri
774 2802 885 2832 nostro
901 2824 921 2832 ..
939 2801 1166 2832 Londoniensi
1186 2801 1272 2840 epis-

263 2862 344 2894 copo
363 2856 394 2885 et
415 2853 487 2888 tibi,
509 2853 610 2884 frater
626 2853 792 2893 episcope,
812 2855 890 2884 tune
907 2854 1010 2884 electo
1032 2854 1145 2890 semel,
1167 2855 1199 2884 et
1215 2854 1273 2884 ite-

265 2915 339 2938 rum
363 2908 392 2937 te
411 2907 480 2945 jam
506 2906 539 2936 in
564 2906 757 2945 episcopum
786 2908 987 2943 consecrato,
1011 2908 1042 2938 et
1062 2907 1273 2946 postmodum

269 2959 451 2990 venerabili
475 2958 568 2989 fratri
596 2960 707 2989 nostro
729 2982 749 2989 ..
777 2958 993 2990 Coventrensi
1021 2960 1186 2998 episcopo,
1213 2967 1272 2998 pro

1081 279 1346 322 QUATRIEME
1368 280 1523 317 ANNEE

2284 296 2343 325 3¹8

1336 370 1556 408 persolvenda
1584 371 1726 409 ‹piadam
1754 374 1892 411 pecunie
1919 383 2050 404 summa
2080 376 2175 406 l'etro
2202 377 2343 408 Mulecto

1337 422 1576 461 crucesignato,
1592 432 1691 462 quam
1709 426 1875 462 quondam
1893 427 2046 457 Falkesio
2065 429 2104 458 de
2124 429 2257 459 briann-
2274 439 2343 459 cru-

1338 475 1503 513 cesignato
1523 475 1607 505 idem
1631 476 1669 505 P.
1690 480 1896 508 concesserat
1916 481 2040 514 mutuo,
2062 483 2175 511 contra
2199 482 2342 512 nobilem

1306 522 1308 532 '
1337 527 1510 558 mulierem
1528 527 1586 562 M.‚
1605 528 1752 558 relictam
1770 529 1874 568 ipsius
1898 531 2055 566 Falkesii,
2079 535 2107 563 et
2132 535 2275 564 nobilem
2296 535 2342 565 vi-

699 581 861 611 decanum
891 581 1113 611 parisiensem
1140 582 1171 610 et
1199 588 1278 610 suos
1306 575 1307 579 ’

1338 588 1411 610 11101
1428 580 1638 610 XVillelmum
1652 581 1900 619 Μαι-0501110010,
1915 585 2066 615 comitem
2086 586 2124 615 dc
2144 587 2340 622 l'ambrocli,

1337 633 1368 662 et
1384 632 1545 671 quosdam
1563 633 1647 663 alios
1666 634 1728 663 sub
1751 637 1837 665 certa
1861 635 1967 665 forma
1984 637 2204 668 direxerimus
2222 640 2342 678 scripta

1338 686 1460 720 nostra,
1481 686 1522 720 et,
1541 685 1622 724 ipsis
1640 695 1675 715 ac
1691 688 1733 720 te,
1754 687 1853 717 frater
1872 688 2035 727 episcope,
2056 691 2247 720 mandatum
2270 701 2339 722 nos-

1337 738 1425 768 trum
1443 737 1686 776 negligentibus
1699 739 1891 778 adimplere,
1906 742 2073 771 mundano
2089 743 2204 772 timore
2221 753 2343 782 repres-

1339 790 1396 825 sis,
1423 791 1556 821 tandem
1583 791 1697 821 eodem
1727 793 1953 831 crucesignato
1979 794 2011 823 in
2041 798 2151 824 nostra
2178 798 2343 834 presentia

1307 836 1308 840 ¹
1337 845 1539 882 proponente
1561 845 1649 883 quod
1670 844 1703 874 iu
1728 853 1827 883 regno
1850 846 1966 884 Anglie
1988 847 2100 877 nullus
2122 848 2185 877 sibi
2209 849 2341 878 auderet

1307 900 1308 903 ’
1334 896 1496 933 justitiam
1509 897 1712 934 etjudicium
1724 898 1890 932 exhibere,
1909 900 2074 935 negotium
2092 900 2199 937 ipsum
2216 901 2343 931 dilectis

1338 949 1417 979 filiis
1434 949 1474 979 V.
1491 949 1626 983 decano.
1645 950 1785 980 Fulconi
1807 953 1836 980 et
1859 951 1894 993 11.
1912 953 2081 981 canonicis
2097 953 2341 989 insulensibns,

1338 1002 1560 1032 Tornacensis
1584 1003 1738 1036 diocesis,
1765 1003 1825 1033 sub
1849 1006 1936 1033 certa
1960 1005 2074 1040 forma,
2103 1015 2166 1035 non
2194 1007 2343 1037 obstante

1337 1055 1571 1085 constitutione
1587 1056 1719 1086 concilii
1735 1057 1900 1094 generalis
1920 1058 1958 1087 dc
1975 1058 2104 1088 duabus
2119 1059 2227 1093 dietis,
2245 1060 2344 1089 duxe-

1338 1108 1443 1137 rimus
1460 1108 1731 1138 committcndum
1749 1118 1755 1138 1
1774 1109 1848 1148 ipsi,
1870 1110 1955 1140 sicut
1972 1119 2012 1140 cx
2033 1113 2143 1141 tenore
2162 1112 2343 1142 litterarum

1338 1161 1487 1199 ipsorum
1509 1161 1603 1191 nobis
1627 1161 1779 1194 innotuit,
1797 1163 1918 1192 dictum
1938 1163 2093 1197 nobilem,
2113 1164 2286 1199 lingonein
2303 1166 2342 1196 de

1338 1213 1527 1247 Novavilla,
1555 1214 1736 1244 Radulsum
1776 1215 2058 1249 lssilinm-Nicolai,
2094 1217 2229 1247 heredes
2257 1219 2342 1248 clare

1338 1267 1496 1296 memorie
1513 1267 1552 1297 G.
1572 1267 1611 1297 de
1635 1267 1836 1297 Mandevilla
1855 1271 1882 1297 et
1900 1270 1940 1298 (ἱ.
1965 1269 2002 1298 de
2021 1270 2224 1300 Salesbcrics
2242 1271 2343 1301 comi-

1338 1320 1422 1354 tum,
1450 1319 1587 1349 heredes
1602 1320 1759 1357 Symonis
1781 1321 1841 1350 lilii
1857 1322 2024 1358 quondam
2043 1323 2210 1360 symonis,
2229 1324 2284 1353 W.
2303 1324 2343 1355 de

1337 1372 1562 1411 Bellocampo,
1588 1373 1734 1403 nobilem
1759 1374 1867 1403 virum
1893 1375 2065 1412 Ilugonem
2089 1376 2216 1411 llasset,
2241 1377 2341 1406 comi-

1336 1424 1402 1453 tem
1421 1425 1460 1454 dc
1483 1425 1606 1461 Cesti-0,
1630 1427 1861 1456 marescallum
1884 1427 2014 1465 Anglie,
2039 1428 2281 1458 (landefridum
2303 1429 2342 1459 de

1338 1477 1473 1515 Brang„
1498 1477 1633 1507 Petrum
1657 1479 1695 1507 de
1718 1478 1840 1508 Α1111111111
1865 1481 1893 1509 01
1923 1480 2111 1518 'l'lioma[1nj
2131 1482 2280 1515 basseth,
2303 1483 2342 1511 ad

1337 1530 1462 1559 001111111
1486 1530 1662 1560 terminum
1682 1531 1826 1567 legitime
1846 1532 1939 1561 citari
1957 1532 2115 1567 fecerunt,
2137 1534 2344 1564 exhibituros

1336 1581 1482 1619 predicto
1498 1582 1724 1621 cruces-‚ignito
1741 1583 1773 1612 in
1785 1592 1898 1613 eorum
1912 1585 2078 1622 presentia
2093 1586 2179 1624 quod
2196 1588 2343 1624 posceret

1337 1635 1416 1664 ordo
1430 1635 1527 1673 Juris.
1544 1635 1695 1674 Cumque
1711 1637 1751 1666 ad
1768 1637 1945 1667 terminum
1961 1637 2069 1675 issum
2088 1647 2144 1667 1100
2163 1648 2218 1677 per
2234 1648 2267 1669 se
2284 1648 2342 1670 nec

1335 1696 1394 1727 per
1410 1689 1636 1727 responsalem
1654 1689 1800 1727 aliquem
1832 1698 1866 1720 se
1888 1690 2036 1728 ipsorum
2060 1692 2248 1730 conspectui
2273 1702 2342 1731 pre-

1337 1742 1534 1776 sentassont,
1556 1750 1614 1780 per
1636 1742 1809 1771 duodecim
1830 1742 1901 1772 dies
1920 1743 2003 1773 ultra
2023 1744 2205 1782 predictum
2228 1746 2341 1775 termi-

1337 1802 1416 1823 num
1433 1795 1606 1832 expectatn
1626 1795 1726 1824 iidem
1739 1795 1880 1833 judices,
1899 1796 1978 1834 quia
1993 1797 2116 1826 dictum
2134 1798 2340 1836 crucesigna-

1336 1850 1403 1878 tum
1420 1847 1453 1877 in
1469 1847 1716 1886 possessionem
1731 1848 1893 1878 bonorum
1910 1850 2089 1879 eorundem
2108 1850 2269 1880 nobilium
2282 1860 2341 1890 pro

1335 1901 1432 1930 modo
1456 1900 1557 1930 debiti
1580 1901 1735 1931 declarati
1762 1901 1915 1931 inducere
1933 1911 1998 1932 11011
2023 1903 2187 1938 valebant,
2213 1913 2269 1933 nec
2295 1904 2341 1934 in-

1336 1954 1470 1983 ductum
1482 1953 1578 1988 tueri,
1593 1954 1725 1983 eosdem
1737 1963 1795 1992 pro
1807 1956 2013 1985 contumacia
2027 1956 2201 1986 manifesta
2215 1965 2341 1987 excom-

1335 2006 1572 2036 municationis
1587 2007 1750 2036 sententia
1763 2007 1975 2041 innodarunt,
1991 2008 2106 2038 dantes
2121 2033 2139 2038 ..
2155 2009 2258 2047 priori
2272 2011 2303 2040 et
2317 2033 2337 2039 ..

1335 2058 1470 2088 officiali
1487 2058 1784 2089 Cantuariensibus
1800 2059 1833 2089 in
1849 2060 2013 2090 mandatis
2030 2062 2063 2090 ut
2078 2070 2134 2090 eos
2149 2071 2206 2099 per
2222 2062 2291 2091 loca
2305 2062 2340 2092 in

1335 2111 1456 2149 quibus
1475 2111 1595 2141 liabent
1611 2111 1779 2141 domicilia
1798 2113 2100 2144 excommunicatos
2119 2114 2263 2144 facerent
2284 2124 2342 2153 pu-

1333 2164 1418 2193 blice
1437 2165 1594 2194 nuntiari.
1619 2165 1684 2195 Sed
1707 2165 1782 2203 ipsi,
1804 2165 1989 2195 deferentes
2011 2166 2204 2196 hominibus
2227 2170 2341 2198 contra

1333 2216 1454 2251 Deum,
1473 2217 1506 2247 id
1519 2217 1649 2247 esticcre
1666 2217 1895 2255 neglexerunt:
1911 2220 2043 2257 propter
2059 2219 2146 2257 quod
2164 2219 2248 2249 idem
2266 2228 2339 2250 cru-

1333 2270 1532 2307 cesignatus,
1548 2270 1704 2309 fatigatus
1717 2270 1886 2300 laboribus
1899 2272 1929 2301 et
1942 2272 2110 2309 expensis,
2125 2274 2240 2311 quarto
2252 2281 2341 2303 coac-

1333 2324 1386 2352 tus
1400 2324 1449 2353 est
1461 2323 1502 2353 ad
1518 2323 1637 2353 Sedem
1654 2323 1878 2363 Apostolicam
1896 2324 2056 2354 laborate.
2072 2324 2142 2355 Nos
2158 2325 2258 2364 igitur
2269 2326 2340 2365 ejus

1334 2375 1504 2406 laboribus
1516 2377 1547 2406 et
1557 2376 1719 2415 angustiis
1735 2379 1870 2415 paterno
1885 2377 2121 2415 compatientes
2134 2378 2262 2413 affectu,
2276 2378 2339 2408 t'ra-

1335 2429 1477 2459 tcrnitati
1497 2431 1604 2459 vestre
1622 2438 1680 2468 per
1697 2429 1878 2467 apostolica
1893 2430 2014 2468 scripta
2031 2430 2240 2465 mandamus,
2259 2433 2290 2461 ct
2307 2431 2339 2461 in

1334 2483 1454 2513 virtute
1467 2482 1652 2513 obedientie
1673 2482 1820 2512 districte
1840 2483 2042 2521 precipimus
2061 2484 2341 2522 quatemis.juxta

1334 2536 1527 2566 mandatum
1540 2535 1690 2573 judicum
1702 2535 1935 2574 predictorum,
1948 2537 2161 2566 contumaces
2174 2537 2340 2574 predictos

1332 2597 1391 2628 per
1404 2589 1530 2618 vestras
1542 2588 1690 2618 dioceses
1699 2589 1730 2618 et
1742 2588 1824 2617 alias
1837 2588 1869 2617 in
1881 2588 2002 2626 quibus
2015 2588 2205 2618 mansiones
2219 2588 2339 2620 habere

1334 2643 1526 2676 noscuntur,
1552 2649 1657 2679 usque
1683 2641 1723 2670 ad
1749 2641 2008 2671 satisfactionem
2031 2641 2175 2671 debitam
2198 2641 2338 2677 faciatis,

1333 2695 1553 2734 appellatione
1578 2702 1615 2723 ac
1640 2694 1756 2723 timore
1784 2694 1952 2723 mundano
1978 2693 2181 2733 postpositis,
2208 2702 2339 2724 excom-

1332 2747 1518 2778 municatos·
1534 2746 1664 2785 publice
1680 2745 1838 2776 nuntiari.
1856 2746 2052 2784 Proceptum
2068 2748 2217 2775 nostrum
2229 2746 2339 2776 taliter

1334 2799 1502 2839 impleturi
1514 2799 1599 2838 quod
1619 2808 1682 2829 non
1695 2798 1830 2837 possitis
1841 2798 1881 2828 de
1893 2798 2117 2829 inobedientia
2129 2798 2337 2837 reprehendi,

1332 2853 1390 2883 sed
1405 2852 1444 2883 de
1460 2852 1530 2883 zelo
1549 2851 1756 2882 rectitudinis
1775 2852 1806 2881 et
1819 2850 1948 2889 justitie
1969 2850 2080 2889 potius
2099 2850 2334 2880 commendari.

1332 2906 1408 2936 Dat.
1425 2905 1587 2944 Anagnie,
1602 2905 1635 2935 X
1648 2903 1807 2934 kalendas
1821 2903 2029 2942 septembris,
2043 2902 2252 2941 pontificatus
2266 2911 2337 2933 nos·

1333 2959 1373 2989 tri
1390 2967 1477 2989 anno
1494 2958 1622 2997 quarto.
1647 2969 1662 2984 »
