<?xml version="1.0" encoding="UTF-8"?>
<!DOCTYPE html PUBLIC "-//W3C//DTD XHTML 1.0 Transitional//EN"
    "http://www.w3.org/TR/xhtml1/DTD/xhtml1-transitional.dtd">
<html xmlns="http://www.w3.org/1999/xhtml" xml:lang="en" lang="en">
 <head>
  <title>
</title>
<meta http-equiv="Content-Type" content="text/html;charset=utf-8" />
  <meta name='ocr-system' content='tesseract 3.04.00' />
  <meta name='ocr-capabilities' content='ocr_page ocr_carea ocr_par ocr_line ocrx_word'/>
</head>
<body>
  <div class='ocr_page' id='page_1' title='image "./lesregistresdegr01cathuoft_0065.png"; bbox 0 0 2498 3242; ppageno 0'>
   <div class='ocr_carea' id='block_1_1' title="bbox 215 266 273 295">
    <p class='ocr_par' dir='ltr' id='par_1_1' title="bbox 215 266 273 295">
     <span class='ocr_line' id='line_1_1' title="bbox 215 266 273 295; baseline -0.034 0"><span class='ocrx_word' id='word_1_1' title='bbox 215 266 273 295; x_wconf 79' lang='lat'>113</span> 
     </span>
    </p>
   </div>
   <div class='ocr_carea' id='block_1_2' title="bbox 204 344 1226 2284">
    <p class='ocr_par' dir='ltr' id='par_1_2' title="bbox 204 344 1226 2284">
     <span class='ocr_line' id='line_1_2' title="bbox 210 344 1221 388; baseline -0.007 -10"><span class='ocrx_word' id='word_1_2' title='bbox 210 349 351 388; x_wconf 82' lang='lat' dir='ltr'><strong>gistrum</strong></span> <span class='ocrx_word' id='word_1_3' title='bbox 367 346 572 377; x_wconf 88' lang='lat' dir='ltr'>consenserit</span> <span class='ocrx_word' id='word_1_4' title='bbox 593 346 824 375; x_wconf 83' lang='lat' dir='ltr'>memoratum.</span> <span class='ocrx_word' id='word_1_5' title='bbox 843 344 995 375; x_wconf 82' lang='lat' dir='ltr'>Ceterum</span> <span class='ocrx_word' id='word_1_6' title='bbox 1018 354 1093 383; x_wconf 81' lang='lat' dir='ltr'>pars</span> <span class='ocrx_word' id='word_1_7' title='bbox 1115 344 1221 383; x_wconf 66' lang='lat' dir='ltr'>ipsius</span> 
     </span>
     <span class='ocr_line' id='line_1_3' title="bbox 210 397 1218 438; baseline -0.005 -7"><span class='ocrx_word' id='word_1_8' title='bbox 210 401 251 432; x_wconf 60' lang='lat' dir='ltr'>lt.</span> <span class='ocrx_word' id='word_1_9' title='bbox 267 399 436 438; x_wconf 88' lang='lat' dir='ltr'>respondit</span> <span class='ocrx_word' id='word_1_10' title='bbox 447 400 580 430; x_wconf 88' lang='lat' dir='ltr'>econtra</span> <span class='ocrx_word' id='word_1_11' title='bbox 593 398 681 437; x_wconf 80' lang='lat' dir='ltr'>quod</span> <span class='ocrx_word' id='word_1_12' title='bbox 692 398 839 428; x_wconf 83' lang='lat' dir='ltr'>defectus</span> <span class='ocrx_word' id='word_1_13' title='bbox 850 397 946 427; x_wconf 74' lang='lat' dir='ltr'>etatis</span> <span class='ocrx_word' id='word_1_14' title='bbox 958 397 1022 427; x_wconf 79' lang='lat' dir='ltr'>sibi</span> <span class='ocrx_word' id='word_1_15' title='bbox 1036 397 1218 436; x_wconf 83' lang='lat' dir='ltr'>oppositus,</span> 
     </span>
     <span class='ocr_line' id='line_1_4' title="bbox 209 450 1217 492; baseline -0.006 -8"><span class='ocrx_word' id='word_1_16' title='bbox 209 461 284 484; x_wconf 87' lang='lat' dir='ltr'>cum</span> <span class='ocrx_word' id='word_1_17' title='bbox 302 452 477 492; x_wconf 87' lang='lat' dir='ltr'>probatum</span> <span class='ocrx_word' id='word_1_18' title='bbox 494 452 537 482; x_wconf 90' lang='lat' dir='ltr'>sit</span> <span class='ocrx_word' id='word_1_19' title='bbox 558 451 589 481; x_wconf 96' lang='lat' dir='ltr'>in</span> <span class='ocrx_word' id='word_1_20' title='bbox 607 451 824 487; x_wconf 87' lang='lat' dir='ltr'>contrarium,</span> <span class='ocrx_word' id='word_1_21' title='bbox 849 458 913 480; x_wconf 89' lang='lat' dir='ltr'>non</span> <span class='ocrx_word' id='word_1_22' title='bbox 932 450 1081 480; x_wconf 72' lang='lat' dir='ltr'>obstabat</span> <span class='ocrx_word' id='word_1_23' title='bbox 1099 450 1217 485; x_wconf 73' lang='lat' dir='ltr'>eidem7</span> 
     </span>
     <span class='ocr_line' id='line_1_5' title="bbox 208 503 1216 540; baseline -0.006 -4"><span class='ocrx_word' id='word_1_24' title='bbox 208 507 240 536; x_wconf 87' lang='lat' dir='ltr'>et</span> <span class='ocrx_word' id='word_1_25' title='bbox 255 504 426 535; x_wconf 75' lang='lat' dir='ltr'>sufficiens</span> <span class='ocrx_word' id='word_1_26' title='bbox 442 505 484 540; x_wconf 88' lang='lat' dir='ltr'>ei,</span> <span class='ocrx_word' id='word_1_27' title='bbox 501 504 563 534; x_wconf 90' lang='lat' dir='ltr'>etsi</span> <span class='ocrx_word' id='word_1_28' title='bbox 579 512 644 534; x_wconf 89' lang='lat' dir='ltr'>non</span> <span class='ocrx_word' id='word_1_29' title='bbox 661 504 822 538; x_wconf 86' lang='lat' dir='ltr'>eminens,</span> <span class='ocrx_word' id='word_1_30' title='bbox 842 503 979 533; x_wconf 73' lang='lat' dir='ltr'>scientia</span> <span class='ocrx_word' id='word_1_31' title='bbox 995 503 1193 540; x_wconf 77' lang='lat' dir='ltr'>sutl&#39;ragatur</span> <span class='ocrx_word' id='word_1_32' title='bbox 1212 512 1216 530; x_wconf 89' lang='lat'><strong>:</strong></span> 
     </span>
     <span class='ocr_line' id='line_1_6' title="bbox 208 554 1218 596; baseline -0.005 -8"><span class='ocrx_word' id='word_1_33' title='bbox 208 557 319 589; x_wconf 85' lang='lat' dir='ltr'>clerici</span> <span class='ocrx_word' id='word_1_34' title='bbox 338 566 480 596; x_wconf 82' lang='lat' dir='ltr'>quoque,</span> <span class='ocrx_word' id='word_1_35' title='bbox 501 557 534 587; x_wconf 91' lang='lat' dir='ltr'>in</span> <span class='ocrx_word' id='word_1_36' title='bbox 551 565 693 595; x_wconf 82' lang='lat' dir='ltr'>qnorum</span> <span class='ocrx_word' id='word_1_37' title='bbox 710 556 857 586; x_wconf 81' lang='lat' dir='ltr'>savorem</span> <span class='ocrx_word' id='word_1_38' title='bbox 878 555 1047 585; x_wconf 82' lang='lat' dir='ltr'>inductum</span> <span class='ocrx_word' id='word_1_39' title='bbox 1064 556 1111 585; x_wconf 73' lang='lat' dir='ltr'>est</span> <span class='ocrx_word' id='word_1_40' title='bbox 1131 556 1163 584; x_wconf 93' lang='lat' dir='ltr'>ut</span> <span class='ocrx_word' id='word_1_41' title='bbox 1178 554 1218 583; x_wconf 83' lang='lat' dir='ltr'>dc</span> 
     </span>
     <span class='ocr_line' id='line_1_7' title="bbox 208 608 1218 648; baseline -0.005 -7"><span class='ocrx_word' id='word_1_42' title='bbox 208 611 347 641; x_wconf 84' lang='lat' dir='ltr'>ecclesia</span> <span class='ocrx_word' id='word_1_43' title='bbox 364 619 424 640; x_wconf 86' lang='lat' dir='ltr'>sua</span> <span class='ocrx_word' id='word_1_44' title='bbox 440 610 561 648; x_wconf 81' lang='lat' dir='ltr'>eligant</span> <span class='ocrx_word' id='word_1_45' title='bbox 585 609 650 639; x_wconf 88' lang='lat' dir='ltr'>sibi</span> <span class='ocrx_word' id='word_1_46' title='bbox 668 610 846 648; x_wconf 72' lang='lat' dir='ltr'>pastorem,</span> <span class='ocrx_word' id='word_1_47' title='bbox 872 608 1060 638; x_wconf 77' lang='lat' dir='ltr'>renuntiare</span> <span class='ocrx_word' id='word_1_48' title='bbox 1081 608 1218 645; x_wconf 76' lang='lat' dir='ltr'>possunt</span> 
     </span>
     <span class='ocr_line' id='line_1_8' title="bbox 204 660 1218 703; baseline -0.006 -9"><span class='ocrx_word' id='word_1_49' title='bbox 204 663 272 703; x_wconf 90' lang='lat' dir='ltr'>juri</span> <span class='ocrx_word' id='word_1_50' title='bbox 284 663 371 702; x_wconf 77' lang='lat' dir='ltr'>qnod</span> <span class='ocrx_word' id='word_1_51' title='bbox 385 672 441 702; x_wconf 87' lang='lat' dir='ltr'>pro</span> <span class='ocrx_word' id='word_1_52' title='bbox 458 672 493 693; x_wconf 88' lang='lat' dir='ltr'>se</span> <span class='ocrx_word' id='word_1_53' title='bbox 507 662 653 693; x_wconf 87' lang='lat' dir='ltr'>noscitur</span> <span class='ocrx_word' id='word_1_54' title='bbox 669 661 904 695; x_wconf 87' lang='lat' dir='ltr'>introductum,</span> <span class='ocrx_word' id='word_1_55' title='bbox 921 663 950 691; x_wconf 89' lang='lat' dir='ltr'>et</span> <span class='ocrx_word' id='word_1_56' title='bbox 964 660 1072 691; x_wconf 89' lang='lat' dir='ltr'>locum</span> <span class='ocrx_word' id='word_1_57' title='bbox 1088 660 1218 689; x_wconf 75' lang='lat' dir='ltr'>videtur</span> 
     </span>
     <span class='ocr_line' id='line_1_9' title="bbox 208 712 1215 754; baseline -0.005 -8"><span class='ocrx_word' id='word_1_58' title='bbox 208 724 312 747; x_wconf 84' lang='lat' dir='ltr'>canon</span> <span class='ocrx_word' id='word_1_59' title='bbox 335 715 466 749; x_wconf 83' lang='lat' dir='ltr'>babere,</span> <span class='ocrx_word' id='word_1_60' title='bbox 487 715 630 754; x_wconf 84' lang='lat' dir='ltr'>qnando,</span> <span class='ocrx_word' id='word_1_61' title='bbox 649 714 779 745; x_wconf 78' lang='lat' dir='ltr'>clericis</span> <span class='ocrx_word' id='word_1_62' title='bbox 797 713 1015 744; x_wconf 77' lang='lat' dir='ltr'>renitentibus</span> <span class='ocrx_word' id='word_1_63' title='bbox 1034 714 1062 742; x_wconf 88' lang='lat' dir='ltr'>et</span> <span class='ocrx_word' id='word_1_64' title='bbox 1089 712 1215 748; x_wconf 80' lang='lat' dir='ltr'>invitis,</span> 
     </span>
     <span class='ocr_line' id='line_1_10' title="bbox 207 765 1215 807; baseline -0.006 -8"><span class='ocrx_word' id='word_1_65' title='bbox 207 770 384 800; x_wconf 83' lang='lat' dir='ltr'>extranens</span> <span class='ocrx_word' id='word_1_66' title='bbox 400 768 562 807; x_wconf 72' lang='lat' dir='ltr'>ingeritur</span> <span class='ocrx_word' id='word_1_67' title='bbox 576 776 616 798; x_wconf 84' lang='lat' dir='ltr'>ex</span> <span class='ocrx_word' id='word_1_68' title='bbox 632 768 784 800; x_wconf 80' lang='lat' dir='ltr'>adverso,</span> <span class='ocrx_word' id='word_1_69' title='bbox 800 768 933 806; x_wconf 89' lang='lat' dir='ltr'>propter</span> <span class='ocrx_word' id='word_1_70' title='bbox 948 766 1034 804; x_wconf 79' lang='lat' dir='ltr'>qnod</span> <span class='ocrx_word' id='word_1_71' title='bbox 1054 766 1084 795; x_wconf 93' lang='lat' dir='ltr'>in</span> <span class='ocrx_word' id='word_1_72' title='bbox 1102 765 1215 794; x_wconf 87' lang='lat' dir='ltr'>eodem</span> 
     </span>
     <span class='ocr_line' id='line_1_11' title="bbox 207 817 1215 860; baseline -0.005 -8"><span class='ocrx_word' id='word_1_73' title='bbox 207 830 332 852; x_wconf 87' lang='lat' dir='ltr'>canone</span> <span class='ocrx_word' id='word_1_74' title='bbox 353 821 503 860; x_wconf 79' lang='lat' dir='ltr'>sequitur</span> <span class='ocrx_word' id='word_1_75' title='bbox 523 822 557 851; x_wconf 93' lang='lat' dir='ltr'>ut</span> <span class='ocrx_word' id='word_1_76' title='bbox 576 820 619 850; x_wconf 88' lang='lat' dir='ltr'>sit</span> <span class='ocrx_word' id='word_1_77' title='bbox 635 820 774 850; x_wconf 70' lang='lat' dir='ltr'>facultas</span> <span class='ocrx_word' id='word_1_78' title='bbox 793 819 923 849; x_wconf 83' lang='lat' dir='ltr'>clericis</span> <span class='ocrx_word' id='word_1_79' title='bbox 940 818 1114 852; x_wconf 84' lang='lat' dir='ltr'>renitendi,</span> <span class='ocrx_word' id='word_1_80' title='bbox 1136 817 1162 847; x_wconf 90' lang='lat' dir='ltr'>si</span> <span class='ocrx_word' id='word_1_81' title='bbox 1181 825 1215 847; x_wconf 86' lang='lat' dir='ltr'>se</span> 
     </span>
     <span class='ocr_line' id='line_1_12' title="bbox 209 870 1215 912; baseline -0.004 -9"><span class='ocrx_word' id='word_1_82' title='bbox 209 873 351 903; x_wconf 81' lang='lat' dir='ltr'>viderint</span> <span class='ocrx_word' id='word_1_83' title='bbox 366 873 569 912; x_wconf 81' lang='lat' dir='ltr'>pregravari.</span> <span class='ocrx_word' id='word_1_84' title='bbox 586 873 799 903; x_wconf 75' lang='lat' dir='ltr'>Adiciebatur</span> <span class='ocrx_word' id='word_1_85' title='bbox 811 880 942 910; x_wconf 80' lang='lat' dir='ltr'>quoque</span> <span class='ocrx_word' id='word_1_86' title='bbox 955 871 1042 910; x_wconf 77' lang='lat' dir='ltr'>quod</span> <span class='ocrx_word' id='word_1_87' title='bbox 1059 879 1135 901; x_wconf 90' lang='lat' dir='ltr'>cum</span> <span class='ocrx_word' id='word_1_88' title='bbox 1150 870 1215 899; x_wconf 83' lang='lat' dir='ltr'>dic—</span> 
     </span>
     <span class='ocr_line' id='line_1_13' title="bbox 209 915 1216 959; baseline -0.005 -3"><span class='ocrx_word' id='word_1_89' title='bbox 209 927 280 956; x_wconf 89' lang='lat' dir='ltr'>tum</span> <span class='ocrx_word' id='word_1_90' title='bbox 305 926 344 956; x_wconf 83' lang='lat' dir='ltr'>R.</span> <span class='ocrx_word' id='word_1_91' title='bbox 371 927 445 956; x_wconf 87' lang='lat' dir='ltr'>ante</span> <span class='ocrx_word' id='word_1_92' title='bbox 470 926 581 956; x_wconf 89' lang='lat' dir='ltr'>cibum</span> <span class='ocrx_word' id='word_1_93' title='bbox 606 926 732 956; x_wconf 83' lang='lat' dir='ltr'>constet</span> <span class='ocrx_word' id='word_1_94' title='bbox 757 915 909 959; x_wconf 85' lang='lat' dir='ltr'>electum,</span> <span class='ocrx_word' id='word_1_95' title='bbox 931 924 957 954; x_wconf 88' lang='lat' dir='ltr'>si</span> <span class='ocrx_word' id='word_1_96' title='bbox 984 924 1140 954; x_wconf 78' lang='lat' dir='ltr'>electores</span> <span class='ocrx_word' id='word_1_97' title='bbox 1164 922 1216 953; x_wconf 91' lang='lat' dir='ltr'>sui</span> 
     </span>
     <span class='ocr_line' id='line_1_14' title="bbox 208 975 1218 1017; baseline -0.004 -8"><span class='ocrx_word' id='word_1_98' title='bbox 208 987 285 1009; x_wconf 88' lang='lat' dir='ltr'>eum</span> <span class='ocrx_word' id='word_1_99' title='bbox 309 980 380 1017; x_wconf 87' lang='lat' dir='ltr'>post</span> <span class='ocrx_word' id='word_1_100' title='bbox 402 979 672 1009; x_wconf 82' lang='lat' dir='ltr'>commestionem</span> <span class='ocrx_word' id='word_1_101' title='bbox 694 979 802 1008; x_wconf 90' lang='lat' dir='ltr'>denuo</span> <span class='ocrx_word' id='word_1_102' title='bbox 825 977 1005 1015; x_wconf 68' lang='lat' dir='ltr'>elegerunt,</span> <span class='ocrx_word' id='word_1_103' title='bbox 1035 985 1097 1006; x_wconf 90' lang='lat' dir='ltr'>non</span> <span class='ocrx_word' id='word_1_104' title='bbox 1122 975 1218 1006; x_wconf 84' lang='lat' dir='ltr'>debet</span> 
     </span>
     <span class='ocr_line' id='line_1_15' title="bbox 211 1029 1218 1070; baseline -0.003 -9"><span class='ocrx_word' id='word_1_105' title='bbox 211 1031 289 1062; x_wconf 87' lang='lat' dir='ltr'>utile</span> <span class='ocrx_word' id='word_1_106' title='bbox 315 1032 401 1070; x_wconf 79' lang='lat' dir='ltr'>quod</span> <span class='ocrx_word' id='word_1_107' title='bbox 429 1032 468 1062; x_wconf 87' lang='lat' dir='ltr'>de</span> <span class='ocrx_word' id='word_1_108' title='bbox 495 1031 566 1070; x_wconf 86' lang='lat' dir='ltr'>ipso</span> <span class='ocrx_word' id='word_1_109' title='bbox 591 1031 684 1070; x_wconf 88' lang='lat' dir='ltr'>prius</span> <span class='ocrx_word' id='word_1_110' title='bbox 705 1030 860 1061; x_wconf 86' lang='lat' dir='ltr'>canonice</span> <span class='ocrx_word' id='word_1_111' title='bbox 883 1030 1005 1060; x_wconf 83' lang='lat' dir='ltr'>factum</span> <span class='ocrx_word' id='word_1_112' title='bbox 1029 1029 1136 1059; x_wconf 79' lang='lat' dir='ltr'>fuerat</span> <span class='ocrx_word' id='word_1_113' title='bbox 1160 1037 1218 1067; x_wconf 84' lang='lat' dir='ltr'>per</span> 
     </span>
     <span class='ocr_line' id='line_1_16' title="bbox 209 1082 1217 1121; baseline -0.005 -7"><span class='ocrx_word' id='word_1_114' title='bbox 209 1084 326 1114; x_wconf 85' lang='lat' dir='ltr'>inutile</span> <span class='ocrx_word' id='word_1_115' title='bbox 343 1084 465 1113; x_wconf 79' lang='lat' dir='ltr'>vitiari.</span> <span class='ocrx_word' id='word_1_116' title='bbox 484 1084 637 1114; x_wconf 74' lang='lat' dir='ltr'>l’reterea</span> <span class='ocrx_word' id='word_1_117' title='bbox 653 1084 812 1113; x_wconf 71' lang='lat' dir='ltr'>electores</span> <span class='ocrx_word' id='word_1_118' title='bbox 829 1083 934 1121; x_wconf 85' lang='lat' dir='ltr'>ipsius</span> <span class='ocrx_word' id='word_1_119' title='bbox 951 1082 1127 1112; x_wconf 82' lang='lat' dir='ltr'>inferiores</span> <span class='ocrx_word' id='word_1_120' title='bbox 1145 1090 1217 1111; x_wconf 74' lang='lat' dir='ltr'>esse</span> 
     </span>
     <span class='ocr_line' id='line_1_17' title="bbox 209 1134 1219 1174; baseline -0.003 -8"><span class='ocrx_word' id='word_1_121' title='bbox 209 1137 285 1166; x_wconf 88' lang='lat' dir='ltr'>aliis</span> <span class='ocrx_word' id='word_1_122' title='bbox 303 1136 496 1166; x_wconf 75' lang='lat' dir='ltr'>anctoritate</span> <span class='ocrx_word' id='word_1_123' title='bbox 513 1137 543 1166; x_wconf 84' lang='lat' dir='ltr'>et</span> <span class='ocrx_word' id='word_1_124' title='bbox 558 1136 687 1165; x_wconf 83' lang='lat' dir='ltr'>meritis</span> <span class='ocrx_word' id='word_1_125' title='bbox 705 1135 897 1173; x_wconf 78' lang='lat' dir='ltr'>negabatur.</span> <span class='ocrx_word' id='word_1_126' title='bbox 914 1135 965 1164; x_wconf 74' lang='lat' dir='ltr'>Ad</span> <span class='ocrx_word' id='word_1_127' title='bbox 983 1135 1039 1164; x_wconf 70' lang='lat' dir='ltr'>laec</span> <span class='ocrx_word' id='word_1_128' title='bbox 1059 1134 1219 1174; x_wconf 71' lang='lat' dir='ltr'>prenomi-</span> 
     </span>
     <span class='ocr_line' id='line_1_18' title="bbox 210 1186 1217 1226; baseline -0.001 -10"><span class='ocrx_word' id='word_1_129' title='bbox 210 1189 304 1217; x_wconf 80' lang='lat' dir='ltr'>natus</span> <span class='ocrx_word' id='word_1_130' title='bbox 324 1187 378 1216; x_wconf 74' lang='lat' dir='ltr'>W.</span> <span class='ocrx_word' id='word_1_131' title='bbox 397 1187 480 1226; x_wconf 85' lang='lat' dir='ltr'>parti</span> <span class='ocrx_word' id='word_1_132' title='bbox 497 1187 575 1217; x_wconf 89' lang='lat' dir='ltr'>dicti</span> <span class='ocrx_word' id='word_1_133' title='bbox 590 1187 631 1217; x_wconf 85' lang='lat' dir='ltr'>R.</span> <span class='ocrx_word' id='word_1_134' title='bbox 652 1187 779 1216; x_wconf 84' lang='lat' dir='ltr'>remisit</span> <span class='ocrx_word' id='word_1_135' title='bbox 795 1186 882 1224; x_wconf 75' lang='lat' dir='ltr'>quod</span> <span class='ocrx_word' id='word_1_136' title='bbox 898 1194 937 1215; x_wconf 76' lang='lat' dir='ltr'>ex</span> <span class='ocrx_word' id='word_1_137' title='bbox 955 1189 1143 1224; x_wconf 87' lang='lat' dir='ltr'>contemptu</span> <span class='ocrx_word' id='word_1_138' title='bbox 1162 1195 1217 1224; x_wconf 90' lang='lat' dir='ltr'>po-</span> 
     </span>
     <span class='ocr_line' id='line_1_19' title="bbox 208 1239 1217 1277; baseline -0.003 -7"><span class='ocrx_word' id='word_1_139' title='bbox 208 1240 325 1270; x_wconf 85' lang='lat' dir='ltr'>tuisset</span> <span class='ocrx_word' id='word_1_140' title='bbox 344 1240 486 1273; x_wconf 85' lang='lat' dir='ltr'>obicere,</span> <span class='ocrx_word' id='word_1_141' title='bbox 515 1241 545 1269; x_wconf 89' lang='lat' dir='ltr'>ct</span> <span class='ocrx_word' id='word_1_142' title='bbox 565 1239 733 1269; x_wconf 83' lang='lat' dir='ltr'>consensit</span> <span class='ocrx_word' id='word_1_143' title='bbox 754 1239 852 1268; x_wconf 88' lang='lat' dir='ltr'>etiam</span> <span class='ocrx_word' id='word_1_144' title='bbox 875 1239 908 1268; x_wconf 90' lang='lat' dir='ltr'>in</span> <span class='ocrx_word' id='word_1_145' title='bbox 930 1239 1093 1273; x_wconf 66' lang='lat' dir='ltr'>eundem,</span> <span class='ocrx_word' id='word_1_146' title='bbox 1113 1240 1217 1277; x_wconf 78' lang='lat' dir='ltr'>potest</span> 
     </span>
     <span class='ocr_line' id='line_1_20' title="bbox 208 1291 1218 1331; baseline -0.003 -9"><span class='ocrx_word' id='word_1_147' title='bbox 208 1293 297 1323; x_wconf 85' lang='lat' dir='ltr'>enim</span> <span class='ocrx_word' id='word_1_148' title='bbox 319 1294 374 1331; x_wconf 78' lang='lat' dir='ltr'>qui</span> <span class='ocrx_word' id='word_1_149' title='bbox 389 1293 595 1331; x_wconf 87' lang='lat' dir='ltr'>contemptus</span> <span class='ocrx_word' id='word_1_150' title='bbox 607 1292 758 1322; x_wconf 78' lang='lat' dir='ltr'>extiterat</span> <span class='ocrx_word' id='word_1_151' title='bbox 772 1299 838 1320; x_wconf 90' lang='lat' dir='ltr'>non</span> <span class='ocrx_word' id='word_1_152' title='bbox 853 1300 984 1321; x_wconf 64' lang='lat' dir='ltr'>nocerez</span> <span class='ocrx_word' id='word_1_153' title='bbox 1006 1292 1035 1320; x_wconf 82' lang='lat' dir='ltr'>et</span> <span class='ocrx_word' id='word_1_154' title='bbox 1050 1291 1128 1329; x_wconf 72' lang='lat' dir='ltr'>qnia</span> <span class='ocrx_word' id='word_1_155' title='bbox 1143 1292 1218 1320; x_wconf 85' lang='lat' dir='ltr'>tnnc</span> 
     </span>
     <span class='ocr_line' id='line_1_21' title="bbox 207 1343 1218 1385; baseline -0.004 -9"><span class='ocrx_word' id='word_1_156' title='bbox 207 1354 266 1385; x_wconf 87' lang='lat' dir='ltr'>per</span> <span class='ocrx_word' id='word_1_157' title='bbox 280 1346 504 1383; x_wconf 88' lang='lat' dir='ltr'>contemptum</span> <span class='ocrx_word' id='word_1_158' title='bbox 521 1346 569 1375; x_wconf 84' lang='lat' dir='ltr'>est</span> <span class='ocrx_word' id='word_1_159' title='bbox 587 1344 702 1374; x_wconf 81' lang='lat' dir='ltr'>electio</span> <span class='ocrx_word' id='word_1_160' title='bbox 722 1343 893 1379; x_wconf 70' lang='lat' dir='ltr'>irritanda,</span> <span class='ocrx_word' id='word_1_161' title='bbox 913 1344 939 1373; x_wconf 89' lang='lat' dir='ltr'>si</span> <span class='ocrx_word' id='word_1_162' title='bbox 956 1343 1133 1381; x_wconf 74' lang='lat' dir='ltr'>contempti</span> <span class='ocrx_word' id='word_1_163' title='bbox 1155 1352 1218 1372; x_wconf 80' lang='lat' dir='ltr'>non</span> 
     </span>
     <span class='ocr_line' id='line_1_22' title="bbox 207 1397 1220 1434; baseline -0.003 -6"><span class='ocrx_word' id='word_1_164' title='bbox 207 1398 396 1428; x_wconf 74' lang='lat' dir='ltr'>curaverint</span> <span class='ocrx_word' id='word_1_165' title='bbox 408 1397 608 1432; x_wconf 69' lang='lat' dir='ltr'>consentire,</span> <span class='ocrx_word' id='word_1_166' title='bbox 625 1397 683 1427; x_wconf 89' lang='lat' dir='ltr'>scd</span> <span class='ocrx_word' id='word_1_167' title='bbox 697 1405 771 1426; x_wconf 85' lang='lat' dir='ltr'>enm</span> <span class='ocrx_word' id='word_1_168' title='bbox 786 1397 1009 1434; x_wconf 88' lang='lat' dir='ltr'>contemptum</span> <span class='ocrx_word' id='word_1_169' title='bbox 1024 1397 1136 1425; x_wconf 84' lang='lat' dir='ltr'>contra</span> <span class='ocrx_word' id='word_1_170' title='bbox 1150 1404 1220 1434; x_wconf 86' lang='lat' dir='ltr'>par-</span> 
     </span>
     <span class='ocr_line' id='line_1_23' title="bbox 208 1447 1220 1486; baseline -0.004 -5"><span class='ocrx_word' id='word_1_171' title='bbox 208 1453 275 1481; x_wconf 87' lang='lat' dir='ltr'>tem</span> <span class='ocrx_word' id='word_1_172' title='bbox 292 1450 429 1480; x_wconf 80' lang='lat' dir='ltr'>alteram</span> <span class='ocrx_word' id='word_1_173' title='bbox 447 1449 628 1484; x_wconf 85' lang='lat' dir='ltr'>retinuerit,</span> <span class='ocrx_word' id='word_1_174' title='bbox 648 1451 679 1479; x_wconf 89' lang='lat' dir='ltr'>et</span> <span class='ocrx_word' id='word_1_175' title='bbox 696 1448 887 1478; x_wconf 88' lang='lat' dir='ltr'>constitutio</span> <span class='ocrx_word' id='word_1_176' title='bbox 904 1448 1038 1478; x_wconf 88' lang='lat' dir='ltr'>concilii</span> <span class='ocrx_word' id='word_1_177' title='bbox 1055 1447 1220 1486; x_wconf 81' lang='lat' dir='ltr'>generalis</span> 
     </span>
     <span class='ocr_line' id='line_1_24' title="bbox 209 1490 1219 1542; baseline -0.005 -8"><span class='ocrx_word' id='word_1_178' title='bbox 209 1512 308 1542; x_wconf 88' lang='lat' dir='ltr'>super</span> <span class='ocrx_word' id='word_1_179' title='bbox 324 1503 542 1533; x_wconf 75' lang='lat' dir='ltr'>electionibus</span> <span class='ocrx_word' id='word_1_180' title='bbox 558 1502 646 1533; x_wconf 86' lang='lat' dir='ltr'>edita</span> <span class='ocrx_word' id='word_1_181' title='bbox 665 1502 833 1532; x_wconf 87' lang='lat' dir='ltr'>continere</span> <span class='ocrx_word' id='word_1_182' title='bbox 854 1502 1009 1531; x_wconf 80' lang='lat' dir='ltr'>noscatur</span> <span class='ocrx_word' id='word_1_183' title='bbox 1027 1501 1126 1539; x_wconf 79' lang='lat' dir='ltr'>quod,</span> <span class='ocrx_word' id='word_1_184' title='bbox 1145 1490 1219 1539; x_wconf 77' lang='lat' dir='ltr'>pre—</span> 
     </span>
     <span class='ocr_line' id='line_1_25' title="bbox 208 1554 1221 1594; baseline -0.005 -7"><span class='ocrx_word' id='word_1_185' title='bbox 208 1556 358 1587; x_wconf 73' lang='lat' dir='ltr'>sentibus</span> <span class='ocrx_word' id='word_1_186' title='bbox 375 1556 531 1586; x_wconf 90' lang='lat' dir='ltr'>omnibus</span> <span class='ocrx_word' id='word_1_187' title='bbox 554 1555 611 1594; x_wconf 78' lang='lat' dir='ltr'>qui</span> <span class='ocrx_word' id='word_1_188' title='bbox 630 1555 760 1589; x_wconf 87' lang='lat' dir='ltr'>debent,</span> <span class='ocrx_word' id='word_1_189' title='bbox 785 1554 902 1584; x_wconf 80' lang='lat' dir='ltr'>volunt</span> <span class='ocrx_word' id='word_1_190' title='bbox 918 1555 949 1584; x_wconf 88' lang='lat' dir='ltr'>et</span> <span class='ocrx_word' id='word_1_191' title='bbox 970 1555 1111 1592; x_wconf 85' lang='lat' dir='ltr'>possunt</span> <span class='ocrx_word' id='word_1_192' title='bbox 1132 1563 1221 1583; x_wconf 80' lang='lat' dir='ltr'>coni-</span> 
     </span>
     <span class='ocr_line' id='line_1_26' title="bbox 209 1606 1220 1645; baseline -0.005 -5"><span class='ocrx_word' id='word_1_193' title='bbox 209 1609 304 1640; x_wconf 89' lang='lat' dir='ltr'>mode</span> <span class='ocrx_word' id='word_1_194' title='bbox 319 1609 490 1645; x_wconf 54' lang='lat' dir='ltr'>interesse,</span> <span class='ocrx_word' id='word_1_195' title='bbox 506 1607 623 1638; x_wconf 84' lang='lat' dir='ltr'>debeat</span> <span class='ocrx_word' id='word_1_196' title='bbox 637 1607 677 1637; x_wconf 89' lang='lat' dir='ltr'>ad</span> <span class='ocrx_word' id='word_1_197' title='bbox 690 1607 884 1638; x_wconf 82' lang='lat' dir='ltr'>electionem</span> <span class='ocrx_word' id='word_1_198' title='bbox 900 1616 1076 1645; x_wconf 79' lang='lat' dir='ltr'>processus</span> <span class='ocrx_word' id='word_1_199' title='bbox 1094 1606 1220 1641; x_wconf 85' lang='lat' dir='ltr'>baberi,</span> 
     </span>
     <span class='ocr_line' id='line_1_27' title="bbox 209 1659 1221 1702; baseline -0.004 -9"><span class='ocrx_word' id='word_1_200' title='bbox 209 1663 251 1696; x_wconf 83' lang='lat' dir='ltr'>et,</span> <span class='ocrx_word' id='word_1_201' title='bbox 270 1662 481 1702; x_wconf 69' lang='lat' dir='ltr'>postmodum</span> <span class='ocrx_word' id='word_1_202' title='bbox 498 1661 667 1700; x_wconf 79' lang='lat' dir='ltr'>expressis</span> <span class='ocrx_word' id='word_1_203' title='bbox 684 1660 883 1690; x_wconf 80' lang='lat' dir='ltr'>electionum</span> <span class='ocrx_word' id='word_1_204' title='bbox 901 1660 1029 1695; x_wconf 83' lang='lat' dir='ltr'>formis,</span> <span class='ocrx_word' id='word_1_205' title='bbox 1050 1659 1083 1689; x_wconf 91' lang='lat' dir='ltr'>in</span> <span class='ocrx_word' id='word_1_206' title='bbox 1100 1659 1221 1690; x_wconf 86' lang='lat' dir='ltr'>consti-</span> 
     </span>
     <span class='ocr_line' id='line_1_28' title="bbox 209 1712 1222 1754; baseline -0.004 -8"><span class='ocrx_word' id='word_1_207' title='bbox 209 1716 335 1746; x_wconf 86' lang='lat' dir='ltr'>tutione</span> <span class='ocrx_word' id='word_1_208' title='bbox 358 1716 516 1754; x_wconf 82' lang='lat' dir='ltr'>sequatur</span> <span class='ocrx_word' id='word_1_209' title='bbox 535 1714 651 1744; x_wconf 81' lang='lat' dir='ltr'>eadem</span> <span class='ocrx_word' id='word_1_210' title='bbox 669 1714 758 1752; x_wconf 82' lang='lat' dir='ltr'>quod</span> <span class='ocrx_word' id='word_1_211' title='bbox 777 1722 842 1743; x_wconf 87' lang='lat' dir='ltr'>non</span> <span class='ocrx_word' id='word_1_212' title='bbox 863 1713 971 1743; x_wconf 85' lang='lat' dir='ltr'>valeat</span> <span class='ocrx_word' id='word_1_213' title='bbox 993 1712 1108 1743; x_wconf 84' lang='lat' dir='ltr'>electio</span> <span class='ocrx_word' id='word_1_214' title='bbox 1127 1713 1222 1742; x_wconf 86' lang='lat' dir='ltr'>aliter</span> 
     </span>
     <span class='ocr_line' id='line_1_29' title="bbox 210 1766 1223 1806; baseline -0.004 -7"><span class='ocrx_word' id='word_1_215' title='bbox 210 1768 386 1802; x_wconf 88' lang='lat' dir='ltr'>celebrata,</span> <span class='ocrx_word' id='word_1_216' title='bbox 413 1767 565 1806; x_wconf 80' lang='lat' dir='ltr'>prelibati</span> <span class='ocrx_word' id='word_1_217' title='bbox 591 1767 632 1797; x_wconf 90' lang='lat' dir='ltr'>R.</span> <span class='ocrx_word' id='word_1_218' title='bbox 656 1766 767 1796; x_wconf 82' lang='lat' dir='ltr'>valere</span> <span class='ocrx_word' id='word_1_219' title='bbox 795 1766 887 1796; x_wconf 84' lang='lat' dir='ltr'>debet</span> <span class='ocrx_word' id='word_1_220' title='bbox 916 1766 1043 1800; x_wconf 80' lang='lat' dir='ltr'>electio,</span> <span class='ocrx_word' id='word_1_221' title='bbox 1068 1767 1098 1796; x_wconf 88' lang='lat' dir='ltr'>et</span> <span class='ocrx_word' id='word_1_222' title='bbox 1119 1766 1223 1795; x_wconf 82' lang='lat' dir='ltr'>altera</span> 
     </span>
     <span class='ocr_line' id='line_1_30' title="bbox 212 1819 1223 1859; baseline -0.004 -7"><span class='ocrx_word' id='word_1_223' title='bbox 212 1822 306 1852; x_wconf 89' lang='lat' dir='ltr'>irrita</span> <span class='ocrx_word' id='word_1_224' title='bbox 321 1821 481 1857; x_wconf 67' lang='lat' dir='ltr'>nuntiarig</span> <span class='ocrx_word' id='word_1_225' title='bbox 502 1822 533 1851; x_wconf 91' lang='lat' dir='ltr'>et</span> <span class='ocrx_word' id='word_1_226' title='bbox 549 1820 638 1859; x_wconf 85' lang='lat' dir='ltr'>quod</span> <span class='ocrx_word' id='word_1_227' title='bbox 655 1819 779 1850; x_wconf 85' lang='lat' dir='ltr'>dictum</span> <span class='ocrx_word' id='word_1_228' title='bbox 797 1820 847 1849; x_wconf 85' lang='lat' dir='ltr'>est</span> <span class='ocrx_word' id='word_1_229' title='bbox 862 1819 901 1849; x_wconf 91' lang='lat' dir='ltr'>de</span> <span class='ocrx_word' id='word_1_230' title='bbox 919 1827 1084 1849; x_wconf 85' lang='lat' dir='ltr'>consensu</span> <span class='ocrx_word' id='word_1_231' title='bbox 1106 1827 1223 1858; x_wconf 59' lang='lat' dir='ltr'>procu&lt;</span> 
     </span>
     <span class='ocr_line' id='line_1_31' title="bbox 213 1872 1223 1912; baseline -0.004 -7"><span class='ocrx_word' id='word_1_232' title='bbox 213 1875 332 1905; x_wconf 86' lang='lat' dir='ltr'>ratoris</span> <span class='ocrx_word' id='word_1_233' title='bbox 350 1873 515 1912; x_wconf 83' lang='lat' dir='ltr'>lingonis,</span> <span class='ocrx_word' id='word_1_234' title='bbox 534 1873 591 1911; x_wconf 86' lang='lat' dir='ltr'>qui</span> <span class='ocrx_word' id='word_1_235' title='bbox 613 1872 709 1903; x_wconf 88' lang='lat' dir='ltr'>alteri</span> <span class='ocrx_word' id='word_1_236' title='bbox 724 1872 878 1903; x_wconf 86' lang='lat' dir='ltr'>electioni</span> <span class='ocrx_word' id='word_1_237' title='bbox 896 1873 1075 1906; x_wconf 87' lang='lat' dir='ltr'>consensit,</span> <span class='ocrx_word' id='word_1_238' title='bbox 1095 1872 1136 1902; x_wconf 86' lang='lat' dir='ltr'>ad</span> <span class='ocrx_word' id='word_1_239' title='bbox 1155 1880 1223 1902; x_wconf 84' lang='lat' dir='ltr'>reni</span> 
     </span>
     <span class='ocr_line' id='line_1_32' title="bbox 211 1925 1223 1964; baseline -0.004 -6"><span class='ocrx_word' id='word_1_240' title='bbox 211 1928 319 1958; x_wconf 83' lang='lat' dir='ltr'>facere</span> <span class='ocrx_word' id='word_1_241' title='bbox 333 1935 398 1957; x_wconf 90' lang='lat' dir='ltr'>non</span> <span class='ocrx_word' id='word_1_242' title='bbox 415 1926 558 1961; x_wconf 81' lang='lat' dir='ltr'>videtur,</span> <span class='ocrx_word' id='word_1_243' title='bbox 575 1934 650 1955; x_wconf 89' lang='lat' dir='ltr'>cum</span> <span class='ocrx_word' id='word_1_244' title='bbox 663 1925 811 1964; x_wconf 82' lang='lat' dir='ltr'>ejusdem</span> <span class='ocrx_word' id='word_1_245' title='bbox 829 1925 961 1955; x_wconf 85' lang='lat' dir='ltr'>concilii</span> <span class='ocrx_word' id='word_1_246' title='bbox 977 1926 1099 1955; x_wconf 82' lang='lat' dir='ltr'>statuta</span> <span class='ocrx_word' id='word_1_247' title='bbox 1112 1925 1223 1964; x_wconf 83' lang='lat' dir='ltr'>prolii-</span> 
     </span>
     <span class='ocr_line' id='line_1_33' title="bbox 214 1978 1222 2018; baseline -0.004 -7"><span class='ocrx_word' id='word_1_248' title='bbox 214 1981 313 2011; x_wconf 87' lang='lat' dir='ltr'>beant</span> <span class='ocrx_word' id='word_1_249' title='bbox 330 1988 368 2010; x_wconf 90' lang='lat' dir='ltr'>ne</span> <span class='ocrx_word' id='word_1_250' title='bbox 385 1979 460 2018; x_wconf 80' lang='lat' dir='ltr'>quis</span> <span class='ocrx_word' id='word_1_251' title='bbox 478 1979 511 2009; x_wconf 89' lang='lat' dir='ltr'>in</span> <span class='ocrx_word' id='word_1_252' title='bbox 530 1978 701 2009; x_wconf 80' lang='lat' dir='ltr'>electionis</span> <span class='ocrx_word' id='word_1_253' title='bbox 719 1978 849 2016; x_wconf 82' lang='lat' dir='ltr'>negotio</span> <span class='ocrx_word' id='word_1_254' title='bbox 867 1979 1114 2016; x_wconf 82' lang='lat' dir='ltr'>procuratorem</span> <span class='ocrx_word' id='word_1_255' title='bbox 1128 1987 1222 2008; x_wconf 88' lang='lat' dir='ltr'>cons-</span> 
     </span>
     <span class='ocr_line' id='line_1_34' title="bbox 215 2030 1222 2069; baseline -0.004 -5"><span class='ocrx_word' id='word_1_256' title='bbox 215 2034 321 2066; x_wconf 87' lang='lat' dir='ltr'>tituat,</span> <span class='ocrx_word' id='word_1_257' title='bbox 341 2033 405 2062; x_wconf 88' lang='lat' dir='ltr'>nisi</span> <span class='ocrx_word' id='word_1_258' title='bbox 429 2032 471 2062; x_wconf 87' lang='lat' dir='ltr'>sit</span> <span class='ocrx_word' id='word_1_259' title='bbox 489 2031 610 2062; x_wconf 87' lang='lat' dir='ltr'>absens</span> <span class='ocrx_word' id='word_1_260' title='bbox 632 2031 664 2061; x_wconf 93' lang='lat' dir='ltr'>in</span> <span class='ocrx_word' id='word_1_261' title='bbox 682 2031 752 2061; x_wconf 87' lang='lat' dir='ltr'>loco</span> <span class='ocrx_word' id='word_1_262' title='bbox 775 2031 815 2061; x_wconf 88' lang='lat' dir='ltr'>de</span> <span class='ocrx_word' id='word_1_263' title='bbox 836 2039 900 2069; x_wconf 77' lang='lat' dir='ltr'>qno</span> <span class='ocrx_word' id='word_1_264' title='bbox 918 2030 1035 2061; x_wconf 86' lang='lat' dir='ltr'>debeat</span> <span class='ocrx_word' id='word_1_265' title='bbox 1056 2031 1222 2067; x_wconf 79' lang='lat' dir='ltr'>advocari,</span> 
     </span>
     <span class='ocr_line' id='line_1_35' title="bbox 213 2083 1224 2126; baseline -0.004 -9"><span class='ocrx_word' id='word_1_266' title='bbox 213 2087 368 2126; x_wconf 76' lang='lat' dir='ltr'>justoque</span> <span class='ocrx_word' id='word_1_267' title='bbox 390 2084 626 2124; x_wconf 87' lang='lat' dir='ltr'>impedimento</span> <span class='ocrx_word' id='word_1_268' title='bbox 643 2084 795 2114; x_wconf 88' lang='lat' dir='ltr'>detentus</span> <span class='ocrx_word' id='word_1_269' title='bbox 807 2083 919 2114; x_wconf 79' lang='lat' dir='ltr'>venire</span> <span class='ocrx_word' id='word_1_270' title='bbox 933 2092 998 2113; x_wconf 89' lang='lat' dir='ltr'>non</span> <span class='ocrx_word' id='word_1_271' title='bbox 1010 2083 1127 2122; x_wconf 87' lang='lat' dir='ltr'>possit.</span> <span class='ocrx_word' id='word_1_272' title='bbox 1139 2086 1224 2115; x_wconf 65' lang='lat' dir='ltr'>Sane</span> 
     </span>
     <span class='ocr_line' id='line_1_36' title="bbox 214 2136 1225 2179; baseline -0.005 -9"><span class='ocrx_word' id='word_1_273' title='bbox 214 2147 274 2179; x_wconf 87' lang='lat' dir='ltr'>pro</span> <span class='ocrx_word' id='word_1_274' title='bbox 293 2140 383 2178; x_wconf 81' lang='lat' dir='ltr'>parte</span> <span class='ocrx_word' id='word_1_275' title='bbox 405 2146 467 2176; x_wconf 74' lang='lat' dir='ltr'>que</span> <span class='ocrx_word' id='word_1_276' title='bbox 485 2137 690 2167; x_wconf 80' lang='lat' dir='ltr'>cardinalem</span> <span class='ocrx_word' id='word_1_277' title='bbox 711 2136 866 2174; x_wconf 77' lang='lat' dir='ltr'>elegerat,</span> <span class='ocrx_word' id='word_1_278' title='bbox 885 2136 946 2166; x_wconf 85' lang='lat' dir='ltr'>suit</span> <span class='ocrx_word' id='word_1_279' title='bbox 968 2136 1000 2166; x_wconf 90' lang='lat' dir='ltr'>in</span> <span class='ocrx_word' id='word_1_280' title='bbox 1023 2137 1225 2167; x_wconf 84' lang='lat' dir='ltr'>contrarium</span> 
     </span>
     <span class='ocr_line' id='line_1_37' title="bbox 214 2189 1226 2231; baseline -0.003 -9"><span class='ocrx_word' id='word_1_281' title='bbox 214 2191 422 2231; x_wconf 82' lang='lat' dir='ltr'>replicatum,</span> <span class='ocrx_word' id='word_1_282' title='bbox 443 2190 532 2229; x_wconf 78' lang='lat' dir='ltr'>quod</span> <span class='ocrx_word' id='word_1_283' title='bbox 557 2198 621 2220; x_wconf 88' lang='lat' dir='ltr'>non</span> <span class='ocrx_word' id='word_1_284' title='bbox 641 2189 781 2220; x_wconf 84' lang='lat' dir='ltr'>debebat</span> <span class='ocrx_word' id='word_1_285' title='bbox 803 2197 876 2219; x_wconf 86' lang='lat' dir='ltr'>esse</span> <span class='ocrx_word' id='word_1_286' title='bbox 897 2189 929 2218; x_wconf 95' lang='lat' dir='ltr'>in</span> <span class='ocrx_word' id='word_1_287' title='bbox 953 2190 1112 2227; x_wconf 78' lang='lat' dir='ltr'>potestate</span> <span class='ocrx_word' id='word_1_288' title='bbox 1134 2189 1226 2219; x_wconf 87' lang='lat' dir='ltr'>illius</span> 
     </span>
     <span class='ocr_line' id='line_1_38' title="bbox 215 2242 1226 2284; baseline -0.002 -10"><span class='ocrx_word' id='word_1_289' title='bbox 215 2244 273 2284; x_wconf 86' lang='lat' dir='ltr'>qui</span> <span class='ocrx_word' id='word_1_290' title='bbox 290 2245 498 2283; x_wconf 86' lang='lat' dir='ltr'>contemptus</span> <span class='ocrx_word' id='word_1_291' title='bbox 515 2243 681 2277; x_wconf 87' lang='lat' dir='ltr'>existeret,</span> <span class='ocrx_word' id='word_1_292' title='bbox 695 2243 921 2280; x_wconf 87' lang='lat' dir='ltr'>contemptum</span> <span class='ocrx_word' id='word_1_293' title='bbox 939 2242 996 2272; x_wconf 89' lang='lat' dir='ltr'>uni</span> <span class='ocrx_word' id='word_1_294' title='bbox 1012 2243 1096 2280; x_wconf 89' lang='lat' dir='ltr'>parti</span> <span class='ocrx_word' id='word_1_295' title='bbox 1115 2243 1226 2272; x_wconf 88' lang='lat' dir='ltr'>remit-</span> 
     </span>
    </p>
   </div>
   <div class='ocr_carea' id='block_1_3' title="bbox 217 2294 1256 2334">
    <p class='ocr_par' dir='ltr' id='par_1_3' title="bbox 217 2294 1256 2334">
     <span class='ocr_line' id='line_1_39' title="bbox 217 2294 1256 2334; baseline -0.004 -6"><span class='ocrx_word' id='word_1_296' title='bbox 217 2299 284 2328; x_wconf 89' lang='lat' dir='ltr'>tere</span> <span class='ocrx_word' id='word_1_297' title='bbox 306 2300 337 2328; x_wconf 89' lang='lat' dir='ltr'>et</span> <span class='ocrx_word' id='word_1_298' title='bbox 361 2298 475 2327; x_wconf 88' lang='lat' dir='ltr'>eontra</span> <span class='ocrx_word' id='word_1_299' title='bbox 500 2296 601 2327; x_wconf 89' lang='lat' dir='ltr'>aliam</span> <span class='ocrx_word' id='word_1_300' title='bbox 625 2295 777 2326; x_wconf 87' lang='lat' dir='ltr'>retinere.</span> <span class='ocrx_word' id='word_1_301' title='bbox 803 2294 910 2324; x_wconf 71' lang='lat' dir='ltr'>Aliter</span> <span class='ocrx_word' id='word_1_302' title='bbox 929 2295 1018 2325; x_wconf 88' lang='lat' dir='ltr'>enim</span> <span class='ocrx_word' id='word_1_303' title='bbox 1037 2294 1227 2334; x_wconf 83' lang='lat' dir='ltr'>frequenter</span> <span class='ocrx_word' id='word_1_304' title='bbox 1255 2313 1256 2316; x_wconf 58' lang='lat'><em>=</em></span> 
     </span>
    </p>
   </div>
   <div class='ocr_carea' id='block_1_4' title="bbox 215 2347 1232 2914">
    <p class='ocr_par' dir='ltr' id='par_1_4' title="bbox 215 2347 1232 2914">
     <span class='ocr_line' id='line_1_40' title="bbox 215 2347 1227 2390; baseline -0.004 -9"><span class='ocrx_word' id='word_1_305' title='bbox 215 2351 276 2382; x_wconf 89' lang='lat' dir='ltr'>hoc</span> <span class='ocrx_word' id='word_1_306' title='bbox 287 2350 520 2390; x_wconf 84' lang='lat' dir='ltr'>procuraretur</span> <span class='ocrx_word' id='word_1_307' title='bbox 530 2349 564 2378; x_wconf 88' lang='lat' dir='ltr'>in</span> <span class='ocrx_word' id='word_1_308' title='bbox 577 2348 741 2382; x_wconf 87' lang='lat' dir='ltr'>fraudem,</span> <span class='ocrx_word' id='word_1_309' title='bbox 754 2348 789 2378; x_wconf 92' lang='lat' dir='ltr'>ut</span> <span class='ocrx_word' id='word_1_310' title='bbox 801 2348 911 2386; x_wconf 89' lang='lat' dir='ltr'>posset</span> <span class='ocrx_word' id='word_1_311' title='bbox 923 2347 1117 2377; x_wconf 75' lang='lat' dir='ltr'>electionem</span> <span class='ocrx_word' id='word_1_312' title='bbox 1129 2356 1227 2386; x_wconf 80' lang='lat' dir='ltr'>quam</span> 
     </span>
     <span class='ocr_line' id='line_1_41' title="bbox 217 2400 1228 2442; baseline -0.005 -8"><span class='ocrx_word' id='word_1_313' title='bbox 217 2403 318 2434; x_wconf 87' lang='lat' dir='ltr'>vellet</span> <span class='ocrx_word' id='word_1_314' title='bbox 343 2402 527 2442; x_wconf 85' lang='lat' dir='ltr'>approbare</span> <span class='ocrx_word' id='word_1_315' title='bbox 553 2401 606 2431; x_wconf 89' lang='lat' dir='ltr'>vel</span> <span class='ocrx_word' id='word_1_316' title='bbox 632 2400 808 2440; x_wconf 88' lang='lat' dir='ltr'>reprobare</span> <span class='ocrx_word' id='word_1_317' title='bbox 833 2401 1053 2439; x_wconf 85' lang='lat' dir='ltr'>contemptus,</span> <span class='ocrx_word' id='word_1_318' title='bbox 1076 2401 1107 2431; x_wconf 89' lang='lat' dir='ltr'>et</span> <span class='ocrx_word' id='word_1_319' title='bbox 1132 2401 1228 2430; x_wconf 86' lang='lat' dir='ltr'>istius</span> 
     </span>
     <span class='ocr_line' id='line_1_42' title="bbox 216 2452 1227 2494; baseline -0.004 -7"><span class='ocrx_word' id='word_1_320' title='bbox 216 2455 351 2487; x_wconf 84' lang='lat' dir='ltr'>effectus</span> <span class='ocrx_word' id='word_1_321' title='bbox 375 2454 497 2494; x_wconf 86' lang='lat' dir='ltr'>negotii</span> <span class='ocrx_word' id='word_1_322' title='bbox 520 2454 560 2484; x_wconf 92' lang='lat' dir='ltr'>de</span> <span class='ocrx_word' id='word_1_323' title='bbox 585 2463 642 2484; x_wconf 85' lang='lat' dir='ltr'>sue</span> <span class='ocrx_word' id='word_1_324' title='bbox 664 2453 864 2492; x_wconf 82' lang='lat' dir='ltr'>dependeret</span> <span class='ocrx_word' id='word_1_325' title='bbox 883 2452 1088 2492; x_wconf 81' lang='lat' dir='ltr'>beneplacito</span> <span class='ocrx_word' id='word_1_326' title='bbox 1111 2454 1227 2484; x_wconf 73' lang='lat' dir='ltr'>volun-</span> 
     </span>
     <span class='ocr_line' id='line_1_43' title="bbox 216 2506 1228 2547; baseline -0.002 -8"><span class='ocrx_word' id='word_1_327' title='bbox 216 2509 304 2540; x_wconf 86' lang='lat' dir='ltr'>tatis.</span> <span class='ocrx_word' id='word_1_328' title='bbox 327 2508 480 2547; x_wconf 80' lang='lat' dir='ltr'>Denique</span> <span class='ocrx_word' id='word_1_329' title='bbox 502 2508 661 2538; x_wconf 86' lang='lat' dir='ltr'>statutum</span> <span class='ocrx_word' id='word_1_330' title='bbox 681 2506 847 2546; x_wconf 84' lang='lat' dir='ltr'>generalis</span> <span class='ocrx_word' id='word_1_331' title='bbox 868 2506 1012 2541; x_wconf 88' lang='lat' dir='ltr'>concilii,</span> <span class='ocrx_word' id='word_1_332' title='bbox 1034 2507 1123 2545; x_wconf 84' lang='lat' dir='ltr'>quod</span> <span class='ocrx_word' id='word_1_333' title='bbox 1147 2507 1228 2537; x_wconf 88' lang='lat' dir='ltr'>elec-</span> 
     </span>
     <span class='ocr_line' id='line_1_44' title="bbox 218 2559 1229 2597; baseline -0.003 -5"><span class='ocrx_word' id='word_1_334' title='bbox 218 2561 340 2592; x_wconf 88' lang='lat' dir='ltr'>tionem</span> <span class='ocrx_word' id='word_1_335' title='bbox 354 2560 500 2591; x_wconf 84' lang='lat' dir='ltr'>decernit</span> <span class='ocrx_word' id='word_1_336' title='bbox 515 2560 710 2594; x_wconf 80' lang='lat' dir='ltr'>invalidam,</span> <span class='ocrx_word' id='word_1_337' title='bbox 721 2560 919 2589; x_wconf 81' lang='lat' dir='ltr'>cumcontra</span> <span class='ocrx_word' id='word_1_338' title='bbox 932 2559 1079 2597; x_wconf 77' lang='lat' dir='ltr'>ejiisdeni</span> <span class='ocrx_word' id='word_1_339' title='bbox 1096 2560 1229 2590; x_wconf 76' lang='lat' dir='ltr'>concilii</span> 
     </span>
     <span class='ocr_line' id='line_1_45' title="bbox 218 2611 1229 2652; baseline -0.002 -8"><span class='ocrx_word' id='word_1_340' title='bbox 218 2614 360 2644; x_wconf 83' lang='lat' dir='ltr'>formam</span> <span class='ocrx_word' id='word_1_341' title='bbox 374 2613 406 2644; x_wconf 92' lang='lat' dir='ltr'>in</span> <span class='ocrx_word' id='word_1_342' title='bbox 418 2613 576 2644; x_wconf 85' lang='lat' dir='ltr'>electione</span> <span class='ocrx_word' id='word_1_343' title='bbox 589 2614 753 2652; x_wconf 84' lang='lat' dir='ltr'>peccatur,</span> <span class='ocrx_word' id='word_1_344' title='bbox 768 2620 835 2642; x_wconf 90' lang='lat' dir='ltr'>non</span> <span class='ocrx_word' id='word_1_345' title='bbox 845 2611 939 2642; x_wconf 89' lang='lat' dir='ltr'>debet</span> <span class='ocrx_word' id='word_1_346' title='bbox 955 2612 995 2641; x_wconf 88' lang='lat' dir='ltr'>ad</span> <span class='ocrx_word' id='word_1_347' title='bbox 1007 2613 1229 2652; x_wconf 84' lang='lat' dir='ltr'>contemptum</span> 
     </span>
     <span class='ocr_line' id='line_1_46' title="bbox 219 2664 1230 2704; baseline -0.002 -7"><span class='ocrx_word' id='word_1_348' title='bbox 219 2667 251 2697; x_wconf 86' lang='lat' dir='ltr'>et</span> <span class='ocrx_word' id='word_1_349' title='bbox 264 2665 330 2696; x_wconf 86' lang='lat' dir='ltr'>alia</span> <span class='ocrx_word' id='word_1_350' title='bbox 352 2675 413 2704; x_wconf 84' lang='lat' dir='ltr'>qne</span> <span class='ocrx_word' id='word_1_351' title='bbox 437 2674 501 2696; x_wconf 89' lang='lat' dir='ltr'>non</span> <span class='ocrx_word' id='word_1_352' title='bbox 527 2667 603 2695; x_wconf 86' lang='lat' dir='ltr'>sunt</span> <span class='ocrx_word' id='word_1_353' title='bbox 625 2665 664 2695; x_wconf 89' lang='lat' dir='ltr'>de</span> <span class='ocrx_word' id='word_1_354' title='bbox 688 2665 792 2695; x_wconf 84' lang='lat' dir='ltr'>forma</span> <span class='ocrx_word' id='word_1_355' title='bbox 809 2664 940 2700; x_wconf 70' lang='lat' dir='ltr'>referri,-</span> <span class='ocrx_word' id='word_1_356' title='bbox 967 2665 1054 2695; x_wconf 89' lang='lat' dir='ltr'>nnde</span> <span class='ocrx_word' id='word_1_357' title='bbox 1077 2666 1164 2704; x_wconf 87' lang='lat' dir='ltr'>quod</span> <span class='ocrx_word' id='word_1_358' title='bbox 1182 2665 1230 2695; x_wconf 90' lang='lat' dir='ltr'>ibi</span> 
     </span>
     <span class='ocr_line' id='line_1_47' title="bbox 219 2717 1228 2757; baseline 0 -8"><span class='ocrx_word' id='word_1_359' title='bbox 219 2718 340 2750; x_wconf 88' lang='lat' dir='ltr'>dicitur</span> <span class='ocrx_word' id='word_1_360' title='bbox 357 2718 444 2757; x_wconf 71' lang='lat' dir='ltr'>qnod</span> <span class='ocrx_word' id='word_1_361' title='bbox 459 2718 554 2749; x_wconf 91' lang='lat' dir='ltr'>aliter</span> <span class='ocrx_word' id='word_1_362' title='bbox 569 2717 685 2748; x_wconf 87' lang='lat' dir='ltr'>electio</span> <span class='ocrx_word' id='word_1_363' title='bbox 703 2717 867 2748; x_wconf 84' lang='lat' dir='ltr'>celebrata</span> <span class='ocrx_word' id='word_1_364' title='bbox 885 2726 949 2747; x_wconf 91' lang='lat' dir='ltr'>non</span> <span class='ocrx_word' id='word_1_365' title='bbox 969 2718 1087 2753; x_wconf 76' lang='lat' dir='ltr'>valeat,</span> <span class='ocrx_word' id='word_1_366' title='bbox 1107 2727 1144 2748; x_wconf 83' lang='lat' dir='ltr'>ea</span> <span class='ocrx_word' id='word_1_367' title='bbox 1160 2719 1228 2749; x_wconf 86' lang='lat' dir='ltr'>tan-</span> 
     </span>
     <span class='ocr_line' id='line_1_48' title="bbox 221 2770 1231 2810; baseline -0.001 -8"><span class='ocrx_word' id='word_1_368' title='bbox 221 2772 291 2802; x_wconf 83' lang='lat' dir='ltr'>tum</span> <span class='ocrx_word' id='word_1_369' title='bbox 308 2771 442 2810; x_wconf 82' lang='lat' dir='ltr'>respicit</span> <span class='ocrx_word' id='word_1_370' title='bbox 464 2779 527 2809; x_wconf 87' lang='lat' dir='ltr'>que</span> <span class='ocrx_word' id='word_1_371' title='bbox 545 2771 780 2809; x_wconf 88' lang='lat' dir='ltr'>attemptantur</span> <span class='ocrx_word' id='word_1_372' title='bbox 798 2771 912 2800; x_wconf 86' lang='lat' dir='ltr'>contra</span> <span class='ocrx_word' id='word_1_373' title='bbox 935 2770 1073 2800; x_wconf 80' lang='lat' dir='ltr'>sormam</span> <span class='ocrx_word' id='word_1_374' title='bbox 1097 2771 1231 2801; x_wconf 87' lang='lat' dir='ltr'>concilii</span> 
     </span>
     <span class='ocr_line' id='line_1_49' title="bbox 221 2822 1231 2860; baseline 0.001 -7"><span class='ocrx_word' id='word_1_375' title='bbox 221 2823 406 2857; x_wconf 85' lang='lat' dir='ltr'>memorati,</span> <span class='ocrx_word' id='word_1_376' title='bbox 426 2831 491 2853; x_wconf 92' lang='lat' dir='ltr'>non</span> <span class='ocrx_word' id='word_1_377' title='bbox 512 2823 623 2852; x_wconf 84' lang='lat' dir='ltr'>autem</span> <span class='ocrx_word' id='word_1_378' title='bbox 640 2822 706 2852; x_wconf 85' lang='lat' dir='ltr'>alia</span> <span class='ocrx_word' id='word_1_379' title='bbox 720 2830 784 2860; x_wconf 89' lang='lat' dir='ltr'>que</span> <span class='ocrx_word' id='word_1_380' title='bbox 804 2824 973 2860; x_wconf 88' lang='lat' dir='ltr'>ponuntur</span> <span class='ocrx_word' id='word_1_381' title='bbox 991 2822 1126 2858; x_wconf 81' lang='lat' dir='ltr'>ibidem,</span> <span class='ocrx_word' id='word_1_382' title='bbox 1147 2824 1231 2854; x_wconf 87' lang='lat' dir='ltr'>sicut</span> 
     </span>
     <span class='ocr_line' id='line_1_50' title="bbox 222 2874 1232 2914; baseline 0 -8"><span class='ocrx_word' id='word_1_383' title='bbox 222 2876 272 2906; x_wconf 85' lang='lat' dir='ltr'>est</span> <span class='ocrx_word' id='word_1_384' title='bbox 286 2875 370 2905; x_wconf 86' lang='lat' dir='ltr'>illud</span> <span class='ocrx_word' id='word_1_385' title='bbox 385 2875 484 2913; x_wconf 76' lang='lat' dir='ltr'>quod,</span> <span class='ocrx_word' id='word_1_386' title='bbox 500 2874 710 2913; x_wconf 89' lang='lat' dir='ltr'>presentibus</span> <span class='ocrx_word' id='word_1_387' title='bbox 725 2874 881 2904; x_wconf 87' lang='lat' dir='ltr'>omnibus</span> <span class='ocrx_word' id='word_1_388' title='bbox 896 2875 954 2914; x_wconf 86' lang='lat' dir='ltr'>qui</span> <span class='ocrx_word' id='word_1_389' title='bbox 968 2875 1099 2910; x_wconf 80' lang='lat' dir='ltr'>debent,</span> <span class='ocrx_word' id='word_1_390' title='bbox 1118 2876 1232 2907; x_wconf 89' lang='lat' dir='ltr'>volunt</span> 
     </span>
    </p>
   </div>
   <div class='ocr_carea' id='block_1_5' title="bbox 223 2927 1263 2967">
    <p class='ocr_par' dir='ltr' id='par_1_5' title="bbox 223 2927 1263 2967">
     <span class='ocr_line' id='line_1_51' title="bbox 223 2927 1263 2967; baseline 0.004 -9"><span class='ocrx_word' id='word_1_391' title='bbox 223 2929 254 2958; x_wconf 87' lang='lat' dir='ltr'>et</span> <span class='ocrx_word' id='word_1_392' title='bbox 275 2930 415 2967; x_wconf 75' lang='lat' dir='ltr'>possunt</span> <span class='ocrx_word' id='word_1_393' title='bbox 436 2927 606 2957; x_wconf 86' lang='lat' dir='ltr'>commode</span> <span class='ocrx_word' id='word_1_394' title='bbox 630 2927 800 2962; x_wconf 89' lang='lat' dir='ltr'>interesse,</span> <span class='ocrx_word' id='word_1_395' title='bbox 824 2927 939 2958; x_wconf 85' lang='lat' dir='ltr'>haberi</span> <span class='ocrx_word' id='word_1_396' title='bbox 957 2928 1074 2958; x_wconf 84' lang='lat' dir='ltr'>debeat</span> <span class='ocrx_word' id='word_1_397' title='bbox 1096 2929 1130 2959; x_wconf 91' lang='lat' dir='ltr'>in</span> <span class='ocrx_word' id='word_1_398' title='bbox 1147 2929 1230 2960; x_wconf 88' lang='lat' dir='ltr'>elec·</span> <span class='ocrx_word' id='word_1_399' title='bbox 1260 2939 1263 2962; x_wconf 71' lang='grc' dir='ltr'>ι</span> 
     </span>
    </p>
   </div>
   <div class='ocr_carea' id='block_1_6' title="bbox 306 2979 649 3008">
    <p class='ocr_par' dir='ltr' id='par_1_6' title="bbox 306 2979 649 3008">
     <span class='ocr_line' id='line_1_52' title="bbox 306 2979 649 3008; baseline -0.006 -3"><span class='ocrx_word' id='word_1_400' title='bbox 306 2979 496 3005; x_wconf 59' lang='lat' dir='ltr'>GRLGOIRE</span> <span class='ocrx_word' id='word_1_401' title='bbox 511 2979 559 3008; x_wconf 79' lang='lat' dir='ltr'>lx,</span> <span class='ocrx_word' id='word_1_402' title='bbox 574 2982 593 3003; x_wconf 73' lang='lat' dir='ltr'>t.</span> <span class='ocrx_word' id='word_1_403' title='bbox 610 2979 621 3002; x_wconf 88' lang='grc' dir='ltr'><strong>Ι</strong></span> <span class='ocrx_word' id='word_1_404' title='bbox 645 2998 649 3003; x_wconf 96' lang='grc'>.</span> 
     </span>
    </p>
   </div>
   <div class='ocr_carea' id='block_1_7' title="bbox 1037 251 1461 290">
    <p class='ocr_par' dir='ltr' id='par_1_7' title="bbox 1037 251 1461 290">
     <span class='ocr_line' id='line_1_53' title="bbox 1037 251 1461 290; baseline -0.005 0"><span class='ocrx_word' id='word_1_405' title='bbox 1037 251 1273 290; x_wconf 63' lang='grc' dir='ltr'>ιῑηςυΧιΕΜΕ</span> <span class='ocrx_word' id='word_1_406' title='bbox 1296 251 1461 289; x_wconf 62' lang='grc' dir='ltr'>Ακκιῑιις.</span> 
     </span>
    </p>
   </div>
   <div class='ocr_carea' id='block_1_8' title="bbox 1244 931 1250 1587">
    <p class='ocr_par' dir='ltr' id='par_1_8' title="bbox 1244 931 1250 1587">
     <span class='ocr_line' id='line_1_54' title="bbox 1244 931 1250 1587; baseline 0 0"><span class='ocrx_word' id='word_1_407' title='bbox 1244 931 1250 1587; x_wconf 95' lang='lat' dir='ltr'> </span> 
     </span>
    </p>
   </div>
   <div class='ocr_carea' id='block_1_9' title="bbox 1253 2026 1262 2934">
    <p class='ocr_par' dir='ltr' id='par_1_9' title="bbox 1253 2026 1262 2934">
     <span class='ocr_line' id='line_1_55' title="bbox 1253 2026 1262 2934; baseline 0 0"><span class='ocrx_word' id='word_1_408' title='bbox 1253 2026 1262 2934; x_wconf 95' lang='lat' dir='ltr'> </span> 
     </span>
    </p>
   </div>
   <div class='ocr_carea' id='block_1_10' title="bbox 2234 262 2291 291">
    <p class='ocr_par' dir='ltr' id='par_1_10' title="bbox 2234 262 2291 291">
     <span class='ocr_line' id='line_1_56' title="bbox 2234 262 2291 291; baseline 0.018 -1"><span class='ocrx_word' id='word_1_409' title='bbox 2234 262 2291 291; x_wconf 79' lang='grc'>114</span> 
     </span>
    </p>
   </div>
   <div class='ocr_carea' id='block_1_11' title="bbox 1276 343 2291 1799">
    <p class='ocr_par' dir='ltr' id='par_1_11' title="bbox 1276 343 2291 1799">
     <span class='ocr_line' id='line_1_57' title="bbox 1284 343 2287 382; baseline 0.002 -9"><span class='ocrx_word' id='word_1_410' title='bbox 1284 343 1372 373; x_wconf 88' lang='lat' dir='ltr'>tione</span> <span class='ocrx_word' id='word_1_411' title='bbox 1386 351 1574 382; x_wconf 87' lang='lat' dir='ltr'>processus,</span> <span class='ocrx_word' id='word_1_412' title='bbox 1600 351 1638 372; x_wconf 90' lang='lat' dir='ltr'>ne</span> <span class='ocrx_word' id='word_1_413' title='bbox 1658 344 1763 373; x_wconf 86' lang='lat' dir='ltr'>cetera</span> <span class='ocrx_word' id='word_1_414' title='bbox 1781 353 1844 381; x_wconf 63' lang='lat' dir='ltr'>qni·</span> <span class='ocrx_word' id='word_1_415' title='bbox 1866 353 1964 382; x_wconf 83' lang='lat' dir='ltr'>snper</span> <span class='ocrx_word' id='word_1_416' title='bbox 1983 345 2042 374; x_wconf 77' lang='lat' dir='ltr'>hoc</span> <span class='ocrx_word' id='word_1_417' title='bbox 2070 345 2149 375; x_wconf 85' lang='lat' dir='ltr'>alibi</span> <span class='ocrx_word' id='word_1_418' title='bbox 2168 346 2287 376; x_wconf 86' lang='lat' dir='ltr'>statuta</span> 
     </span>
     <span class='ocr_line' id='line_1_58' title="bbox 1283 395 2286 436; baseline 0.002 -10"><span class='ocrx_word' id='word_1_419' title='bbox 1283 396 1465 426; x_wconf 87' lang='lat' dir='ltr'>noscuntur</span> <span class='ocrx_word' id='word_1_420' title='bbox 1477 404 1542 425; x_wconf 89' lang='lat' dir='ltr'>uno</span> <span class='ocrx_word' id='word_1_421' title='bbox 1556 395 1655 425; x_wconf 71' lang='lat' dir='ltr'>verbo</span> <span class='ocrx_word' id='word_1_422' title='bbox 1670 395 1843 426; x_wconf 82' lang='lat' dir='ltr'>videantur</span> <span class='ocrx_word' id='word_1_423' title='bbox 1857 397 1969 426; x_wconf 72' lang='lat' dir='ltr'>everti.</span> <span class='ocrx_word' id='word_1_424' title='bbox 1984 398 2098 436; x_wconf 58' lang='lat' dir='ltr'>Neque</span> <span class='ocrx_word' id='word_1_425' title='bbox 2115 398 2203 428; x_wconf 85' lang='lat' dir='ltr'>enim</span> <span class='ocrx_word' id='word_1_426' title='bbox 2219 407 2286 428; x_wconf 84' lang='lat' dir='ltr'>cre-</span> 
     </span>
     <span class='ocr_line' id='line_1_59' title="bbox 1281 448 2285 489; baseline 0.004 -12"><span class='ocrx_word' id='word_1_427' title='bbox 1281 448 1426 478; x_wconf 88' lang='lat' dir='ltr'>dendum</span> <span class='ocrx_word' id='word_1_428' title='bbox 1451 449 1499 478; x_wconf 86' lang='lat' dir='ltr'>est</span> <span class='ocrx_word' id='word_1_429' title='bbox 1527 448 1715 478; x_wconf 82' lang='lat' dir='ltr'>Romanuin</span> <span class='ocrx_word' id='word_1_430' title='bbox 1748 448 1954 483; x_wconf 67' lang='lat' dir='ltr'>Pontificem,</span> <span class='ocrx_word' id='word_1_431' title='bbox 1982 451 2037 488; x_wconf 84' lang='lat' dir='ltr'>qni</span> <span class='ocrx_word' id='word_1_432' title='bbox 2063 451 2139 489; x_wconf 81' lang='lat' dir='ltr'>jura</span> <span class='ocrx_word' id='word_1_433' title='bbox 2166 452 2285 485; x_wconf 85' lang='lat' dir='ltr'>tuetur,</span> 
     </span>
     <span class='ocr_line' id='line_1_60' title="bbox 1281 500 2285 540; baseline 0.005 -10"><span class='ocrx_word' id='word_1_434' title='bbox 1281 501 1368 539; x_wconf 20' lang='lat' dir='ltr'>‹tluod</span> <span class='ocrx_word' id='word_1_435' title='bbox 1389 500 1471 530; x_wconf 86' lang='lat' dir='ltr'>alias</span> <span class='ocrx_word' id='word_1_436' title='bbox 1489 501 1708 539; x_wconf 80' lang='lat' dir='ltr'>excogitatum</span> <span class='ocrx_word' id='word_1_437' title='bbox 1727 503 1775 531; x_wconf 80' lang='lat' dir='ltr'>est</span> <span class='ocrx_word' id='word_1_438' title='bbox 1795 502 1907 531; x_wconf 84' lang='lat' dir='ltr'>inultis</span> <span class='ocrx_word' id='word_1_439' title='bbox 1927 503 2049 540; x_wconf 69' lang='lat' dir='ltr'>vigiliis</span> <span class='ocrx_word' id='word_1_440' title='bbox 2068 505 2097 533; x_wconf 76' lang='lat' dir='ltr'>et</span> <span class='ocrx_word' id='word_1_441' title='bbox 2115 504 2285 535; x_wconf 77' lang='lat' dir='ltr'>inventum</span> 
     </span>
     <span class='ocr_line' id='line_1_61' title="bbox 1281 553 2284 594; baseline 0.004 -11"><span class='ocrx_word' id='word_1_442' title='bbox 1281 562 1346 583; x_wconf 92' lang='lat' dir='ltr'>uno</span> <span class='ocrx_word' id='word_1_443' title='bbox 1359 553 1458 583; x_wconf 78' lang='lat' dir='ltr'>verbo</span> <span class='ocrx_word' id='word_1_444' title='bbox 1469 554 1659 584; x_wconf 83' lang='lat' dir='ltr'>subvertere</span> <span class='ocrx_word' id='word_1_445' title='bbox 1673 554 1829 584; x_wconf 80' lang='lat' dir='ltr'>voluisse.</span> <span class='ocrx_word' id='word_1_446' title='bbox 1843 555 1910 584; x_wconf 75' lang='lat' dir='ltr'>Nos</span> <span class='ocrx_word' id='word_1_447' title='bbox 1922 555 2031 591; x_wconf 67' lang='lat' dir='ltr'>igitur,</span> <span class='ocrx_word' id='word_1_448' title='bbox 2045 565 2106 594; x_wconf 70' lang='lat' dir='ltr'>«pie</span> <span class='ocrx_word' id='word_1_449' title='bbox 2120 556 2195 586; x_wconf 80' lang='lat' dir='ltr'>binc</span> <span class='ocrx_word' id='word_1_450' title='bbox 2210 557 2284 588; x_wconf 90' lang='lat' dir='ltr'>inde</span> 
     </span>
     <span class='ocr_line' id='line_1_62' title="bbox 1278 607 2283 645; baseline 0.004 -9"><span class='ocrx_word' id='word_1_451' title='bbox 1278 607 1370 636; x_wconf 85' lang='lat' dir='ltr'>suere</span> <span class='ocrx_word' id='word_1_452' title='bbox 1386 607 1553 645; x_wconf 85' lang='lat' dir='ltr'>proposita</span> <span class='ocrx_word' id='word_1_453' title='bbox 1571 607 1700 645; x_wconf 81' lang='lat' dir='ltr'>plenius</span> <span class='ocrx_word' id='word_1_454' title='bbox 1717 607 1905 642; x_wconf 67' lang='lat' dir='ltr'>intellectis,</span> <span class='ocrx_word' id='word_1_455' title='bbox 1923 618 1994 637; x_wconf 83' lang='lat' dir='ltr'>cuni</span> <span class='ocrx_word' id='word_1_456' title='bbox 2015 618 2054 638; x_wconf 77' lang='lat' dir='ltr'>ex</span> <span class='ocrx_word' id='word_1_457' title='bbox 2071 610 2283 640; x_wconf 69' lang='lat' dir='ltr'>lateranensi</span> 
     </span>
     <span class='ocr_line' id='line_1_63' title="bbox 1278 659 2284 701; baseline 0.003 -12"><span class='ocrx_word' id='word_1_458' title='bbox 1278 659 1418 689; x_wconf 86' lang='lat' dir='ltr'>concilio</span> <span class='ocrx_word' id='word_1_459' title='bbox 1444 659 1477 689; x_wconf 93' lang='lat' dir='ltr'>in</span> <span class='ocrx_word' id='word_1_460' title='bbox 1503 660 1768 690; x_wconf 75' lang='lat' dir='ltr'>ordinationilms</span> <span class='ocrx_word' id='word_1_461' title='bbox 1790 661 2003 690; x_wconf 80' lang='lat' dir='ltr'>ecclesi-aium</span> <span class='ocrx_word' id='word_1_462' title='bbox 2027 662 2130 698; x_wconf 65' lang='lat' dir='ltr'>major</span> <span class='ocrx_word' id='word_1_463' title='bbox 2154 672 2230 701; x_wconf 82' lang='lat' dir='ltr'>pars</span> <span class='ocrx_word' id='word_1_464' title='bbox 2253 664 2284 693; x_wconf 90' lang='lat' dir='ltr'>et</span> 
     </span>
     <span class='ocr_line' id='line_1_64' title="bbox 1277 712 2284 751; baseline 0.004 -10"><span class='ocrx_word' id='word_1_465' title='bbox 1277 712 1390 742; x_wconf 87' lang='lat' dir='ltr'>sanior</span> <span class='ocrx_word' id='word_1_466' title='bbox 1406 712 1544 750; x_wconf 85' lang='lat' dir='ltr'>capituli</span> <span class='ocrx_word' id='word_1_467' title='bbox 1560 713 1722 751; x_wconf 79' lang='lat' dir='ltr'>exigatur,</span> <span class='ocrx_word' id='word_1_468' title='bbox 1744 715 1773 743; x_wconf 87' lang='lat' dir='ltr'>et</span> <span class='ocrx_word' id='word_1_469' title='bbox 1790 715 1946 743; x_wconf 85' lang='lat' dir='ltr'>statutum</span> <span class='ocrx_word' id='word_1_470' title='bbox 1967 715 2131 750; x_wconf 56' lang='lat' dir='ltr'>generalis</span> <span class='ocrx_word' id='word_1_471' title='bbox 2151 715 2284 745; x_wconf 85' lang='lat' dir='ltr'>concilii</span> 
     </span>
     <span class='ocr_line' id='line_1_65' title="bbox 1277 765 2283 804; baseline 0.003 -10"><span class='ocrx_word' id='word_1_472' title='bbox 1277 765 1535 795; x_wconf 81' lang='lat' dir='ltr'>contineatinter</span> <span class='ocrx_word' id='word_1_473' title='bbox 1546 766 1664 801; x_wconf 90' lang='lat' dir='ltr'>cetera,</span> <span class='ocrx_word' id='word_1_474' title='bbox 1679 767 1712 796; x_wconf 91' lang='lat' dir='ltr'>ut</span> <span class='ocrx_word' id='word_1_475' title='bbox 1726 766 1753 795; x_wconf 91' lang='lat' dir='ltr'>is</span> <span class='ocrx_word' id='word_1_476' title='bbox 1766 766 1906 804; x_wconf 67' lang='lat' dir='ltr'>eligatur</span> <span class='ocrx_word' id='word_1_477' title='bbox 1919 767 1951 796; x_wconf 91' lang='lat' dir='ltr'>in</span> <span class='ocrx_word' id='word_1_478' title='bbox 1965 776 2062 804; x_wconf 74' lang='lat' dir='ltr'>quein</span> <span class='ocrx_word' id='word_1_479' title='bbox 2075 776 2189 796; x_wconf 86' lang='lat' dir='ltr'>omnes</span> <span class='ocrx_word' id='word_1_480' title='bbox 2200 772 2218 802; x_wconf 88' lang='lat'>¹,</span> <span class='ocrx_word' id='word_1_481' title='bbox 2232 767 2283 798; x_wconf 81' lang='lat' dir='ltr'>vel</span> 
     </span>
     <span class='ocr_line' id='line_1_66' title="bbox 1278 817 2283 857; baseline 0.003 -10"><span class='ocrx_word' id='word_1_482' title='bbox 1278 817 1383 856; x_wconf 89' lang='lat' dir='ltr'>major</span> <span class='ocrx_word' id='word_1_483' title='bbox 1398 820 1428 848; x_wconf 90' lang='lat' dir='ltr'>et</span> <span class='ocrx_word' id='word_1_484' title='bbox 1441 818 1553 848; x_wconf 85' lang='lat' dir='ltr'>sanior</span> <span class='ocrx_word' id='word_1_485' title='bbox 1568 827 1645 857; x_wconf 87' lang='lat' dir='ltr'>pars</span> <span class='ocrx_word' id='word_1_486' title='bbox 1656 819 1829 853; x_wconf 78' lang='lat' dir='ltr'>consentit,</span> <span class='ocrx_word' id='word_1_487' title='bbox 1843 819 2036 849; x_wconf 85' lang='lat' dir='ltr'>electionem</span> <span class='ocrx_word' id='word_1_488' title='bbox 2052 819 2130 849; x_wconf 80' lang='lat' dir='ltr'>dicti</span> <span class='ocrx_word' id='word_1_489' title='bbox 2145 820 2201 854; x_wconf 59' lang='lat' dir='ltr'>R„</span> <span class='ocrx_word' id='word_1_490' title='bbox 2218 829 2283 850; x_wconf 85' lang='lat' dir='ltr'>non</span> 
     </span>
     <span class='ocr_line' id='line_1_67' title="bbox 1276 871 2283 911; baseline 0.004 -14"><span class='ocrx_word' id='word_1_491' title='bbox 1276 878 1429 908; x_wconf 72' lang='lat' dir='ltr'>persone,</span> <span class='ocrx_word' id='word_1_492' title='bbox 1447 871 1504 901; x_wconf 90' lang='lat' dir='ltr'>sed</span> <span class='ocrx_word' id='word_1_493' title='bbox 1521 871 1630 909; x_wconf 87' lang='lat' dir='ltr'>potins</span> <span class='ocrx_word' id='word_1_494' title='bbox 1650 871 1754 910; x_wconf 84' lang='lat' dir='ltr'>ipsius</span> <span class='ocrx_word' id='word_1_495' title='bbox 1777 871 1948 901; x_wconf 85' lang='lat' dir='ltr'>electionis</span> <span class='ocrx_word' id='word_1_496' title='bbox 1971 872 2063 906; x_wconf 70' lang='lat' dir='ltr'>vitio,</span> <span class='ocrx_word' id='word_1_497' title='bbox 2082 880 2156 902; x_wconf 79' lang='lat' dir='ltr'>cuin</span> <span class='ocrx_word' id='word_1_498' title='bbox 2179 873 2283 911; x_wconf 78' lang='lat' dir='ltr'>major</span> 
     </span>
     <span class='ocr_line' id='line_1_68' title="bbox 1277 923 2283 962; baseline 0.002 -10"><span class='ocrx_word' id='word_1_499' title='bbox 1277 924 1308 952; x_wconf 88' lang='lat' dir='ltr'>et</span> <span class='ocrx_word' id='word_1_500' title='bbox 1328 923 1440 953; x_wconf 87' lang='lat' dir='ltr'>sanior</span> <span class='ocrx_word' id='word_1_501' title='bbox 1455 932 1533 962; x_wconf 84' lang='lat' dir='ltr'>pars</span> <span class='ocrx_word' id='word_1_502' title='bbox 1552 932 1616 954; x_wconf 87' lang='lat' dir='ltr'>non</span> <span class='ocrx_word' id='word_1_503' title='bbox 1631 924 1835 954; x_wconf 78' lang='lat' dir='ltr'>consenserit</span> <span class='ocrx_word' id='word_1_504' title='bbox 1858 925 1891 954; x_wconf 89' lang='lat' dir='ltr'>in</span> <span class='ocrx_word' id='word_1_505' title='bbox 1909 925 2062 960; x_wconf 81' lang='lat' dir='ltr'>eundem,</span> <span class='ocrx_word' id='word_1_506' title='bbox 2083 924 2122 954; x_wconf 74' lang='lat' dir='ltr'>‹h›</span> <span class='ocrx_word' id='word_1_507' title='bbox 2146 925 2283 954; x_wconf 77' lang='lat' dir='ltr'>fratrum</span> 
     </span>
     <span class='ocr_line' id='line_1_69' title="bbox 1279 976 2282 1007; baseline 0.001 -2"><span class='ocrx_word' id='word_1_508' title='bbox 1279 977 1465 1006; x_wconf 87' lang='lat' dir='ltr'>nostrorum</span> <span class='ocrx_word' id='word_1_509' title='bbox 1482 976 1622 1006; x_wconf 82' lang='lat' dir='ltr'>consilio</span> <span class='ocrx_word' id='word_1_510' title='bbox 1639 977 1880 1007; x_wconf 79' lang='lat' dir='ltr'>sententialiter</span> <span class='ocrx_word' id='word_1_511' title='bbox 1897 977 2054 1006; x_wconf 83' lang='lat' dir='ltr'>duximus</span> <span class='ocrx_word' id='word_1_512' title='bbox 2078 977 2282 1006; x_wconf 82' lang='lat' dir='ltr'>irritandam.</span> 
     </span>
     <span class='ocr_line' id='line_1_70' title="bbox 1278 1029 2284 1068; baseline 0.001 -10"><span class='ocrx_word' id='word_1_513' title='bbox 1278 1029 1326 1058; x_wconf 82' lang='lat' dir='ltr'>Ne</span> <span class='ocrx_word' id='word_1_514' title='bbox 1349 1029 1448 1068; x_wconf 80' lang='lat' dir='ltr'>igitur</span> <span class='ocrx_word' id='word_1_515' title='bbox 1469 1029 1609 1059; x_wconf 72' lang='lat' dir='ltr'>ecclesia</span> <span class='ocrx_word' id='word_1_516' title='bbox 1630 1031 1738 1060; x_wconf 78' lang='lat' dir='ltr'>vestra</span> <span class='ocrx_word' id='word_1_517' title='bbox 1754 1039 1813 1068; x_wconf 88' lang='lat' dir='ltr'>pro</span> <span class='ocrx_word' id='word_1_518' title='bbox 1835 1030 1963 1059; x_wconf 80' lang='lat' dir='ltr'>defectu</span> <span class='ocrx_word' id='word_1_519' title='bbox 1988 1029 2130 1068; x_wconf 83' lang='lat' dir='ltr'>pastoris</span> <span class='ocrx_word' id='word_1_520' title='bbox 2152 1030 2284 1068; x_wconf 89' lang='lat' dir='ltr'>dispen—</span> 
     </span>
     <span class='ocr_line' id='line_1_71' title="bbox 1277 1081 2286 1121; baseline 0.001 -10"><span class='ocrx_word' id='word_1_521' title='bbox 1277 1081 1369 1111; x_wconf 82' lang='lat' dir='ltr'>dium</span> <span class='ocrx_word' id='word_1_522' title='bbox 1385 1082 1538 1120; x_wconf 83' lang='lat' dir='ltr'>patiatur,</span> <span class='ocrx_word' id='word_1_523' title='bbox 1552 1082 1763 1112; x_wconf 63' lang='lat' dir='ltr'>universitati</span> <span class='ocrx_word' id='word_1_524' title='bbox 1779 1084 1886 1113; x_wconf 81' lang='lat' dir='ltr'>vestre</span> <span class='ocrx_word' id='word_1_525' title='bbox 1902 1091 1959 1120; x_wconf 82' lang='lat' dir='ltr'>per</span> <span class='ocrx_word' id='word_1_526' title='bbox 1973 1082 2151 1121; x_wconf 73' lang='lat' dir='ltr'>apostolica</span> <span class='ocrx_word' id='word_1_527' title='bbox 2164 1083 2286 1121; x_wconf 80' lang='lat' dir='ltr'>scripta</span> 
     </span>
     <span class='ocr_line' id='line_1_72' title="bbox 1279 1134 2285 1173; baseline 0.003 -11"><span class='ocrx_word' id='word_1_528' title='bbox 1279 1134 1476 1164; x_wconf 80' lang='lat' dir='ltr'>mandamus</span> <span class='ocrx_word' id='word_1_529' title='bbox 1499 1138 1673 1173; x_wconf 76' lang='lat' dir='ltr'>quatenus,</span> <span class='ocrx_word' id='word_1_530' title='bbox 1695 1136 1930 1166; x_wconf 72' lang='lat' dir='ltr'>convenientes</span> <span class='ocrx_word' id='word_1_531' title='bbox 1953 1136 1984 1165; x_wconf 95' lang='lat' dir='ltr'>in</span> <span class='ocrx_word' id='word_1_532' title='bbox 2006 1144 2119 1169; x_wconf 89' lang='lat' dir='ltr'>unum,</span> <span class='ocrx_word' id='word_1_533' title='bbox 2140 1136 2285 1173; x_wconf 75' lang='lat' dir='ltr'>spiritns</span> 
     </span>
     <span class='ocr_line' id='line_1_73' title="bbox 1279 1186 2286 1227; baseline 0.003 -12"><span class='ocrx_word' id='word_1_534' title='bbox 1279 1186 1390 1216; x_wconf 82' lang='lat' dir='ltr'>Sancti</span> <span class='ocrx_word' id='word_1_535' title='bbox 1406 1187 1510 1225; x_wconf 71' lang='lat' dir='ltr'>gratia</span> <span class='ocrx_word' id='word_1_536' title='bbox 1527 1188 1689 1223; x_wconf 70' lang='lat' dir='ltr'>invocata,</span> <span class='ocrx_word' id='word_1_537' title='bbox 1707 1189 1791 1218; x_wconf 80' lang='lat' dir='ltr'>infra</span> <span class='ocrx_word' id='word_1_538' title='bbox 1806 1189 2023 1227; x_wconf 49' lang='lat' dir='ltr'>quarn-aginta</span> <span class='ocrx_word' id='word_1_539' title='bbox 2041 1189 2112 1218; x_wconf 87' lang='lat' dir='ltr'>dies</span> <span class='ocrx_word' id='word_1_540' title='bbox 2126 1190 2200 1227; x_wconf 86' lang='lat' dir='ltr'>post</span> <span class='ocrx_word' id='word_1_541' title='bbox 2215 1196 2286 1218; x_wconf 84' lang='lat' dir='ltr'>sus-</span> 
     </span>
     <span class='ocr_line' id='line_1_74' title="bbox 1279 1239 2285 1280; baseline 0.003 -12"><span class='ocrx_word' id='word_1_542' title='bbox 1279 1239 1462 1277; x_wconf 81' lang='lat' dir='ltr'>ceptionem</span> <span class='ocrx_word' id='word_1_543' title='bbox 1483 1240 1665 1271; x_wconf 84' lang='lat' dir='ltr'>littcrarum</span> <span class='ocrx_word' id='word_1_544' title='bbox 1684 1243 1881 1276; x_wconf 86' lang='lat' dir='ltr'>nostrarum,</span> <span class='ocrx_word' id='word_1_545' title='bbox 1906 1250 1963 1280; x_wconf 90' lang='lat' dir='ltr'>per</span> <span class='ocrx_word' id='word_1_546' title='bbox 1979 1242 2171 1271; x_wconf 64' lang='lat' dir='ltr'>electionem</span> <span class='ocrx_word' id='word_1_547' title='bbox 2190 1250 2285 1271; x_wconf 82' lang='lat' dir='ltr'>cano-</span> 
     </span>
     <span class='ocr_line' id='line_1_75' title="bbox 1281 1292 2284 1333; baseline 0.003 -13"><span class='ocrx_word' id='word_1_548' title='bbox 1281 1292 1386 1321; x_wconf 88' lang='lat' dir='ltr'>nicam</span> <span class='ocrx_word' id='word_1_549' title='bbox 1407 1293 1445 1322; x_wconf 89' lang='lat' dir='ltr'>de</span> <span class='ocrx_word' id='word_1_550' title='bbox 1468 1301 1609 1331; x_wconf 82' lang='lat' dir='ltr'>persona</span> <span class='ocrx_word' id='word_1_551' title='bbox 1630 1303 1693 1332; x_wconf 73' lang='lat' dir='ltr'>quc</span> <span class='ocrx_word' id='word_1_552' title='bbox 1712 1296 1801 1324; x_wconf 88' lang='lat' dir='ltr'>tanto</span> <span class='ocrx_word' id='word_1_553' title='bbox 1821 1297 1978 1333; x_wconf 81' lang='lat' dir='ltr'>congruat</span> <span class='ocrx_word' id='word_1_554' title='bbox 1997 1295 2089 1324; x_wconf 66' lang='lat' dir='ltr'>oneri</span> <span class='ocrx_word' id='word_1_555' title='bbox 2109 1296 2138 1324; x_wconf 83' lang='lat' dir='ltr'>et</span> <span class='ocrx_word' id='word_1_556' title='bbox 2155 1294 2284 1324; x_wconf 81' lang='lat' dir='ltr'>honori,</span> 
     </span>
     <span class='ocr_line' id='line_1_76' title="bbox 1281 1345 2284 1386; baseline 0.003 -13"><span class='ocrx_word' id='word_1_557' title='bbox 1281 1345 1376 1374; x_wconf 78' lang='lat' dir='ltr'>vobis</span> <span class='ocrx_word' id='word_1_558' title='bbox 1391 1346 1421 1374; x_wconf 86' lang='lat' dir='ltr'>et</span> <span class='ocrx_word' id='word_1_559' title='bbox 1433 1346 1570 1375; x_wconf 78' lang='lat' dir='ltr'>ecclesie</span> <span class='ocrx_word' id='word_1_560' title='bbox 1587 1348 1693 1376; x_wconf 82' lang='lat' dir='ltr'>vestre</span> <span class='ocrx_word' id='word_1_561' title='bbox 1710 1347 1832 1377; x_wconf 85' lang='lat' dir='ltr'>curetis</span> <span class='ocrx_word' id='word_1_562' title='bbox 1848 1347 1882 1377; x_wconf 85' lang='lat' dir='ltr'>in</span> <span class='ocrx_word' id='word_1_563' title='bbox 1896 1348 2086 1385; x_wconf 75' lang='lat' dir='ltr'>episcopum</span> <span class='ocrx_word' id='word_1_564' title='bbox 2105 1347 2284 1386; x_wconf 72' lang='lat' dir='ltr'>provideri.</span> 
     </span>
     <span class='ocr_line' id='line_1_77' title="bbox 1280 1397 2286 1435; baseline 0.003 -9"><span class='ocrx_word' id='word_1_565' title='bbox 1280 1397 1439 1435; x_wconf 73' lang='lat' dir='ltr'>Alioquin</span> <span class='ocrx_word' id='word_1_566' title='bbox 1450 1398 1579 1428; x_wconf 85' lang='lat' dir='ltr'>dilectis</span> <span class='ocrx_word' id='word_1_567' title='bbox 1590 1399 1670 1429; x_wconf 81' lang='lat' dir='ltr'>liliis</span> <span class='ocrx_word' id='word_1_568' title='bbox 1683 1423 1702 1428; x_wconf 90' lang='lat'>..</span> <span class='ocrx_word' id='word_1_569' title='bbox 1713 1399 1827 1433; x_wconf 83' lang='lat' dir='ltr'>electo,</span> <span class='ocrx_word' id='word_1_570' title='bbox 1838 1400 2109 1429; x_wconf 68' lang='lat' dir='ltr'>.l.arclii=liacono</span> <span class='ocrx_word' id='word_1_571' title='bbox 2122 1400 2286 1430; x_wconf 86' lang='lat' dir='ltr'>l&#39;arisien-</span> 
     </span>
     <span class='ocr_line' id='line_1_78' title="bbox 1280 1449 2286 1490; baseline 0.001 -11"><span class='ocrx_word' id='word_1_572' title='bbox 1280 1449 1386 1483; x_wconf 85' lang='lat' dir='ltr'>sibus,</span> <span class='ocrx_word' id='word_1_573' title='bbox 1411 1452 1441 1480; x_wconf 88' lang='lat' dir='ltr'>et</span> <span class='ocrx_word' id='word_1_574' title='bbox 1457 1451 1614 1489; x_wconf 85' lang='lat' dir='ltr'>magistro</span> <span class='ocrx_word' id='word_1_575' title='bbox 1631 1452 1668 1481; x_wconf 83' lang='lat' dir='ltr'>P.</span> <span class='ocrx_word' id='word_1_576' title='bbox 1685 1452 1724 1482; x_wconf 89' lang='lat' dir='ltr'>de</span> <span class='ocrx_word' id='word_1_577' title='bbox 1741 1452 1955 1487; x_wconf 62' lang='lat' dir='ltr'>Collemedio„</span> <span class='ocrx_word' id='word_1_578' title='bbox 1974 1452 2144 1490; x_wconf 78' lang='lat' dir='ltr'>capellano</span> <span class='ocrx_word' id='word_1_579' title='bbox 2164 1454 2286 1487; x_wconf 80' lang='lat' dir='ltr'>nostro,</span> 
     </span>
     <span class='ocr_line' id='line_1_79' title="bbox 1281 1503 2288 1544; baseline 0.003 -12"><span class='ocrx_word' id='word_1_580' title='bbox 1281 1511 1339 1541; x_wconf 87' lang='lat' dir='ltr'>per</span> <span class='ocrx_word' id='word_1_581' title='bbox 1351 1503 1478 1533; x_wconf 81' lang='lat' dir='ltr'>litteras</span> <span class='ocrx_word' id='word_1_582' title='bbox 1495 1505 1624 1534; x_wconf 87' lang='lat' dir='ltr'>nostras</span> <span class='ocrx_word' id='word_1_583' title='bbox 1641 1504 1859 1543; x_wconf 72' lang='lat' dir='ltr'>injungimus,</span> <span class='ocrx_word' id='word_1_584' title='bbox 1878 1507 1911 1534; x_wconf 90' lang='lat' dir='ltr'>ut</span> <span class='ocrx_word' id='word_1_585' title='bbox 1928 1505 1991 1544; x_wconf 87' lang='lat' dir='ltr'>ipsi</span> <span class='ocrx_word' id='word_1_586' title='bbox 2005 1505 2197 1535; x_wconf 76' lang='lat' dir='ltr'>auctoritate</span> <span class='ocrx_word' id='word_1_587' title='bbox 2215 1513 2288 1535; x_wconf 85' lang='lat' dir='ltr'>nos-</span> 
     </span>
     <span class='ocr_line' id='line_1_80' title="bbox 1282 1556 2289 1596; baseline 0.002 -11"><span class='ocrx_word' id='word_1_588' title='bbox 1282 1557 1330 1585; x_wconf 85' lang='lat' dir='ltr'>tra</span> <span class='ocrx_word' id='word_1_589' title='bbox 1345 1556 1541 1594; x_wconf 77' lang='lat' dir='ltr'>provideant</span> <span class='ocrx_word' id='word_1_590' title='bbox 1554 1557 1661 1587; x_wconf 87' lang='lat' dir='ltr'>eidem</span> <span class='ocrx_word' id='word_1_591' title='bbox 1673 1557 1810 1588; x_wconf 86' lang='lat' dir='ltr'>ecclesie</span> <span class='ocrx_word' id='word_1_592' title='bbox 1825 1558 1864 1587; x_wconf 88' lang='lat' dir='ltr'>de</span> <span class='ocrx_word' id='word_1_593' title='bbox 1876 1566 2019 1596; x_wconf 86' lang='lat' dir='ltr'>persona</span> <span class='ocrx_word' id='word_1_594' title='bbox 2035 1558 2151 1587; x_wconf 81' lang='lat' dir='ltr'>idonea</span> <span class='ocrx_word' id='word_1_595' title='bbox 2169 1558 2199 1587; x_wconf 92' lang='lat' dir='ltr'>in</span> <span class='ocrx_word' id='word_1_596' title='bbox 2217 1567 2289 1596; x_wconf 87' lang='lat' dir='ltr'>pas-</span> 
     </span>
     <span class='ocr_line' id='line_1_81' title="bbox 1281 1609 2290 1649; baseline 0.002 -11"><span class='ocrx_word' id='word_1_597' title='bbox 1281 1609 1398 1643; x_wconf 88' lang='lat' dir='ltr'>torem,</span> <span class='ocrx_word' id='word_1_598' title='bbox 1417 1610 1686 1645; x_wconf 77' lang='lat' dir='ltr'>contradictores,</span> <span class='ocrx_word' id='word_1_599' title='bbox 1704 1610 1734 1640; x_wconf 82' lang='lat' dir='ltr'>si</span> <span class='ocrx_word' id='word_1_600' title='bbox 1752 1611 1807 1649; x_wconf 80' lang='lat' dir='ltr'>qui</span> <span class='ocrx_word' id='word_1_601' title='bbox 1830 1611 1962 1646; x_wconf 88' lang='lat' dir='ltr'>suerint,</span> <span class='ocrx_word' id='word_1_602' title='bbox 1985 1610 2039 1641; x_wconf 85' lang='lat' dir='ltr'>vel</span> <span class='ocrx_word' id='word_1_603' title='bbox 2061 1610 2212 1645; x_wconf 85' lang='lat' dir='ltr'>rebelles,</span> <span class='ocrx_word' id='word_1_604' title='bbox 2232 1618 2290 1649; x_wconf 90' lang='lat' dir='ltr'>per</span> 
     </span>
     <span class='ocr_line' id='line_1_82' title="bbox 1282 1662 2291 1702; baseline 0.002 -11"><span class='ocrx_word' id='word_1_605' title='bbox 1282 1670 1458 1692; x_wconf 79' lang='lat' dir='ltr'>censuram</span> <span class='ocrx_word' id='word_1_606' title='bbox 1474 1662 1744 1699; x_wconf 85' lang='lat' dir='ltr'>ecclesiasticam,</span> <span class='ocrx_word' id='word_1_607' title='bbox 1762 1663 1980 1702; x_wconf 78' lang='lat' dir='ltr'>appellatione</span> <span class='ocrx_word' id='word_1_608' title='bbox 1997 1663 2190 1702; x_wconf 73' lang='lat' dir='ltr'>postposita,</span> <span class='ocrx_word' id='word_1_609' title='bbox 2204 1671 2291 1693; x_wconf 90' lang='lat' dir='ltr'>com-</span> 
     </span>
     <span class='ocr_line' id='line_1_83' title="bbox 1281 1715 2290 1755; baseline 0.001 -11"><span class='ocrx_word' id='word_1_610' title='bbox 1281 1715 1456 1753; x_wconf 88' lang='lat' dir='ltr'>pescendo.</span> <span class='ocrx_word' id='word_1_611' title='bbox 1479 1715 1555 1746; x_wconf 87' lang='lat' dir='ltr'>Dat.</span> <span class='ocrx_word' id='word_1_612' title='bbox 1573 1716 1740 1751; x_wconf 85' lang='lat' dir='ltr'>Laterani,</span> <span class='ocrx_word' id='word_1_613' title='bbox 1764 1717 1813 1746; x_wconf 84' lang='lat' dir='ltr'>XI</span> <span class='ocrx_word' id='word_1_614' title='bbox 1830 1716 1992 1746; x_wconf 81' lang='lat' dir='ltr'>kalendas</span> <span class='ocrx_word' id='word_1_615' title='bbox 2012 1716 2140 1754; x_wconf 76' lang='lat' dir='ltr'>aprilis,</span> <span class='ocrx_word' id='word_1_616' title='bbox 2158 1715 2290 1755; x_wconf 81' lang='lat' dir='ltr'>pontisi-</span> 
     </span>
     <span class='ocr_line' id='line_1_84' title="bbox 1282 1768 1818 1799; baseline 0.006 -2"><span class='ocrx_word' id='word_1_617' title='bbox 1282 1768 1375 1797; x_wconf 89' lang='lat' dir='ltr'>catns</span> <span class='ocrx_word' id='word_1_618' title='bbox 1395 1768 1497 1797; x_wconf 89' lang='lat' dir='ltr'>nostri</span> <span class='ocrx_word' id='word_1_619' title='bbox 1515 1777 1602 1798; x_wconf 85' lang='lat' dir='ltr'>anno</span> <span class='ocrx_word' id='word_1_620' title='bbox 1621 1769 1778 1799; x_wconf 85' lang='lat' dir='ltr'>secundo.</span> <span class='ocrx_word' id='word_1_621' title='bbox 1802 1780 1818 1796; x_wconf 93' lang='lat'>»</span> 
     </span>
    </p>
   </div>
   <div class='ocr_carea' id='block_1_12' title="bbox 1356 1930 1423 1960">
    <p class='ocr_par' dir='ltr' id='par_1_12' title="bbox 1356 1930 1423 1960">
     <span class='ocr_line' id='line_1_85' title="bbox 1356 1930 1423 1960; baseline 0 0"><span class='ocrx_word' id='word_1_622' title='bbox 1356 1930 1423 1960; x_wconf 74' lang='lat'>193</span> 
     </span>
    </p>
   </div>
   <div class='ocr_carea' id='block_1_13' title="bbox 1933 1929 2220 1962">
    <p class='ocr_par' dir='ltr' id='par_1_13' title="bbox 1933 1929 2220 1962">
     <span class='ocr_line' id='line_1_86' title="bbox 1933 1929 2220 1962; baseline 0.007 -7"><span class='ocrx_word' id='word_1_623' title='bbox 1933 1929 2017 1962; x_wconf 82' lang='lat' dir='ltr'>Rieti,</span> <span class='ocrx_word' id='word_1_624' title='bbox 2035 1932 2049 1956; x_wconf 85' lang='lat'>7</span> <span class='ocrx_word' id='word_1_625' title='bbox 2067 1930 2124 1957; x_wconf 88' lang='lat' dir='ltr'>mai</span> <span class='ocrx_word' id='word_1_626' title='bbox 2145 1932 2220 1957; x_wconf 63' lang='lat'><strong>¹:³28.</strong></span> 
     </span>
    </p>
   </div>
   <div class='ocr_carea' id='block_1_14' title="bbox 1283 2012 2293 2383">
    <p class='ocr_par' dir='ltr' id='par_1_14' title="bbox 1283 2012 2293 2383">
     <span class='ocr_line' id='line_1_87' title="bbox 1319 2012 2289 2047; baseline 0.002 -9"><span class='ocrx_word' id='word_1_627' title='bbox 1319 2012 1462 2039; x_wconf 87' lang='lat' dir='ltr'>Friderico</span> <span class='ocrx_word' id='word_1_628' title='bbox 1476 2012 1644 2046; x_wconf 87' lang='lat' dir='ltr'>imperatori</span> <span class='ocrx_word' id='word_1_629' title='bbox 1655 2013 1839 2046; x_wconf 74' lang='lat' dir='ltr'>conqueritur</span> <span class='ocrx_word' id='word_1_630' title='bbox 1851 2013 1884 2039; x_wconf 88' lang='lat' dir='ltr'>de</span> <span class='ocrx_word' id='word_1_631' title='bbox 1895 2013 2046 2039; x_wconf 86' lang='lat' dir='ltr'>horrendis</span> <span class='ocrx_word' id='word_1_632' title='bbox 2058 2014 2289 2047; x_wconf 81' lang='lat' dir='ltr'>oppressionibus</span> 
     </span>
     <span class='ocr_line' id='line_1_88' title="bbox 1283 2060 2290 2097; baseline 0.003 -11"><span class='ocrx_word' id='word_1_633' title='bbox 1283 2061 1384 2094; x_wconf 83' lang='lat' dir='ltr'>quibus</span> <span class='ocrx_word' id='word_1_634' title='bbox 1406 2060 1542 2087; x_wconf 81' lang='lat' dir='ltr'>ecclesiae</span> <span class='ocrx_word' id='word_1_635' title='bbox 1567 2063 1593 2086; x_wconf 87' lang='lat' dir='ltr'>et</span> <span class='ocrx_word' id='word_1_636' title='bbox 1618 2060 1714 2087; x_wconf 87' lang='lat' dir='ltr'>clerici</span> <span class='ocrx_word' id='word_1_637' title='bbox 1736 2061 1816 2095; x_wconf 73' lang='lat' dir='ltr'>regni</span> <span class='ocrx_word' id='word_1_638' title='bbox 1839 2061 1952 2087; x_wconf 79' lang='lat' dir='ltr'>Siciliae</span> <span class='ocrx_word' id='word_1_639' title='bbox 1976 2064 2002 2087; x_wconf 86' lang='lat' dir='ltr'>et</span> <span class='ocrx_word' id='word_1_640' title='bbox 2028 2062 2146 2095; x_wconf 52' lang='lat' dir='ltr'>⁴&amp;puliae</span> <span class='ocrx_word' id='word_1_641' title='bbox 2172 2063 2206 2088; x_wconf 85' lang='lat' dir='ltr'>ab</span> <span class='ocrx_word' id='word_1_642' title='bbox 2231 2062 2290 2097; x_wconf 88' lang='lat' dir='ltr'>ipso</span> 
     </span>
     <span class='ocr_line' id='line_1_89' title="bbox 1283 2108 2289 2145; baseline 0.003 -11"><span class='ocrx_word' id='word_1_643' title='bbox 1283 2108 1465 2143; x_wconf 80' lang='lat' dir='ltr'>at&#39;tliguntur;</span> <span class='ocrx_word' id='word_1_644' title='bbox 1482 2116 1548 2135; x_wconf 87' lang='lat' dir='ltr'>eum</span> <span class='ocrx_word' id='word_1_645' title='bbox 1569 2111 1665 2135; x_wconf 78' lang='lat' dir='ltr'>mouet</span> <span class='ocrx_word' id='word_1_646' title='bbox 1681 2111 1707 2135; x_wconf 84' lang='lat' dir='ltr'>ct</span> <span class='ocrx_word' id='word_1_647' title='bbox 1729 2109 1860 2135; x_wconf 83' lang='lat' dir='ltr'>hortatur</span> <span class='ocrx_word' id='word_1_648' title='bbox 1878 2112 2018 2143; x_wconf 86' lang='lat' dir='ltr'>quatenus</span> <span class='ocrx_word' id='word_1_649' title='bbox 2036 2111 2164 2137; x_wconf 86' lang='lat' dir='ltr'>eeclesiis</span> <span class='ocrx_word' id='word_1_650' title='bbox 2183 2113 2210 2137; x_wconf 87' lang='lat' dir='ltr'>et</span> <span class='ocrx_word' id='word_1_651' title='bbox 2227 2118 2289 2145; x_wconf 89' lang='lat' dir='ltr'>per·</span> 
     </span>
     <span class='ocr_line' id='line_1_90' title="bbox 1283 2157 2288 2193; baseline 0.003 -10"><span class='ocrx_word' id='word_1_652' title='bbox 1283 2157 1360 2184; x_wconf 87' lang='lat' dir='ltr'>sonis</span> <span class='ocrx_word' id='word_1_653' title='bbox 1375 2157 1577 2184; x_wconf 83' lang='lat' dir='ltr'>ecclesiasticis</span> <span class='ocrx_word' id='word_1_654' title='bbox 1593 2158 1689 2184; x_wconf 79' lang='lat' dir='ltr'>ablata</span> <span class='ocrx_word' id='word_1_655' title='bbox 1707 2157 1862 2184; x_wconf 83' lang='lat' dir='ltr'>restituens</span> <span class='ocrx_word' id='word_1_656' title='bbox 1880 2158 1990 2192; x_wconf 73' lang='lat' dir='ltr'>integre</span> <span class='ocrx_word' id='word_1_657' title='bbox 2005 2159 2149 2191; x_wconf 77' lang='lat' dir='ltr'>universa,</span> <span class='ocrx_word' id='word_1_658' title='bbox 2164 2159 2199 2185; x_wconf 86' lang='lat' dir='ltr'>ab</span> <span class='ocrx_word' id='word_1_659' title='bbox 2216 2159 2288 2193; x_wconf 89' lang='lat' dir='ltr'>ipso-</span> 
     </span>
     <span class='ocr_line' id='line_1_91' title="bbox 1284 2206 2291 2240; baseline 0.001 -7"><span class='ocrx_word' id='word_1_660' title='bbox 1284 2214 1349 2233; x_wconf 85' lang='lat' dir='ltr'>rum</span> <span class='ocrx_word' id='word_1_661' title='bbox 1367 2206 1566 2232; x_wconf 80' lang='lat' dir='ltr'>molestatione</span> <span class='ocrx_word' id='word_1_662' title='bbox 1582 2206 1693 2240; x_wconf 84' lang='lat' dir='ltr'>penitus</span> <span class='ocrx_word' id='word_1_663' title='bbox 1711 2206 1909 2240; x_wconf 70' lang='lat' dir='ltr'>coiiquicsca23</span> <span class='ocrx_word' id='word_1_664' title='bbox 1927 2207 1960 2233; x_wconf 87' lang='lat' dir='ltr'>ad</span> <span class='ocrx_word' id='word_1_665' title='bbox 1977 2207 2028 2233; x_wconf 83' lang='lat' dir='ltr'>hoc</span> <span class='ocrx_word' id='word_1_666' title='bbox 2047 2208 2074 2233; x_wconf 82' lang='lat' dir='ltr'>u.</span> <span class='ocrx_word' id='word_1_667' title='bbox 2092 2209 2119 2233; x_wconf 86' lang='lat' dir='ltr'>et</span> <span class='ocrx_word' id='word_1_668' title='bbox 2137 2208 2168 2233; x_wconf 80' lang='lat' dir='ltr'>n.</span> <span class='ocrx_word' id='word_1_669' title='bbox 2187 2207 2291 2234; x_wconf 82' lang='lat' dir='ltr'>fratres</span> 
     </span>
     <span class='ocr_line' id='line_1_92' title="bbox 1285 2254 2291 2288; baseline 0.001 -8"><span class='ocrx_word' id='word_1_670' title='bbox 1285 2254 1405 2281; x_wconf 77' lang='lat' dir='ltr'>Minores</span> <span class='ocrx_word' id='word_1_671' title='bbox 1421 2254 1530 2280; x_wconf 84' lang='lat' dir='ltr'>adeum</span> <span class='ocrx_word' id='word_1_672' title='bbox 1549 2254 1648 2281; x_wconf 88' lang='lat' dir='ltr'>mittit.</span> <span class='ocrx_word' id='word_1_673' title='bbox 1667 2270 1699 2273; x_wconf 88' lang='lat'>—-—</span> <span class='ocrx_word' id='word_1_674' title='bbox 1714 2255 1795 2287; x_wconf 66' lang='lat' dir='ltr'>(linc.</span> <span class='ocrx_word' id='word_1_675' title='bbox 1816 2255 1856 2286; x_wconf 71' lang='lat'>14,</span> <span class='ocrx_word' id='word_1_676' title='bbox 1873 2255 1892 2281; x_wconf 89' lang='grc'>1“.</span> <span class='ocrx_word' id='word_1_677' title='bbox 1909 2256 1942 2281; x_wconf 83' lang='grc'>68</span> <span class='ocrx_word' id='word_1_678' title='bbox 1959 2264 2001 2285; x_wconf 83' lang='lat' dir='ltr'>r⁰;</span> <span class='ocrx_word' id='word_1_679' title='bbox 2017 2263 2085 2282; x_wconf 87' lang='lat' dir='ltr'>anu.</span> <span class='ocrx_word' id='word_1_680' title='bbox 2103 2256 2135 2288; x_wconf 87' lang='lat' dir='ltr'>ll,</span> <span class='ocrx_word' id='word_1_681' title='bbox 2152 2264 2176 2281; x_wconf 30' lang='lat' dir='ltr'>cl</span> <span class='ocrx_word' id='word_1_682' title='bbox 2199 2258 2243 2288; x_wconf 74' lang='lat'>¹03</span> <span class='ocrx_word' id='word_1_683' title='bbox 2260 2270 2291 2275; x_wconf 89' lang='lat'>——</span> 
     </span>
     <span class='ocr_line' id='line_1_93' title="bbox 1286 2302 2293 2337; baseline 0 -9"><span class='ocrx_word' id='word_1_684' title='bbox 1286 2303 1400 2329; x_wconf 65' lang='lat' dir='ltr'>Hom-:Au</span> <span class='ocrx_word' id='word_1_685' title='bbox 1426 2303 1501 2333; x_wconf 65' lang='grc'>1184,</span> <span class='ocrx_word' id='word_1_686' title='bbox 1523 2302 1542 2329; x_wconf 81' lang='lat' dir='ltr'>f.</span> <span class='ocrx_word' id='word_1_687' title='bbox 1563 2304 1624 2335; x_wconf 62' lang='lat' dir='ltr'>¹⁴32ss</span> <span class='ocrx_word' id='word_1_688' title='bbox 1642 2303 1710 2329; x_wconf 76' lang='lat' dir='ltr'>ibid.</span> <span class='ocrx_word' id='word_1_689' title='bbox 1728 2304 1803 2335; x_wconf 70' lang='lat'>1¹85,</span> <span class='ocrx_word' id='word_1_690' title='bbox 1823 2303 1841 2329; x_wconf 83' lang='grc'>1“.</span> <span class='ocrx_word' id='word_1_691' title='bbox 1863 2304 1927 2336; x_wconf 64' lang='lat'>‘2083</span> <span class='ocrx_word' id='word_1_692' title='bbox 1946 2318 1980 2322; x_wconf 89' lang='lat'>—</span> <span class='ocrx_word' id='word_1_693' title='bbox 2004 2304 2139 2330; x_wconf 69' lang='lat' dir='ltr'>Porrimsr</span> <span class='ocrx_word' id='word_1_694' title='bbox 2156 2304 2239 2337; x_wconf 64' lang='lat' dir='ltr'>8182t3</span> <span class='ocrx_word' id='word_1_695' title='bbox 2261 2319 2293 2323; x_wconf 89' lang='lat'>—</span> 
     </span>
     <span class='ocr_line' id='line_1_94' title="bbox 1285 2350 1540 2383; baseline 0.004 -6"><span class='ocrx_word' id='word_1_696' title='bbox 1285 2351 1447 2378; x_wconf 61' lang='lat' dir='ltr'>Ronaxniinu</span> <span class='ocrx_word' id='word_1_697' title='bbox 1464 2350 1540 2383; x_wconf 67' lang='lat'><strong>372.)</strong></span> 
     </span>
    </p>
   </div>
   <div class='ocr_carea' id='block_1_15' title="bbox 1286 2442 2295 2580">
    <p class='ocr_par' dir='ltr' id='par_1_15' title="bbox 1286 2442 2295 2580">
     <span class='ocr_line' id='line_1_95' title="bbox 1327 2442 2295 2484; baseline 0.009 -15"><span class='ocrx_word' id='word_1_698' title='bbox 1327 2454 1341 2470; x_wconf 89' lang='lat'>«</span> <span class='ocrx_word' id='word_1_699' title='bbox 1366 2442 1526 2472; x_wconf 74' lang='lat' dir='ltr'>Frederico</span> <span class='ocrx_word' id='word_1_700' title='bbox 1551 2443 1754 2473; x_wconf 64' lang='lat' dir='ltr'>[tenuium-nm</span> <span class='ocrx_word' id='word_1_701' title='bbox 1780 2444 1968 2484; x_wconf 67' lang='lat' dir='ltr'>imperatori.</span> <span class='ocrx_word' id='word_1_702' title='bbox 1995 2445 2151 2476; x_wconf 67' lang='lat' dir='ltr'>,xseomlit</span> <span class='ocrx_word' id='word_1_703' title='bbox 2168 2447 2209 2477; x_wconf 84' lang='lat' dir='ltr'>ad</span> <span class='ocrx_word' id='word_1_704' title='bbox 2234 2456 2295 2478; x_wconf 80' lang='lat' dir='ltr'>nos</span> 
     </span>
     <span class='ocr_line' id='line_1_96' title="bbox 1286 2496 2295 2536; baseline 0.003 -10"><span class='ocrx_word' id='word_1_705' title='bbox 1286 2513 1336 2526; x_wconf 88' lang='lat'>—-.</span> <span class='ocrx_word' id='word_1_706' title='bbox 1357 2496 1432 2526; x_wconf 84' lang='lat' dir='ltr'>Dat.</span> <span class='ocrx_word' id='word_1_707' title='bbox 1463 2496 1576 2532; x_wconf 82' lang='lat' dir='ltr'>Reate,</span> <span class='ocrx_word' id='word_1_708' title='bbox 1604 2497 1700 2527; x_wconf 90' lang='lat' dir='ltr'>nonis</span> <span class='ocrx_word' id='word_1_709' title='bbox 1726 2497 1816 2533; x_wconf 48' lang='lat' dir='ltr'>maii,</span> <span class='ocrx_word' id='word_1_710' title='bbox 1843 2498 2054 2536; x_wconf 71' lang='lat' dir='ltr'>pontificatus</span> <span class='ocrx_word' id='word_1_711' title='bbox 2080 2499 2182 2528; x_wconf 82' lang='lat' dir='ltr'>nostri</span> <span class='ocrx_word' id='word_1_712' title='bbox 2209 2508 2295 2529; x_wconf 87' lang='lat' dir='ltr'>anno</span> 
     </span>
     <span class='ocr_line' id='line_1_97' title="bbox 1287 2549 1485 2580; baseline -0.01 0"><span class='ocrx_word' id='word_1_713' title='bbox 1287 2549 1444 2580; x_wconf 87' lang='lat' dir='ltr'>secundo.</span> <span class='ocrx_word' id='word_1_714' title='bbox 1473 2561 1485 2574; x_wconf 61' lang='lat' dir='ltr'><em>n</em></span> 
     </span>
    </p>
   </div>
   <div class='ocr_carea' id='block_1_16' title="bbox 1356 2711 1427 2742">
    <p class='ocr_par' dir='ltr' id='par_1_16' title="bbox 1356 2711 1427 2742">
     <span class='ocr_line' id='line_1_98' title="bbox 1356 2711 1427 2742; baseline 0 0"><span class='ocrx_word' id='word_1_715' title='bbox 1356 2711 1427 2742; x_wconf 69' lang='lat'>194</span> 
     </span>
    </p>
   </div>
   <div class='ocr_carea' id='block_1_17' title="bbox 1846 2710 2222 2747">
    <p class='ocr_par' dir='ltr' id='par_1_17' title="bbox 1846 2710 2222 2747">
     <span class='ocr_line' id='line_1_99' title="bbox 1846 2710 2222 2747; baseline 0.008 -10"><span class='ocrx_word' id='word_1_716' title='bbox 1846 2710 1968 2745; x_wconf 62' lang='lat' dir='ltr'>Magni,</span> <span class='ocrx_word' id='word_1_717' title='bbox 1985 2711 2125 2747; x_wconf 71' lang='lat' dir='ltr'>28juillei</span> <span class='ocrx_word' id='word_1_718' title='bbox 2149 2714 2222 2740; x_wconf 72' lang='lat'>1227.</span> 
     </span>
    </p>
   </div>
   <div class='ocr_carea' id='block_1_18' title="bbox 1288 2792 2296 2878">
    <p class='ocr_par' dir='ltr' id='par_1_18' title="bbox 1288 2792 2296 2878">
     <span class='ocr_line' id='line_1_100' title="bbox 1323 2792 2292 2828; baseline 0.003 -9"><span class='ocrx_word' id='word_1_719' title='bbox 1323 2793 1521 2820; x_wconf 84' lang='lat' dir='ltr'>Hermannum</span> <span class='ocrx_word' id='word_1_720' title='bbox 1534 2793 1706 2828; x_wconf 79' lang='lat' dir='ltr'>magistrum</span> <span class='ocrx_word' id='word_1_721' title='bbox 1721 2795 1747 2819; x_wconf 88' lang='lat' dir='ltr'>ct</span> <span class='ocrx_word' id='word_1_722' title='bbox 1764 2792 1868 2820; x_wconf 82' lang='lat' dir='ltr'>fratres</span> <span class='ocrx_word' id='word_1_723' title='bbox 1880 2794 2034 2828; x_wconf 77' lang='lat' dir='ltr'>Hospitalis</span> <span class='ocrx_word' id='word_1_724' title='bbox 2051 2795 2174 2821; x_wconf 80' lang='lat' dir='ltr'>Sanctae</span> <span class='ocrx_word' id='word_1_725' title='bbox 2187 2795 2292 2823; x_wconf 77' lang='lat' dir='ltr'>Mariae</span> 
     </span>
     <span class='ocr_line' id='line_1_101' title="bbox 1288 2840 2296 2878; baseline 0.002 -10"><span class='ocrx_word' id='word_1_726' title='bbox 1288 2841 1529 2868; x_wconf 84' lang='lat' dir='ltr'>Tlieutonicorum</span> <span class='ocrx_word' id='word_1_727' title='bbox 1540 2840 1865 2875; x_wconf 76' lang='lat' dir='ltr'>ilici-osolyniitunorum</span> <span class='ocrx_word' id='word_1_728' title='bbox 1885 2842 2071 2877; x_wconf 77' lang='lat' dir='ltr'>protegendos</span> <span class='ocrx_word' id='word_1_729' title='bbox 2082 2843 2213 2878; x_wconf 82' lang='lat' dir='ltr'>suscipit,</span> <span class='ocrx_word' id='word_1_730' title='bbox 2223 2852 2296 2871; x_wconf 88' lang='lat' dir='ltr'>con-</span> 
     </span>
    </p>
   </div>
   <div class='ocr_carea' id='block_1_19' title="bbox 1325 2939 1533 2963">
    <p class='ocr_par' dir='ltr' id='par_1_19' title="bbox 1325 2939 1533 2963">
     <span class='ocr_line' id='line_1_102' title="bbox 1325 2939 1533 2963; baseline 0 -1"><span class='ocrx_word' id='word_1_731' title='bbox 1325 2940 1346 2962; x_wconf 88' lang='grc'>1.</span> <span class='ocrx_word' id='word_1_732' title='bbox 1366 2939 1414 2962; x_wconf 74' lang='lat' dir='ltr'>Ms.</span> <span class='ocrx_word' id='word_1_733' title='bbox 1433 2939 1533 2963; x_wconf 79' lang='lat' dir='ltr'>omnis.</span> 
     </span>
    </p>
   </div>
  </div>
 </body>
</html>
