2498 3242
198 282 253 310 ¹0⁴·

195 363 320 392 Verum
339 360 458 390 dilecto
475 358 542 388 tilio
562 358 614 387 R..
627 357 842 387 Cremonensi
857 355 1027 387 canonico,
1043 360 1196 392 procura-
1228 352 1230 361 '

196 419 263 445 tore
281 413 386 451 ipsius
403 411 560 451 episcopi.
578 411 743 439 asserente
759 409 846 447 qnod
863 408 1022 437 sententia
1039 406 1110 444 ipsa
1126 405 1197 444 post

194 465 450 505 appellationem
472 463 511 493 ad
541 462 761 501 Apostolicam
785 461 903 491 Sedem
932 460 1074 496 legitime
1102 458 1197 486 iuter-

191 520 312 558 jectam
333 517 436 546 t'uerat
454 515 672 555 promulgata,
692 516 721 543 et
740 522 811 543 eam
830 514 956 551 petente
975 512 1099 541 irritam
1118 517 1198 539 nun-

193 571 280 600 tiari.
297 578 332 599 ac
358 570 564 607 prenotatum
581 568 768 606 preceptum
793 566 830 595 de
848 565 950 603 gratia
970 573 1027 602 pro
1045 561 1198 591 scandalo

196 623 330 652 vit-indo
351 621 487 651 ditl'erri.
513 620 643 649 tandem
669 627 744 649 cum
769 619 799 648 id
821 618 967 647 obtinere
992 625 1054 645 mm
1077 616 1197 654 posset.

193 674 414 713 exemptionis
439 673 648 712 privilegium
666 671 838 708 allegarit:
862 670 917 699 sed
945 669 984 699 ab
1010 666 1200 707 hujusmodi

195 728 391 765 allegatione
420 725 585 755 recedens.
612 724 651 753 ad
680 723 911 762 postulandam
941 721 1078 758 gratiam
1105 719 1199 749 rediit

194 781 307 818 sepius
334 779 544 818 postulatam.
575 776 812 807 nichilominus
841 774 1038 814 postulando
1067 774 1101 802 ut
1129 780 1200 811 pro-

195 833 384 863 videremus
411 831 517 860 eidem
540 830 705 868 episcopo,
723 838 821 867 super
846 836 883 857 eo
910 827 997 865 quod
1022 825 1199 864 predii-tam
1229 821 1230 825 ’

196 884 548 916 excommunicationis
565 882 759 912 senteutiam
781 889 843 910 non
862 881 1018 909 servarat.
1038 879 1106 908 Nos
1124 886 1200 906 vero

195 938 424 976 -—petitionem
436 937 507 973 ejus
518 934 754 974 superjarmlict
763 934 771 962 i
780 933 971 962 dilationem
983 930 1125 969 precepti
1137 938 1200 959 non

195 991 353 1020 duximus
370 988 617 1020 :viminea-lain,
636 987 692 1015 sed
708 986 747 1015 de
763 985 902 1015 consilio
921 985 1057 1013 fratrum
1075 984 1200 1012 nostro-

197 1051 269 1073 rum
294 1042 468 1071 statuimus
489 1043 519 1069 ut
545 1040 629 1069 idem
652 1039 828 1076 episcopus
849 1039 879 1067 et
904 1044 1112 1066 successores
1135 1035 1199 1068 sui,

198 1104 232 1125 ae
248 1095 385 1124 ecclesia
409 1092 642 1122 ‹tr-unoneiisis
665 1091 734 1120 11111.
753 1100 788 1119 ac
811 1089 1057 1119 successoribus
1079 1088 1143 1117 tuis
1166 1097 1201 1116 a(-

200 1146 438 1178 Mediolanensi
450 1145 598 1177 ecclesie,
610 1143 830 1173 obedientiam
843 1145 872 1171 et
888 1141 1103 1171 reverentiam
1113 1141 1203 1170 exhi·
1231 1152 1232 1185 3

199 1201 311 1229 lmrent
327 1215 372 1227 ——.
388 1199 489 1227 Porro
501 1197 542 1226 ab
553 1196 666 1226 eadem
679 1194 1029 1225 excommunicationis
1041 1193 1203 1223 sententia
1231 1190 1233 1223 ἶ

198 1251 435 1289 —episeopum
454 1251 561 1288 ipsum
573 1249 611 1278 de
629 1248 763 1286 speciali
775 1247 878 1289 gratia
895 1246 1202 1276 reddidimusabso-

197 1305 303 1334 lutum
313 1320 362 1333 —.
379 1301 559 1338 (ῥυ-,11051111
574 1300 784 1339 precipiendo
803 1299 1034 1329 mandavimus
1047 1300 1125 1328 ut—
1144 1298 1204 1328 tibi

199 1360 227 1387 et
245 1355 381 1385 ecclesie
395 1358 448 1384 tue
463 1363 496 1383 se
513 1354 666 1383 devotum
681 1354 709 1382 et
727 1352 933 1382 obedientem
950 1352 1105 1385 studeret,
1121 1351 1205 1381 sicut

201 1409 258 1438 alii
282 1406 669 1445 suffraganei.exhibere.
695 1405 911 1434 Postmodum
936 1413 1014 1434 vero
1038 1404 1071 1433 in
1094 1405 1202 1433 nostra
1234 1398 1235 1403 ¹

200 1460 401 1500 proposuisti
415 1459 577 1497 presentia
590 1458 799 1493 constitutus,
811 1459 839 1487 et
852 1457 1025 1487 ostendisti
1039 1457 1136 1487 etiam
1148 1465 1205 1495 per

203 1514 373 1553 publicum
393 1513 659 1546 instrumentum,
677 1510 763 1548 quod
783 1510 905 1548 prefato
925 1510 1078 1548 episcopo
1095 1527 1133 1531 -
1153 1509 1205 1539 (10-

199 1566 276 1596 disti
302 1567 335 1595 in
359 1564 520 1603 preceptis
532 1565 567 1593 ut
583 1565 688 1593 -tuo
714 1571 748 1592 se
775 1563 963 1600 conspectui
989 1563 1204 1600 presentaret,

202 1619 431 1657 recogniturus
450 1616 730 1646 Mediolanensem
750 1615 921 1645 ecclesiam
938 1616 1076 1644 matrem
1099 1624 1205 1648 suam,

201 1681 236 1701 ac
254 1675 359 1701 tecum
383 1673 411 1699 et
432 1678 506 1699 enm
525 1669 599 1699 aliis
622 1668 839 1706 sutl'raganeis
860 1668 924 1697 tuis
946 1669 1117 1697 tractatum
1141 1670 1205 1697 tam
1236 1679 1237 1690 1

202 1733 301 1762 super
329 1724 411 1752 sat-to
439 1722 656 1752 hereticorum
681 1730 779 1759 quam
808 1729 907 1758 super
933 1720 1007 1749 aliis
1035 1720 1207 1758 oportunis

202 1776 350 1807 articulis
367 1775 552 1804 habiturus.
578 1774 735 1812 Alioquin
752 1782 791 1802 ex
812 1775 888 1802 tunc
905 1781 939 1801 se
960 1773 1057 1802 sciret
1077 1781 1205 1802 excom-

202 1828 436 1859 municationis
455 1826 586 1856 vinculo
606 1826 811 1855 innodatum.
834 1825 897 1855 Sed
918 1825 1102 1855 antedictus
1122 1825 1206 1863 epis—

199 1890 303 1920 copus
322 1884 386 1910 tam
411 1879 601 1909 mandatum
619 1878 834 1917 apostolicum
858 1886 956 1916 quam
975 1879 1066 1907 tumn
1088 1879 1205 1907 temere.
1235 1881 1237 1903 1
1266 1883 1389 1913 civium
1410 1882 1544 1912 omnino
1564 1890 1628 1911 „011
1647 1882 1785 1915 constat,
1801 1881 1903 1911 immo
1920 1881 2000 1911 satis
2018 1882 2166 1912 innuitur
2184 1881 2272 1920 quod

204 1934 425 1972 vilipendens,
441 1932 637 1961 sententiam
650 1930 1003 1961 exvmmnamicationis
1015 1931 1150 1960 incurrit
1163 1932 1204 1965 et,

202 1996 219 2016 a
235 1990 264 2016 te
281 1985 488 2025 postmodum
505 1984 810 2013 excommunicatus
825 1983 1037 2012 denuntiatus
1052 1983 1206 2022 sollemp-

205 2040 299 2072 niter,
314 2039 346 2068 in
363 2047 422 2067 sua
435 2037 639 2067 contumacia
653 2036 842 2074 perduravit
854 2053 902 2064 —.
918 2036 1127 2073 Injunxiinus
1143 2036 1207 2074 ipsi

200 2092 356 2130 episcopo
378 2092 411 2119 ut
432 2097 532 2128 super
548 2089 720 2127 premissis
740 2097 797 2126 per
816 2097 851 2117 se
871 2088 922 2117 vel
941 2096 999 2126 per
1018 2091 1206 2126 procurato-

202 2153 272 2174 rem
286 2144 440 2173 idoneum
455 2143 487 2171 in
504 2144 613 2171 nostra
628 2141 794 2179 presentia
809 2142 1020 2179 compareret.
1035 2142 1107 2176 Quo
1122 2150 1208 2171 com-

202 2198 336 2235 parente
355 2194 572 2234 personaliter
592 2195 704 2231 postea
722 2202 831 2222 00111111
854 2192 961 2228 nobis,
981 2195 1012 2222 et
1029 2194 1058 2223 10
1081 2194 1209 2232 petitio-

203 2257 279 2279 nem
296 2248 472 2286 replicants¹
490 2247 646 2285 priorem,
671 2254 707 2275 ac
726 2254 824 2284 snper
839 2245 899 2275 boc
919 2247 1067 2275 nostrum
1090 2247 1205 2285 implo-

202 2303 295 2331 rante
305 2300 463 2332 osticium,
478 2298 643 2336 respondit
660 2298 745 2327 idem
757 2297 931 2336 episcopus
941 2298 1029 2335 quod
1043 2299 1209 2335 quondam

205 2353 243 2383 Ο.
273 2354 468 2391 imperatore
503 2359 640 2387 regnum
665 2350 777 2380 Sicilie
802 2352 831 2379 et
854 2350 944 2379 aliud
975 2351 1209 2388 patrimonium

206 2405 352 2435 Iscclesie
371 2404 558 2437 invadente,
576 2412 611 2431 ac
632 2402 936 2431 Mediolanensibus
953 2402 1083 2432 civibus
1100 2412 1210 2441 perso-

207 2458 324 2487 naliter
340 2456 527 2486 faventibus
544 2455 576 2484 in
593 2455 655 2484 liiis
675 2455 732 2487 illi,
749 2455 895 2492 prefatus
910 2455 1122 2492 predecessor
1139 2464 1210 2484 nos-

207 2514 254 2540 ter
273 2511 305 2540 in
321 2518 440 2548 penam
458 2509 692 2547 ipsoru1⁷n,‹pia
710 2507 789 2536 liora
807 2509 1032 2545 presumerent
1049 2508 1133 2537 dicto
1150 2508 1210 2537 im-
1240 2513 1241 2520 ¹

204 2572 225 2602 p
239 2563 347 2592 ·ratori
369 2564 482 2591 contra
499 2561 682 2591 Romanam
703 2560 884 2589 Ecclesiam
908 2560 1070 2590 auxilium
1094 2561 1211 2599 imper-

205 2616 272 2649 tiri,
287 2615 326 2645 de
340 2614 480 2645 consilio
492 2613 630 2643 fratrum
647 2621 782 2642 suorum
795 2612 939 2642 decrevit
953 2613 1209 2643 Cremonensem
1240 2622 1241 2625 ¹

205 2668 390 2700 ecclesiam,
406 2675 480 2696 cum
496 2667 561 2695 tota
576 2666 647 2704 ejus
662 2665 796 2699 diocesi,
816 2664 857 2694 ab
873 2665 962 2694 omni
980 2665 1210 2703 jurisdictione

207 2720 465 2751 Mediolanensis
482 2718 618 2748 ecclesie
636 2718 793 2756 perpetuo
812 2717 879 2747 fore
898 2717 1109 2751 subtrz‘ictarn,
1128 2718 1211 2748 dans

209 2773 455 2811 archiepiscopo
478 2774 507 2801 ct
531 2770 805 2808 archipresbitero
828 2769 1132 2800 Mediolanensibus
1159 2772 1211 2801 sn·-

209 2826 306 2855 miter
321 2825 353 2854 in
366 2824 530 2854 mandatis
546 2825 580 2853 ut
593 2831 635 2852 ex
648 2825 723 2852 tunc
736 2822 860 2852 nullam
870 2822 1134 2861 j111·isdictionem
1149 2823 1212 2853 sibi

211 2877 421 2907 venditarent
438 2877 471 2906 in
485 2876 564 2909 illis,
577 2877 607 2905 et
623 2876 776 2914 episcopo
787 2876 817 2904 et
833 2875 920 2905 clero
934 2875 1213 2906 Cremonensibus

210 2930 298 2969 quod
321 2930 446 2960 nullam
469 2930 517 2959 eis
542 2928 763 2959 obedientiam
787 2930 815 2957 et
840 2929 1058 2958 reverentiam
1080 2929 1212 2959 exhibe-

217 296 249 310 ,,
891 272 1139 306 111-’.01511100
1163 270 1222 300 DE
1246 263 1478 303 Gnssoomss
1500 274 1560 304 1x.

2202 276 2258 306 128

1257 353 1325 381 rent
1337 362 1343 387 3
1357 353 1397 382 ad
1409 353 1493 391 quod
1507 354 1710 392 probandum
1722 356 1882 394 quasdam
1894 356 1920 394 ej
1927 356 2040 386 usdom
2053 356 2259 395 predecesso-

1257 404 1301 433 ris
1316 405 1417 435 nostri
1430 405 1553 435 litteras
1567 407 1750 438 inducebat.
1763 409 1855 444 Quod
1866 410 1975 439 autem
1987 409 2123 447 predicti
2135 409 2256 439 Medio-
2283 415 2288 420 ·

1256 456 1409 487 lunenses
1425 460 1536 496 postea
1550 460 1753 497 prestiterint
1768 461 1929 491 auxilium
1945 462 2057 492 contra
2073 462 2255 492 Romanam

1258 509 1436 539 Ecclesiam
1448 511 1634 548 impu-aton
1648 512 1785 550 prefato,
1799 514 1883 543 unde.
1897 515 2029 544 secutus
2043 514 2101 544 fuit
2115 514 2257 553 predicte

1256 562 1453 592 conditionis
1464 564 1612 598 eventus,
1627 565 1829 602 proponebat
1843 573 1915 595 esse
1930 567 2094 596 notorium
2111 568 2142 597 et
2156 567 2259 596 mani-

1258 615 1336 645 feste
1346 616 1506 649 constare,
1520 616 1632 654 sicque
1646 616 1747 646 11111110
1760 618 1904 655 1011111010
1915 618 2030 655 gavisa
2040 619 2258 658 exemptionis

1258 668 1429 705 privilegio
1439 668 1577 698 ecclesia
1595 668 1863 706 Crmnonentsis'l.
1878 670 1960 699 Pars
1976 671 2126 706 adversa,
2139 671 2257 702 horum

1258 721 1422 750 mentione
1440 729 1505 750 non
1524 721 1647 755 habita,
1665 722 1822 751 statutum
1839 730 1857 751 a
1873 722 1968 752 nobis
1986 723 2127 753 obtinuit
2144 732 2259 763 supra-

1257 773 1391 807 dictum,
1416 775 1548 811 propter
1570 773 1657 811 quod
1681 774 1853 813 proposuit
1871 774 2048 813 J'amdictus
2072 776 2257 815 episcopus,

1257 826 1344 864 quod
1362 826 1443 855 illud
1458 826 1487 855 ei
1505 826 1557 856 vel
1571 826 1687 856 saltem
1703 826 1863 857 libertatis
1878 827 2018 862 decreto,
2034 828 2121 866 quod
2138 828 2258 859 indicat

1258 878 1515 908 Cremonensem
1533 879 1705 908 ecclesiam
1729 879 1769 908 ad
1784 879 1904 911 Scdem
1926 880 2149 918 Apostolicam
2168 881 2259 912 nullo

1258 931 1366 960 medio
1382 931 1554 969 pertinere,
1577 931 1794 969 prejudicium
1812 940 1877 962 non
1894 933 2018 971 poterat
2037 940 2204 971 generare,
2223 941 2260 963 ac

1258 992 1316 1021 per
1333 983 1393 1013 1100
1414 985 1570 1013 statutum
1593 984 1702 1022 ipsum
1718 993 1784 1014 non
1801 984 1939 1015 debehat
1962 985 2149 1015 executioni
2170 994 2261 1016 mau-

1259 1037 1340 1070 dari,
1359 1046 1416 1066 ne(-
1433 1037 1596 1066 servanda
1614 1039 1682 1068 erat
1700 1038 1796 1067 etiam
1816 1037 2168 1068 excommunicationis
2185 1046 2259 1069 sen-

1259 1089 1371 1123 tentia,
1390 1098 1495 1128 neque
1514 1090 1583 1128 ipse
1599 1098 1658 1128 pro
1676 1091 1864 1129 contemptu
1882 1091 1915 1120 in
1932 1091 2042 1129 aliquo
2060 1092 2259 1130 puniendus,

1260 1151 1333 1172 cum
1356 1144 1523 1180 tamquam
1549 1144 1721 1181 exemptus
1744 1143 1895 1174 accedere
1920 1144 1959 1174 ad
1986 1144 2190 1175 vocationem
2213 1153 2262 1176 ar-

1260 1195 1461 1234 chiepiscopi
1490 1195 1625 1225 minime
1655 1196 1829 1226 teneretur.
1862 1196 1982 1227 Contra
2008 1205 2071 1235 que
2104 1197 2261 1236 replicare

1232 1271 1233 1282 2
1261 1248 1384 1279 curasti
1402 1248 1501 1286 quod,
1520 1248 1697 1278 etsidictus
1712 1249 1886 1288 episcopus
1906 1249 2118 1288 privilegium
2134 1258 2264 1289 exemp-

1263 1301 1362 1331 tionis
1379 1301 1524 1336 haberet,
1541 1301 1612 1340 ejus
1629 1302 1778 1340 pretextu
1795 1302 1881 1340 quod
1898 1311 1996 1341 super
2011 1303 2125 1333 eodem
2144 1304 2264 1333 statuto

1263 1364 1282 1384 a
1298 1354 1393 1384 nobis
1411 1354 1532 1384 facturn
1548 1354 1665 1389 suerat,
1685 1363 1747 1384 non
1764 1356 1851 1384 esset
1867 1355 1984 1385 iterum
2001 1355 2263 1390 instaurandum,

1263 1407 1343 1446 quin
1361 1407 1462 1436 imino
1480 1415 1539 1445 per
1557 1407 1682 1436 litteras
1698 1407 1804 1445 ipsius
1822 1407 1862 1442 Ι.,
1885 1408 2128 1446 predecessoris
2148 1408 2264 1444 nostri,

1263 1460 1426 1498 exemptio
1446 1468 1508 1489 non
1519 1459 1686 1497 probatur,
1705 1468 1768 1498 (1110
1784 1460 1894 1498 potius
1910 1460 2199 1490 comminationem
2221 1461 2267 1490 in-

1266 1514 1371 1542 nuunt
1393 1520 1491 1551 quam
1519 1512 1698 1548 decretum,
1729 1513 1758 1542 et
1778 1513 1866 1550 quod
1896 1512 1927 1542 111
1960 1512 2109 1543 notitiam
2145 1513 2267 1544 Medio-

1236 1590 1237 1594 ,
1266 1565 1480 1602 lanenlsium]
1497 1565 1583 1594 idem
1598 1565 1811 1604 predecessor
1825 1566 1935 1595 noster
1947 1565 2076 1596 volebat
2090 1566 2268 1596 commina-

1266 1619 1387 1648 tionem
1410 1618 1599 1655 hujnsmodi
1619 1618 1803 1656 pervenire.
1826 1618 1919 1653 Quod
1941 1618 1969 1647 si
1992 1619 2157 1649 decretum
2182 1619 2267 1648 exis-

1266 1673 1357 1706 teret,
1377 1671 1522 1701 voluisse
1543 1671 1674 1700 videtur
1690 1671 1745 1708 qui
1764 1671 1845 1700 illud
1865 1671 2020 1706 ediderat,
2039 1671 2074 1700 ut
2092 1680 2157 1701 non
2174 1671 2270 1702 aliter

1236 1751 1237 1767 3
1267 1725 1333 1754 vin]
1351 1724 1484 1754 haberet
1501 1723 1564 1752 nisi
1582 1723 1847 1753 Mediolanenses
1862 1723 2026 1753 certiorati
2041 1725 2269 1763 presumerent

1265 1777 1426 1807 adversus
1449 1776 1631 1806 Ecclesiam
1654 1776 1759 1805 eidem
1786 1776 1824 1806 O.
1849 1776 2011 1807 auxilium
2034 1777 2200 1807 exhibere.
2227 1777 2271 1807 At

1266 1830 1458 1869 pervenisse
1485 1829 1544 1859 hoc
1572 1829 1612 1858 ad
1638 1828 1788 1858 notitiam
1816 1828 2054 1867 archiepiscopi
2078 1830 2109 1859 et
2134 1837 2270 1860 suorum

1267 1936 1380 1966 eedem
1398 1934 1504 1964 littere
1522 1942 1587 1964 non
1610 1934 1831 1972 pervenerunt
1845 1934 1886 1965 ad
1904 1943 1972 1969 003,
1990 1934 2047 1964 sed
2063 1934 2197 1964 fuerunt
2217 1943 2272 1973 po-

1266 1989 1333 2018 tius
1363 1987 1533 2021 occultate,
1552 1995 1628 2016 cum
1646 1995 1750 2024 nuper
1769 1986 1900 2016 invente
1918 1986 2041 2017 fuerint
2058 1987 2092 2017 in
2109 1988 2272 2018 monaste-

1268 2041 1315 2071 rio
1343 2040 1381 2070 de
1408 2039 1580 2069 Columba
1606 2039 1657 2069 Ex
1681 2048 1717 2069 eo
1746 2039 1845 2069 etiam
1869 2039 2042 2070 occultatio
2070 2040 2272 2078 presumitur

1238 2116 1239 2121 ,
1267 2094 1463 2127 litterarum,
1482 2092 1560 2130 quia
1574 2092 1621 2121 eis
1635 2100 1815 2130 numquam
1830 2092 1988 2122 hactenus
2002 2092 2176 2131 episcopus
2190 2101 2273 2123 usus

1268 2146 1340 2181 fuit,
1364 2153 1439 2175 cum
1463 2153 1527 2174 non
1549 2145 1591 2174 sit
1620 2144 1802 2174 verisimile
1825 2145 1924 2182 quod,
1957 2145 1986 2174 si
2007 2144 2178 2176 habuisset
2202 2153 2271 2176 eas-

1269 2199 1356 2232 dem,
1371 2199 1438 2228 tani
1455 2197 1577 2235 grande
1595 2197 1682 2235 quod
1699 2197 1733 2227 in
1752 2197 1800 2227 eis
1816 2197 1968 2236 sperabat
1984 2197 2183 2228 beneficium
2200 2206 2272 2236 pre-

1271 2251 1409 2281 terisset.
1431 2250 1701 2280 Preterealittere
1711 2250 1781 2288 ipse
1797 2250 1932 2280 modum
1950 2251 1981 2280 et
1998 2250 2137 2280 formam
2150 2259 2213 2289 que
2230 2251 2275 2280 at-

1240 2317 1241 2326 1
1271 2303 1432 2334 tendenda
1454 2304 1531 2332 sunt
1553 2303 1587 2332 in
1606 2303 1745 2332 decretis
1767 2311 1825 2332 seu
1848 2303 1990 2337 statutis
2013 2303 2198 2341 privilegiis
2219 2302 2274 2333 vel

1239 2370 1241 2390 1,
1270 2355 1497 2393 indulgentiis,
1519 2354 1675 2384 confectis
1694 2355 1837 2385 maxime
1854 2355 1888 2384 in
1907 2355 2046 2393 negotiis
2062 2356 2126 2385 tan]
2147 2354 2272 2390 arduis,

1270 2407 1405 2437 omnino
1428 2415 1492 2436 non
1510 2406 1642 2440 liabent,
1661 2407 1744 2436 sicut
1762 2415 1803 2436 ex
1818 2407 1932 2436 multis
1954 2415 2011 2443 per
2036 2406 2272 2445 inspectionem

1269 2459 1451 2489 litterarum
1469 2458 1615 2497 ipsarum
1634 2458 1786 2496 colligere
1808 2459 1914 2496 potest
1929 2459 2071 2497 diligens
2091 2459 2272 2497 indagator.

1270 2512 1312 2541 Et
1327 2511 1414 2549 quod
1430 2511 1464 2540 in
1479 2510 1605 2540 eisdem
1622 2509 1740 2540 litteris
1756 2511 1922 2540 decretum
1941 2519 2005 2540 non
2021 2510 2121 2540 fuerit
2136 2511 2272 2543 editum.

1271 2564 1328 2594 sed
1345 2563 1557 2593 comminatio
1574 2563 1702 2592 tantum
1724 2563 1819 2598 facta,
1838 2564 1925 2601 patet
1945 2572 2003 2601 per
2020 2563 2111 2593 aliud
2134 2563 2274 2603 rescrip-

1270 2617 1341 2645 tum
1358 2614 1503 2654 ejusdem
1514 2615 1552 2649 l.‚
1565 2614 1809 2653 predecessoris
1822 2615 1935 2649 nostri,
1953 2615 2150 2645 declarantis
2166 2616 2272 2646 inten-

1271 2668 1393 2698 tionem
1415 2676 1508 2697 suam
1525 2675 1625 2705 super
1639 2666 1806 2705 prioribus
1827 2667 1956 2702 litteris,
1974 2668 2062 2706 quod
2080 2667 2120 2698 ad
2143 2668 2274 2699 Cremo-

1272 2728 1409 2750 nensem
1431 2719 1622 2758 episcopum
1639 2719 1849 2758 postmodum
1867 2720 2044 2755 emanarit,
2063 2720 2097 2750 in
2120 2728 2184 2758 quo
2202 2728 2277 2751 con—

1271 2773 1403 2808 tinetur,
1429 2771 1457 2801 si
1475 2771 1564 2801 cives
1587 2771 2023 2810 Cremonenses,prestando
2046 2772 2211 2803 auxilium
2233 2771 2271 2803 O.

1242 2861 1243 2869 ἵ
1271 2825 1357 2855 dicto
1375 2824 1563 2863 imperatori
1581 2825 1694 2854 contra
1704 2824 1889 2854 Romanam
1906 2824 2102 2861 Ecclesiam,
2121 2833 2156 2856 se
2171 2825 2277 2864 gratia

1273 2878 1383 2907 nostra
1399 2885 1465 2906 non
1480 2876 1701 2907 reddidissent
1717 2877 1882 2915 indignos,
1897 2885 2009 2915 quam,
2024 2877 2058 2907 in
2073 2885 2193 2916 penam
2207 2877 2276 2908 Me-

1242 2956 1245 2965 ,
1272 2929 1555 2966 ‹liolanen[siu1n]‚
1580 2929 1628 2959 eis
1651 2929 1859 2968 providimus
1881 2929 2055 2969 magnifice
2078 2929 2277 2965 faciendam,
