2498 3242
228 255 246 281 ει
1058 249 1290 287 ruffinam:
1313 249 1478 287 ANNEE.
2290 267 2308 291 c,

295 339 316 368 7
808 345 924 377 Lati-an,
942 346 972 371 31
993 353 1071 372 mars
1088 347 1165 372 1227.

264 420 420 448 Λ1111111111115
438 420 471 446 dc
490 420 685 447 Waltcsussen
704 422 731 447 et
749 419 782 447 dc
800 420 923 453 Lubeeh,
946 422 974 447 et
994 421 1135 455 magistro
1153 421 1184 448 11.
1204 422 1238 449 (10

225 469 377 505 Spainsart
393 468 556 504 praeposito
573 468 732 496 committit
751 468 833 496 litem
851 469 926 503 inter
943 469 1110 504 episcopum
1124 470 1239 497 01011111-

226 525 345 546 oensem
359 519 388 545 et
402 517 576 552 magistrum
590 518 630 549 S.‚
641 517 772 553 ejusdcm
786 518 923 545 ecclesiae
936 518 1119 551 canonicum,
1131 521 1237 545 ortum.

227 581 262 588 -
278 566 358 602 (Rae.
385 566 428 598 14,
450 565 470 593 s.
491 567 506 592 2
527 570 570 600 r⁰;
590 574 657 593 ann.
683 566 702 598 l,
729 574 753 593 c.
772 568 805 599 7:
827 581 857 587 -
878 567 993 593 Moafflu
1018 567 1135 600 118ῖ1,1.
1155 569 1185 599 3;
1205 582 1237 587 —

227 615 370 643 Pol-Tuast
385 614 495 647 7871·.)

269 732 283 748 «
296 745 318 752 ..
337 720 374 751 de
397 720 593 751 Wallesassen
614 727 642 751 ec
656 744 677 751 ..
696 721 858 751 deLubech
870 721 1039 757 abbatibus,
1059 722 1240 752 cislercien-

227 775 268 804 εἰς
283 773 411 810 ordinis,
427 779 453 803 ee
470 774 615 813 mayz'slro
640 773 681 804 H.
711 774 746 804 dc
768 774 933 814 Spainsarc
948 775 1115 815 preposito,
1137 775 1238 805 Italis—

223 826 366 866 poncnsis
381 831 408 856 el
434 826 687 856 Wralisluviensis
703 827 875 858 diocesim.
902 827 1115 858 Venerabilis
1140 828 1240 858 frater

230 881 342 911 noster
364 903 384 910 ..
404 879 638 911 Oloinucensis
654 880 830 919 episcopus
848 880 945 910 nobis
971 881 1124 920 exposuit
1139 882 1239 920 quod,

228 941 304 963 011111
324 932 482 971 magister
498 933 548 967 S„
573 933 806 963 Olomucensis
821 933 1012 967 canonicus.
1039 934 1103 964 sibi
1127 935 1242 973 presti-
1271 956 1272 968 2

229 986 304 1017 terit
317 986 544 1025 juramentum
565 986 652 1025 quod
671 987 700 1017 ei
717 988 747 1017 et
763 987 901 1017 ecclesie
918 995 976 1017 sue
995 987 1104 1017 fidelis
1123 987 1155 1017 in
1169 988 1240 1018 suis
1270 1002 1272 1027 l

1270 1033 1271 1037 ’
1300 1027 1427 1058 vocatis
1445 1028 1502 1066 qui
1526 1028 1649 1058 fuerint
1672 1029 1844 1065 evocandi,
1863 1031 1891 1059 et
1910 1031 2034 1060 auditis
2053 1031 2127 1060 hinc
2147 1031 2311 1070 1111101110-

228 1039 366 1078 agendis
381 1039 548 1073 existeret,
565 1048 624 1069 sua
640 1041 671 1070 et
684 1039 789 1078 ipsius
802 1039 938 1070 ecclesie
954 1041 1083 1078 negotia
1100 1041 1241 1072 fideliter

227 1092 448 1132 procurando,
468 1092 569 1126 idem,
597 1093 711 1122 contra
737 1093 963 1131 Juramentum
994 1102 1093 1123 suum
1118 1095 1239 1124 temere

227 1145 378 1180 veniens,
396 1144 574 1174 karissimo
594 1144 627 1175 in
644 1144 775 1175 Christo
790 1145 859 1175 filio
875 1147 986 1176 nostro
1000 1169 1020 1177 ..
1034 1147 1153 1177 illustri
1172 1148 1239 1186 regi

226 1197 360 1231 Boemie
375 1198 489 1227 contra
508 1197 617 1236 ipsum
633 1199 664 1227 et
681 1197 855 1227 ecclesiam
878 1199 1017 1228 eandem
1039 1200 1178 1233 adhesit,
1195 1202 1237 1235 01,

225 1250 254 1280 ei
274 1250 411 1281 secretis
430 1250 585 1280 revelatis
604 1250 722 1289 ipsius,
747 1250 843 1280 illum
869 1250 995 1288 iniquis
1021 1253 1135 1281 contra
1163 1262 1238 1283 eum

223 1303 495 1343 suggestionibus
513 1303 658 1342 graviter
674 1303 870 1339 concitavit;
888 1303 944 1342 qui
961 1304 1061 1334 etiam
1077 1305 1238 1343 quasdam

223 1356 349 1387 litteras
365 1365 448 1395 quas
473 1356 513 1386 ad
538 1365 621 1395 opus
644 1357 782 1387 ecclesie
805 1365 864 1386 sue
890 1366 907 1386 a
935 1357 1019 1388 Sede
1046 1358 1238 1396 Apostolica

219 1411 422 1449 impetrarat,
441 1409 614 1440 temerario
632 1419 715 1439 ausu
742 1410 921 1448 subripuit,
944 1411 975 1440 et
1000 1420 1018 1441 a
1036 1411 1238 1449 quibusdam

221 1463 294 1500 ejus
312 1463 557 1500 concanonicis,
576 1463 701 1493 malitie
713 1472 771 1493 sue
786 1463 1017 1502 complicibus,
1034 1472 1068 1493 se
1083 1472 1237 1502 procura-

221 1517 269 1547 vit
286 1517 320 1547 in
344 1517 505 1546 decanum
521 1516 778 1547 Olomucensem
797 1516 875 1554 eligi
891 1518 965 1555 post
981 1517 1238 1556 appellationem

221 1570 262 1600 ad
278 1570 398 1601 Sedem
414 1569 639 1608 Apostolicam
656 1569 801 1608 legitime
826 1570 1043 1607 interjectam,
1060 1572 1101 1605 et,
1120 1571 1237 1601 falsato

221 1622 333 1661 sigillo
349 1623 500 1657 ecclesie,
517 1622 580 1652 sub
594 1631 632 1653 eo
647 1622 820 1653 electionis
835 1631 892 1652 sue
909 1623 1036 1652 litteras
1050 1623 1237 1658 fabricavit,

224 1677 256 1706 et
274 1684 340 1706 non
357 1675 467 1705 solum
485 1675 526 1705 ab
544 1684 581 1705 eo
599 1675 744 1705 monitus
765 1675 977 1705 residentiam
994 1675 1029 1705 in
1047 1676 1119 1714 ipsa
1137 1677 1238 1706 eccle-

225 1729 276 1759 sia
292 1729 400 1759 facere
417 1728 564 1767 negligit,
581 1737 699 1759 verum
714 1729 813 1758 etiam
829 1728 913 1758 alios
930 1728 1030 1758 verbo
1042 1730 1074 1758 et
1087 1730 1239 1768 exemplo

227 1781 361 1812 retrahit
384 1781 425 1811 ab
448 1781 575 1815 eadem,
592 1781 676 1812 alias
701 1781 766 1811 sibi
792 1781 937 1811 debitam
959 1780 1183 1812 obedientiam
1209 1783 1240 1812 et

227 1835 447 1865 reverentiam
463 1834 668 1873 denegando.
688 1835 783 1866 Unde
806 1834 978 1864 humiliter
1003 1835 1096 1874 petiit.
1112 1837 1147 1865 ut
1163 1844 1239 1866 eum

226 1887 265 1917 de
283 1887 429 1926 perjurio
441 1888 471 1917 et
489 1887 631 1917 falsitate
649 1887 774 1926 puniri,
787 1887 953 1926 compesci
969 1887 1009 1917 ab
1026 1889 1239 1927 occupatione

227 1939 417 1975 decanatus,
429 1948 527 1979 quem
542 1940 619 1969 talis
635 1939 808 1970 electionis
821 1942 971 1979 pretextu
984 1940 1049 1970 sibi
1064 1941 1239 1971 vendicare
1269 1974 1270 1985 ἵ

226 1993 405 2028 contendit,
413 1992 567 2032 compelli
577 1992 618 2022 ad
629 1993 871 2022 restitutionem
880 1993 1064 2022 litterarum
1078 1993 1237 2032 ipsarum,

226 2047 258 2077 et
275 2046 305 2076 ei
334 2054 435 2084 super
459 2045 534 2075 aliis
559 2045 646 2084 quod
671 2045 799 2084 justum
823 2047 872 2075 cst
889 2045 961 2075 sieri
991 2045 1238 2076 mandaremus.

227 2099 346 2130 Dictus
357 2107 435 2129 vero
445 2098 613 2137 magister,
629 2098 772 2128 obtentis
787 2106 886 2137 super
900 2098 960 2128 hoc
973 2098 1090 2128 litteris
1106 2098 1139 2129 in
1151 2107 1239 2128 com-

228 2152 322 2183 muni
357 2151 538 2187 audientia,
569 2151 798 2182 contradicens
825 2152 995 2190 proposuit
1028 2160 1069 2180 ex
1099 2152 1239 2182 adverso

226 2205 315 2244 quod
343 2205 521 2244 episcopus
547 2204 608 2234 hoc
623 2204 708 2234 falso
734 2204 928 2242 contingens
949 2204 1098 2239 infamis,
1116 2205 1239 2235 famam

225 2258 298 2297 ejus
313 2258 428 2288 nititur
444 2257 614 2296 sugillare,
630 2265 784 2287 asserens
799 2257 899 2295 quod,
918 2265 993 2286 cum
1013 2257 1099 2287 idem
1115 2257 1239 2296 episto-

225 2319 287 2350 pus
304 2311 470 2341 dubitaret
488 2320 528 2341 ne
545 2318 603 2348 per
618 2310 703 2340 bone
720 2310 878 2340 memorie
893 2309 1057 2340 G.Sancti
1074 2309 1240 2341 Theodori

225 2364 402 2394 diaconum
418 2363 633 2399 cardinalem,
653 2365 730 2393 tunc
747 2363 779 2392 in
798 2362 948 2402 partibus
963 2363 1030 2393 illis
1050 2363 1240 2402 Apostolice

226 2417 323 2449 Sedis
344 2417 502 2456 legatum,
539 2416 632 2447 fieret
656 2416 827 2455 inquisitio
844 2418 958 2446 contra
986 2416 1108 2455 ipsum,
1139 2425 1239 2446 manu

225 2470 301 2501 data
327 2470 481 2510 promisit
509 2470 617 2501 eidem
642 2469 730 2508 quod
757 2469 790 2499 in
809 2469 900 2499 nullo
924 2469 1033 2509 ipsum
1050 2470 1239 2506 offenderet,

227 2523 286 2554 sed
302 2523 441 2558 foveret,
458 2524 593 2563 propter
618 2523 707 2561 quod
733 2524 763 2552 et
783 2522 852 2561 ipse
869 2522 933 2552 sibi
950 2531 1051 2552 manu
1067 2522 1144 2552 data
1167 2531 1241 2562 pro-

228 2575 318 2606 misit
344 2576 434 2615 quod
455 2575 598 2606 libenter
615 2575 643 2605 ei
669 2574 779 2605 debito
798 2574 896 2604 modo
919 2574 1070 2608 serviret,
1089 2575 1116 2604 si
1135 2575 1174 2604 (10
1193 2583 1242 2605 ce-

227 2630 295 2660 tero
311 2637 330 2659 a
346 2628 505 2668 gravibus
520 2629 552 2658 ct
566 2627 760 2658 enormibus
778 2627 972 2657 excessibus
999 2636 1082 2666 quos
1108 2627 1241 2657 commi-

227 2682 325 2716 serat,
342 2682 374 2712 et
390 2681 578 2721 specialiter
594 2690 612 2711 a
628 2680 890 2719 frequentatione
907 2680 1099 2710 monasterii
1115 2680 1240 2710 (tunni-

227 2735 349 2771 censis,
359 2735 446 2766 unde
461 2735 567 2766 factus
580 2736 647 2765 erat
660 2734 775 2765 inultis
785 2735 818 2764 in
828 2734 1035 2769 scandalum,
1047 2734 1240 2769 abstineret,

229 2788 365 2819 omnino
386 2788 540 2818 inficians
557 2796 593 2818 se
609 2787 674 2817 sibi
691 2787 918 2826 juramentum
934 2787 1023 2817 aliud
1041 2787 1238 2826 prestitisse.

230 2841 358 2880 Adjecit
384 2849 516 2880 quoque
545 2840 631 2871 idem
666 2840 823 2879 magister
850 2839 939 2878 quod
966 2847 1076 2878 regem
1106 2839 1241 2869 Boemic

227 2895 342 2924 contra
358 2901 435 2923 eum
457 2893 648 2924 nullatenus
662 2893 852 2928 concitarat,
878 2892 932 2922 sed
950 2892 1116 2931 mitigaret
1132 2892 1243 2931 potius

231 2946 442 2977 concitatum.
456 2945 707 2985 Surreptionem
723 2947 834 2976 autem
851 2945 1034 2975 litterarum
1050 2946 1081 2975 et
1098 2944 1242 2975 falsatio-

1300 346 1374 368 nem
1395 338 1497 375 sigilli
1518 339 1650 377 penitus
1670 348 1805 378 negans
1825 341 1975 379 adjunxit
1993 345 2079 382 quod
2098 345 2129 374 iu
2146 346 2307 375 decanum

1300 391 1555 422 Olomucensem
1573 401 1607 421 se
1625 401 1792 431 nunquam
1808 394 1885 431 eligi
1904 398 2103 433 procuravit,
2128 398 2184 435 qui
2204 400 2233 428 et
2255 407 2308 437 po-

1298 444 1366 474 tius
1382 444 1535 474 electioni
1549 445 1588 475 110
1605 453 1639 476 se
1655 446 1737 476 facte
1755 446 1861 477 victus
1874 448 2065 485 ==ligenti11111
2084 451 2223 481 infinitis
2238 460 2308 490 pre—

1299 497 1394 527 cibus
1406 497 1463 526 vix
1472 499 1650 533 consensit,
1669 500 1699 529 et
1714 499 1800 538 quod
1819 500 1888 539 ipse
1902 501 1933 530 in
1947 502 2083 533 ccclesia
2097 503 2309 534 Olomucensi

1301 558 1367 580 non
1389 550 1522 584 residet,
1542 550 1639 581 habet
1663 560 1704 581 ex
1730 553 1911 591 apostolica
1935 553 2139 591 indulgentia
2162 556 2309 594 speciali.

1300 603 1437 632 Addidit
1453 604 1589 642 insuper
1606 613 1640 633 se
1657 605 1800 635 debitam
1816 607 2033 636 reverentiam
2048 609 2075 637 01
2090 608 2310 639 obedientiam

1300 656 1455 695 episcopo
1478 657 1670 687 nullatenus
1690 658 1882 697 denegasse,
1907 660 1963 689 sed
1988 660 2042 689 ille
2067 660 2149 691 forto
2186 664 2311 700 reputat

1301 709 1494 748 denegatam
1511 718 1552 740 ex
1570 719 1607 740 eo
1623 711 1711 749 quod
1732 712 1817 741 idem
1840 712 2045 742 facinoribus
2063 723 2126 744 non
2145 715 2311 744 consensit

1301 762 1405 797 illius,
1434 762 1575 801 quinon
1594 764 1701 793 solum
1726 772 1760 794 se
1778 764 1886 804 ipsum
1915 766 1946 795 in
1970 766 2120 804 partibus
2148 767 2213 796 illis
2239 776 2311 797 0011-

1301 815 1521 855 temptibilem
1546 817 1700 852 reddidit,
1723 818 1780 847 sed
1807 820 1909 848 totum
1937 819 2087 849 ‹tn-dinem
2114 820 2310 850 clericalem.

1302 867 1385 905 Quia
1401 877 1479 898 vero
1498 868 1594 899 nobis
1612 878 1676 899 non
1698 870 1844 900 constitit
1860 871 1899 901 (10
1917 872 2102 910 premissis,
2120 872 2312 902 discretioni

1301 921 1409 951 vestre
1426 921 1466 951 (10
1484 921 1591 960 ipsius
1606 923 1757 961 magistri
1774 924 1804 952 et
1821 923 1898 953 dicti
1919 924 2064 963 episcopi
2090 925 2312 963 procuratoris

1301 983 1451 1010 assensu,
1471 983 1529 1013 per
1555 976 1737 1015 apostolica
1765 976 1885 1016 scripta
1912 978 2110 1007 mandamus
2137 980 2310 1016 quatenus,

1299 1081 1429 1120 positis,
1442 1082 1530 1119 quod
1542 1082 1740 1112 canonicum
1754 1083 1865 1118 fuerit„
1879 1084 2101 1122 appellatione
2117 1085 2310 1123 postposita,

1299 1134 1464 1170 statuatis,
1481 1134 1640 1165 facientes
1656 1135 1745 1173 quod
1762 1136 1943 1166 statueritis
1958 1145 2202 1175 percensuram
2217 1138 2313 1167 eccle-

1299 1187 1467 1218 siasticam
1481 1188 1663 1217 observari.
1677 1188 1773 1223 Quod
1785 1188 1813 1218 si
1830 1198 1894 1218 non
1906 1198 2022 1219 omnes
2034 1189 2099 1219 biis
2111 1190 2314 1228 exequendis

1299 1241 1474 1278 potueritis
1516 1241 1687 1276 interesse,
1720 1241 1784 1271 11110
1815 1244 1962 1272 vestrum
1992 1251 2031 1272 ea
2070 1242 2310 1273 nichilominus

1300 1295 1516 1332 exequantur.
1536 1294 1611 1323 Dat.
1629 1294 1795 1328 laterani,
1813 1296 1842 1324 ΙΙ
1858 1295 2017 1325 kalendas
2034 1295 2161 1334 aprilis,
2180 1296 2313 1334 pontifi-

1299 1348 1392 1376 catus
1409 1346 1512 1376 nostri
1532 1355 1617 1376 anno
1636 1347 1755 1385 primo.
1777 1359 1792 1374 »

1366 1508 1388 1539 8
1877 1508 1994 1541 Latran,
2012 1510 2046 1536 30
2065 1517 2143 1536 mars
2163 1510 2238 1535 1227.

1334 1591 1465 1618 Dominis
1481 1592 1515 1618 de
1532 1592 1696 1618 Sarmineto
1712 1591 1829 1630 mandat
1843 1593 1985 1626 quatenus
1999 1595 2121 1627 quatuor
2135 1593 2263 1627 ipsorum
2277 1593 2313 1619 ad

1299 1641 1401 1668 Sedem
1425 1641 1619 1675 Apostolicam
1642 1641 1772 1673 mittant,
1790 1648 1876 1675 super
1896 1641 2085 1675 occupatione
2108 1642 2194 1669 castri
2213 1643 2311 1676 Aquae

1299 1689 1445 1721 Putridae,
1463 1691 1491 1716 et
1505 1689 1678 1723 quibusdam
1695 1689 1759 1716 aliis
1777 1689 1861 1715 rebus
1881 1689 2092 1716 satisfacturos.
2112 1705 2145 1709 -—
2165 1690 2247 1724 (Bito.
2270 1690 2310 1721 ¹4,

1298 1738 1320 1766 f.
1335 1740 1352 1765 2
1368 1746 1410 1772 r03
1426 1746 1495 1765 ann.
1515 1738 1535 1770 1,
1551 1746 1576 1765 c.
1594 1739 1626 1771 8;
1647 1753 1680 1758 —
1697 1738 1817 1765 1110111310
1837 1740 1913 1771 1185,
1932 1738 1953 1765 f.
1973 1738 2011 1773 5.)

1342 1844 1356 1857 «
1370 1830 1508 1860 Dominis
1527 1830 1563 1861 de
1581 1830 1769 1861 Sarmineto.
1786 1831 1893 1861 Grave
1913 1831 2061 1870 gerimus
2085 1833 2116 1862 et
2135 1832 2309 1862 molestum

1299 1885 1400 1924 quod,
1426 1885 1511 1914 sicut
1537 1885 1659 1914 nostris
1680 1886 1730 1914 est
1758 1884 1896 1914 auribus
1922 1885 2123 1920 intimatum,
2151 1895 2220 1921 vos,
2247 1894 2310 1915 uon

1299 1937 1444 1968 contenti
1461 1938 1549 1976 quod
1562 1937 1729 1975 quoddam
1745 1937 1965 1967 tenimentum
1982 1938 2081 1968 castri
2097 1939 2199 1968 nostri
2217 1938 2312 1977 Aque

1300 1990 1437 2020 Putride
1448 1990 1632 2020 temeritate
1648 1989 1782 2028 propria
1799 1991 1996 2028 occupastis,
2014 1992 2043 2020 ct
2062 1991 2227 2029 quandam
2239 2001 2311 2030 par-

1300 2045 1365 2074 tem
1382 2042 1554 2082 cujusdam
1567 2042 1651 2073 silve
1672 2043 1778 2081 ipsius
1800 2043 1912 2072 castri.
1930 2043 2088 2073 radicitus
2114 2045 2308 2082 extirpatum

1299 2096 1387 2127 etad
1408 2095 1571 2125 culturam
1581 2095 1759 2131 redactam,
1781 2104 1844 2125 una
1869 2104 1943 2125 cum
1962 2095 2141 2127 tenimento
2164 2097 2309 2135 predicto

1301 2149 1455 2179 detinetis
1474 2148 1507 2178 in
1526 2148 1684 2187 injuriam
1702 2148 1798 2179 Sedis
1827 2148 2015 2186 Apostolice
2034 2151 2238 2188 occupatam,
2253 2158 2311 2179 nu-

1299 2202 1503 2241 persandale
1516 2202 1546 2231 et
1558 2201 1638 2231 retia
1649 2210 1712 2239 quc
1727 2203 1957 2240 procuratores
1969 2202 2078 2231 dilecti
2092 2202 2153 2232 tilii
2165 2203 2314 2241 magistri

1300 2255 1451 2290 Maximi,
1465 2254 1662 2284 subdiaconi
1680 2255 1712 2284 et
1741 2254 1860 2284 notarii
1878 2254 1991 2289 nostri,
2008 2255 2061 2284 cui
2078 2257 2127 2285 est
2151 2255 2191 2285 ab
2209 2257 2312 2295 Apos-

1300 2309 1398 2339 tolica
1425 2308 1509 2339 Sede
1542 2307 1690 2346 ejusdem
1723 2308 1822 2338 castri
1847 2316 1926 2337 cura
1954 2308 2144 2343 commissa,
2175 2309 2207 2339 in
2240 2309 2312 2339 lacu

1300 2362 1407 2401 ipsius
1427 2361 1527 2392 castri
1542 2361 1628 2391 1111111
1645 2361 1789 2391 fecerant
1802 2361 1843 2391 ad
1857 2361 2066 2400 piscandum,
2082 2362 2200 2392 vasalli
2213 2363 2314 2392 vestri

1301 2415 1519 2454 surripientes
1528 2414 1566 2444 110
1580 2415 1672 2444 110010
1683 2414 1832 2452 nequiter
1844 2415 2066 2453 asportarunt,
2080 2416 2191 2445 contra
2200 2424 2313 2454 pacem

1302 2468 1398 2499 nobis
1427 2468 1534 2498 adhuc
1557 2468 1589 2497 in
1611 2467 1733 2497 minori
1751 2467 1861 2498 officio
1882 2468 2070 2497 constitutis
2090 2468 2313 2498 mediantibus

1301 2522 1417 2551 initam
1435 2522 1557 2551 temere
1575 2520 1738 2550 veniendo
1752 2531 1759 2556 ς
1773 2522 1804 2550 01
1822 2521 1973 2559 requisiti
1988 2522 2022 2550 ut
2038 2529 2211 2551 excessum
2230 2522 2314 2552 face-

1301 2574 1378 2604 10115
1404 2573 1595 2613 hujusmodi
1628 2573 1810 2607 emendari,
1839 2573 1946 2603 taliter
1979 2574 2197 2612 respondistis
2226 2575 2313 2613 quod

1300 2627 1452 2657 homines
1466 2626 1567 2656 vestri
1581 2626 1638 2656 hcc
1652 2626 1723 2656 sine
1736 2627 1844 2656 vestra
1854 2626 2055 2656 conscientia
2068 2629 2310 2665 perpetrarant:

1303 2681 1531 2710 verumtamen
1556 2679 1639 2709 bene
1664 2679 1794 2709 velletis
1819 2681 1854 2709 ut
1882 2679 2035 2709 homines
2061 2680 2117 2718 qui
2142 2680 2173 2710 in
2199 2681 2313 2711 eodem

1302 2733 1376 2763 lacu
1401 2733 1482 2763 retia
1498 2733 1659 2763 miserant
1684 2732 1892 2762 invenissent
1910 2733 1940 2762 et
1957 2733 2179 2772 perdidissent
2202 2734 2236 2764 in
2262 2742 2311 2764 00.

1303 2787 1337 2816 111
1355 2786 1432 2816 aliis
1447 2794 1579 2825 quoque
1598 2786 1662 2824 ipsi
1680 2785 1839 2824 magistro
1854 2787 1885 2815 01
1909 2785 2101 2816 hominibus
2122 2787 2220 2816 castri
2243 2795 2313 2826 pre,

1303 2839 1360 2869 fati
1376 2838 1529 2869 homines
1542 2839 1643 2868 vestri
1656 2838 1834 2868 inferentes
1849 2838 2003 2877 injuriam
2018 2838 2214 2877 etjacturas.
2232 2839 2314 2869 Cum

1305 2891 1404 2930 igitur
1425 2891 1484 2922 hec
1507 2891 1539 2921 in
1565 2891 1754 2930 Apostolice
1771 2891 1867 2922 Sedis
1895 2891 2079 2921 redundent
2105 2891 2258 2931 injuriam
2285 2893 2315 2920 01

1304 2945 1542 2983 contemptum,
1560 2952 1658 2982 quem
1683 2943 1852 2978 uolumus,
1869 2943 1966 2974 sicuti
1983 2952 2042 2974 1100
2065 2944 2234 2977 debemus,
2254 2944 2316 2973 sub
