2498 3242
200 258 257 288 901
1058 246 1271 283 SEPTIEME
1294 246 1454 283 ANNEE.
2252 256 2311 286 9022

202 323 416 362 precipiendo
450 322 646 352 mandamus
678 327 844 361 quatenus
883 321 1037 352 scabinos
1071 318 1217 349 civitatis

199 376 358 416 jamdicte
387 376 444 415 qui
474 385 532 414 pro
557 379 701 414 tempore
731 376 872 410 fuerint,
904 379 939 405 ut
963 384 979 404 a
1008 378 1074 404 tam
1102 373 1218 411 iniqua

203 429 374 460 exactione
388 428 521 467 penitus
537 428 791 467 conquiescant,
811 433 876 458 tam
894 427 1089 458 auctoritate
1107 429 1217 455 nostra

203 490 304 522 quam
322 485 395 515 tua,
413 480 601 519 compellas.
626 482 699 511 Dat.
720 481 892 515 Laterani,
914 481 980 510 1111
997 479 1072 509 idus
1088 478 1218 508 decem-

203 534 290 570 bris,
308 543 396 564 anno
412 534 564 572 septimo.
582 546 594 560 n

280 719 300 746 Ι
309 719 397 747 635

240 780 504 815 Archipresbytero
524 780 560 807 de
582 780 704 816 Rupeila
728 781 841 807 mandat
857 785 1002 815 quatenus
1017 779 1217 806 senescalcum

203 830 282 863 regis
299 829 421 863 Angtiae
435 832 463 856 et
474 829 572 863 plures
586 830 659 856 alios
674 830 827 864 compellat
840 833 870 856 nt
883 829 1011 856 Gerardo
1022 829 1058 855 (le
1072 828 1218 854 Pexannio

202 879 248 911 (=
274 876 432 911 Pessagno)
458 877 595 911 fratrique
620 880 700 912 ejus,
727 878 841 904 civibus
863 877 1079 909 Januensibns,
1105 880 1218 903 extorta

203 926 368 953 restituant.
380 926 506 961 —(Rso.
524 927 565 959 17,
578 927 597 954 s.
614 928 661 954 ¹12
674 933 720 960 v⁰;
733 936 800 954 ann.
815 926 881 959 VII,
898 935 922 954 c.
941 926 1015 960 398.)

718 719 830 750 Lati-an,
852 720 880 746 15
896 719 1049 746 decembre
1070 718 1146 745 1233.

246 1041 258 1054 «
287 1051 306 1057 ..
328 1029 583 1066 archipresbitero
610 1029 644 1057 de
670 1029 812 1067 Rupella,
839 1029 1058 1058 Xanctoneasi‘s
1081 1028 1216 1057 diocesis.

203 1080 373 1112 Gerardus
389 1080 428 1111 de
443 1081 613 1111 Pexannio
628 1082 637 1102 ¹
654 1085 685 1111 et
703 1105 723 1110 ..
743 1081 846 1111 frater
863 1081 946 1120 ejus,
964 1081 1053 1110 cives
1072 1081 1218 1111 Januen-

202 1142 276 1167 ses,
300 1133 448 1164 exhibita
470 1134 566 1164 nobis
587 1134 748 1172 petitione
770 1138 996 1164 monstrarunt
1021 1133 1125 1172 quod.
1144 1142 1219 1163 cum

202 1186 286 1225 ipsi,
305 1186 466 1217 elationes
490 1187 592 1217 maris
613 1186 735 1226 quibus
761 1195 874 1216 eornm
891 1187 986 1216 navis
1006 1186 1220 1217 vehementer

203 1239 350 1278 impulsa
380 1240 554 1270 ridebatur
584 1240 723 1270 dissolvi
750 1240 924 1273 continuo,
961 1239 1147 1276 fugientes,
1179 1240 1219 1270 ad

203 1297 337 1332 portum
352 1292 493 1331 Rupelle
509 1293 544 1322 in
562 1293 710 1323 Pictavia
722 1292 783 1323 sub
800 1302 856 1331 spe
874 1292 1004 1328 salutis,
1018 1302 1117 1331 qnam
1134 1293 1219 1324 dono

203 1345 318 1376 divine
330 1345 506 1375 clementie
520 1350 597 1375 sunt
613 1345 734 1384 adepti,
750 1345 950 1376 fiducialiter
963 1345 1181 1382 declinarent,
1196 1370 1218 1376 ..

203 1397 417 1429 senescalcus
444 1398 612 1428 carissimi
643 1398 678 1428 in
706 1398 841 1430 Christo
868 1398 931 1428 filii
955 1399 1061 1429 nostri
1086 1422 1106 1428 ..
1129 1400 1219 1437 regis

202 1450 325 1489 Anglie
346 1450 502 1487 illustris,
521 1455 552 1481 et
572 1474 592 1481 ..
612 1451 703 1482 filius
724 1451 906 1482 senescalci
927 1451 1087 1491 ejusdem,
1107 1461 1143 1481 ac
1159 1452 1220 1482 ho-

201 1504 312 1534 mines
333 1503 372 1534 de
394 1503 508 1534 insula
523 1504 677 1535 Oleronis
697 1508 729 1535 et
745 1505 881 1544 quidam
897 1504 956 1535 alii
970 1505 1219 1536 Xanctonensis

202 1557 348 1587 diocesis
365 1556 405 1587 ab
421 1557 481 1593 eis,
500 1566 583 1596 quos
599 1557 684 1588 falso
700 1557 879 1597 pertulisse
893 1558 1108 1596 naufragium
1128 1566 1220 1588 asse-

202 1609 341 1646 rebant,
369 1610 537 1649 quandam
561 1611 702 1650 pecunie
727 1620 892 1641 summam
917 1614 947 1641 et
972 1619 1026 1640 res
1051 1610 1135 1640 alias
1161 1619 1220 1649 per

201 1662 400 1693 violentiam
425 1666 646 1694 extorserunt.
671 1664 753 1695 Cum
776 1663 880 1702 igitur
902 1663 1079 1701 indignum
1098 1663 1142 1693 sit
1163 1667 1217 1699 ut,

200 1725 286 1756 quos
302 1716 435 1747 dextera
451 1716 649 1754 Salvatoris‚
668 1726 710 1748 ne
725 1721 966 1756 mergerentur,
983 1717 1103 1754 erexit,
1120 1727 1220 1748 vexa-

202 1769 353 1800 tionibus
364 1769 554 1809 aliquorum
567 1774 683 1801 contra
690 1770 859 1810 justitiam
871 1770 1111 1809 deprimantur,
1124 1779 1220 1801 man-

201 1822 320 1853 damus
347 1827 532 1862 quatenus,
566 1823 595 1853 si
622 1828 672 1854 est
701 1823 764 1860 ita,
799 1823 904 1854 dictos
932 1823 1161 1854 senescalcum
1188 1828 1220 1855 et

201 1875 287 1906 alios
307 1879 344 1906 ut
365 1876 492 1906 eisdem
514 1876 644 1907 civibus
666 1877 847 1907 restituant
869 1877 917 1907 sic
942 1881 1083 1912 extorta,
1110 1877 1219 1907 moni-

198 1929 290 1959 tione
306 1929 481 1967 premissa,
494 1938 552 1968 per
567 1938 743 1960 censuram
760 1929 1033 1965 eeclesiasticam,
1052 1930 1138 1960 sicut
1150 1931 1219 1969 jus-

199 1985 271 2012 tum
288 1981 408 2017 fuerit,
425 1991 530 2012 usura
547 1987 715 2018 cessante,
733 1982 955 2021 appellatione
974 1987 1111 2018 remota,
1129 1992 1219 2013 com-

199 2034 318 2074 pellas.
347 2035 485 2066 Proviso
510 2044 551 2066 ne
579 2035 614 2065 in
640 2035 897 2066 universitatem
924 2036 963 2066 de
989 2036 1130 2074 Rupella
1155 2041 1216 2067 etc.

196 2088 316 2119 Testes
329 2092 439 2118 autem
452 2092 514 2118 etc.
527 2089 602 2118 Dat.
617 2088 785 2123 Laterani,
798 2089 912 2119 XVIII
923 2088 1084 2119 kalendas
1097 2089 1218 2129 janua-

199 2140 260 2177 rii,
278 2149 365 2171 anno
379 2141 532 2179 septimo.
551 2153 565 2168 v>

275 2332 392 2361 ¹63ss
715 2332 830 2366 Latmo,
850 2333 880 2361 18
894 2333 1050 2361 decembre
1070 2334 1145 2363 1233.

236 2394 346 2423 Abbati
369 2393 467 2421 Sancti
490 2393 628 2421 Germani
654 2394 691 2421 de
713 2393 822 2428 Pratis,
849 2399 879 2422 et
901 2395 1001 2423 Sancti
1021 2396 1159 2423 Germani
1182 2397 1218 2424 de

201 2443 298 2470 Pratis
320 2447 349 2470 et
373 2443 498 2470 Sanctae
518 2442 686 2470 Genovet'ae
707 2442 917 2471 Parisiensium
942 2445 1088 2480 prioribus
1104 2447 1219 2473 mandat

198 2496 346 2528 quatenns
363 2500 419 2519 non
437 2491 606 2527 permittant
623 2491 740 2519 Petrum
757 2492 1002 2527 Bonaventuram,
1020 2496 1217 2530 praepositum

200 2542 345 2568 ecclesiae
361 2540 551 2568 Carnotensis
567 2541 595 2568 in
612 2540 800 2575 Normannia,
817 2546 951 2578 nepotem
971 2543 1129 2579 R1omani1,
1148 2544 1218 2571 Por-

199 2590 315 2618 tuensis
337 2590 440 2622 electi,
466 2598 556 2625 super
582 2590 732 2618 beneficiis
755 2591 818 2618 suis
839 2592 996 2620 molestari.
1013 2607 1046 2613 —
1063 2593 1147 2626 (Rau.
1172 2594 1217 2627 17,

200 2640 222 2668 f.
242 2640 291 2667 112
306 2645 353 2672 v⁰;
369 2647 436 2666 ann.
455 2638 521 2672 Vn,
539 2647 566 2667 c.
582 2639 657 2673 399.)

243 2754 256 2768 ιι
279 2765 298 2770 ..
316 2741 419 2771 abbati
442 2741 550 2771 Sancti
571 2741 719 2771 Germani
743 2742 776 2771 de
795 2743 914 2778 Prati’s,
936 2749 961 2773 et
981 2767 1000 2773 ..
1020 2745 1128 2774 Sancti
1147 2745 1219 2775 Ger-

201 2796 295 2825 mani
316 2795 350 2824 de
370 2795 472 2824 Pratis
493 2799 521 2823 et
545 2817 566 2823 ..
587 2794 696 2824 Sancte
719 2795 862 2833 Genorese
878 2798 1038 2835 prioribus
1060 2798 1220 2828 Parisien-

230 2928 253 2953 1.
269 2930 320 2953 Mc.
337 2936 345 2952 .-
360 2927 492 2952 Pexfimo.

1301 320 1394 348 siam.
1419 319 1489 349 Etsi
1512 328 1577 349 non
1599 320 1641 350 sit
1657 337 1707 349 —.
1725 321 1796 350 Dat.
1820 320 1985 352 Laterani,
2006 321 2066 350 XV
2088 320 2245 352 kalendas
2260 322 2313 361 ja-

1302 372 1424 407 nuarii,
1444 380 1530 401 anno
1547 372 1696 410 septimo.
1720 386 1731 399 »

1378 549 1491 578 ¹832

1337 611 1480 646 Episcopo
1511 611 1720 645 Argentinensi
1751 611 1863 636 mandat
1893 616 2036 645 qnatenus
2062 612 2096 638 A.
2122 611 2262 638 decanum
2286 618 2312 637 et

1810 549 1922 579 Latrat»,
1943 550 1972 576 18
1989 550 2142 576 decembre
2162 550 2237 577 1233.

1301 660 1441 694 quosdam
1458 660 1529 686 alios
1544 661 1700 686 canonicos
1719 659 1938 693 llerbipolensts
1954 661 2105 688 e‹·c1c<i220,
2120 661 2271 686 molientes
2285 667 2314 686 ut

1302 708 1337 735 11.
1355 713 1383 734 et
1399 708 1445 734 alii
1462 708 1497 734 de
1511 708 1649 743 progenie
1662 708 1773 734 iliorum
1786 708 1835 743 qui
1851 708 2045 742 [Com-aduinl,
2061 717 2230 743 episcopum
2246 709 2314 735 ller-

1302 757 1492 792 bipolensem,
1512 757 1687 788 occiderant,
1706 757 1732 782 in
1751 756 1812 791 ipsa
1825 756 1948 782 ecclesia
1965 757 2103 782 beneficia
2116 758 2314 784 ecclesiastica

1301 810 1567 840 consequerentur,
1586 813 1639 831 nec
1662 814 1716 831 non
1735 809 1764 831 et
1779 804 1827 836 C.,
1846 805 1953 831 dictum
1970 804 2107 839 Suegrer.
2129 810 2157 831 et
2173 806 2312 840 quosdam

1301 855 1372 881 alios
1395 855 1484 881 laicos
1508 854 1634 880 civitatis
1661 857 1688 880 et
1712 853 1858 880 dioecesis
1884 853 2118 887 Hei-bipolensis,
2141 854 2313 881 consilium.

1301 904 1440 930 auxilium
1458 906 1486 929 et
1503 903 1628 928 savorem
1643 906 1823 937 praestantes
1838 901 2011 936 quibusdam
2025 902 2104 928 laicis
2116 902 2150 927 (ie
2163 902 2237 928 dicta
2251 910 2316 936 pro-

1301 953 1386 987 genie
1403 952 1431 978 in
1450 951 1593 986 praedicta
1609 950 1724 977 civitate
1749 954 1777 976 et
1798 950 1926 977 dioecesi
1948 951 2112 977 volentibus
2132 950 2313 977 commorari.

1301 1001 1452 1035 compellat
1484 1005 1514 1026 ut
1542 1000 1577 1026 ab
1607 1008 1640 1026 ea
1669 1001 1904 1034 praesumptione
1934 999 2086 1025 desistant.
2104 1014 2135 1018 —
2159 999 2239 1032 (Rea.
2267 999 2313 1026 17.

1300 1050 1319 1076 1“.
1342 1050 1390 1076 1Ιῖ
1411 1056 1454 1080 v⁰;
1473 1057 1539 1075 ann.
1563 1048 1628 1079 Vll,
1650 1057 1675 1075 c.
1693 1048 1759 1078 400;
1773 1063 1805 1067 —
1823 1048 1991 1074 Ronannsno
2011 1048 2084 1080 568.)

1344 1164 1356 1178 (ι
1384 1174 1402 1180 ..
1428 1152 1562 1189 episcopo
1587 1152 1816 1188 Argentiuensi.
1846 1150 1891 1180 Ex
1919 1154 2010 1188 parte
2037 1149 2238 1179 venerahilis
2264 1167 2312 1178 -.

1301 1206 1375 1235 Dat.
1398 1204 1569 1239 Laterani,
1587 1205 1648 1234 XV
1664 1203 1823 1234 kalendas
1840 1203 2006 1242 januarii,
2025 1212 2112 1233 anno
2129 1203 2279 1241 septimo.
2301 1215 2312 1228 υ

1375 1391 1491 1420 1638
1817 1388 1929 1421 Latran,
1946 1389 1979 1416 20
1995 1389 2148 1415 decembre
2167 1389 2243 1417 1233.

1337 1453 1506 1479 Patracensi
1525 1452 1744 1486 archiepiscopo
1766 1451 1880 1477 mandat
1899 1455 2044 1485 quatenus
2061 1459 2158 1485 pacem
2176 1451 2219 1477 vet
2236 1455 2316 1477 tren-

1301 1511 1366 1537 gam
1387 1510 1453 1528 cum
1474 1500 1594 1528 Graecis
1615 1500 1779 1526 infidelibus
1798 1504 1910 1534 praeter
1931 1508 2086 1526 assensum
2108 1499 2255 1526 Godesridi
2280 1500 2315 1526 de

1303 1551 1378 1578 Villa
1399 1549 1563 1584 Arduinffl,
1589 1549 1730 1584 principis
1752 1548 1880 1575 Achaiae
1902 1556 1936 1574 ac
1958 1547 2115 1574 Romaniae
2137 1548 2314 1579 senescalci,

1302 1600 1375 1627 inire
1393 1608 1448 1626 non
1466 1602 1642 1634 praesumat.
1655 1612 1691 1618 —
1705 1597 1789 1631 (Rea.
1808 1598 1849 1629 17,
1867 1597 1886 1624 f.
1907 1597 2011 1629 1131·⁰;
2029 1606 2095 1623 ann,
2115 1597 2179 1626 Vll,
2198 1605 2224 1624 c.
2241 1597 2314 1629 40¹.)

1345 1715 1357 1729 «
1379 1725 1396 1731 ..
1416 1702 1595 1731 Patr-acensi
1613 1701 1852 1738 archiepiscopo.
1874 1699 2091 1737 Significante
2113 1699 2231 1729 dilecto
2247 1698 2316 1728 filio

1303 1754 1408 1785 nobili
1430 1754 1502 1784 viro
1525 1754 1564 1784 G.
1588 1753 1627 1783 de
1644 1753 1734 1784 Villa
1755 1752 1940 1790 Arduin[i],
1962 1752 2112 1790 principe
2134 1751 2258 1781 Achate
2279 1760 2316 1781 ac

1303 1808 1466 1839 Romanie
1483 1807 1683 1843 senescallo,
1701 1816 1760 1837 nos
1784 1806 1916 1836 noveris
1935 1806 2102 1844 accepisse
2120 1805 2224 1844 qnod,
2243 1813 2315 1834 cum

1301 1862 1389 1892 idem
1409 1861 1449 1891 ad
1467 1860 1723 1899 expugnandum
1746 1859 1892 1889 Ecclesie
1914 1859 2070 1889 inimicos
2094 1859 2170 1888 totis
2190 1858 2316 1887 vii-ihus

1303 1916 1466 1947 elaboret,
1486 1919 1537 1949 tu,
1556 1914 1643 1944 sicut
1659 1913 1830 1950 convenit.
1850 1922 1914 1942 non
1935 1912 2109 1942 attendens
2127 1911 2212 1950 quoil
2230 1916 2263 1941 tn
2286 1915 2317 1940 et

1303 1968 1444 1998 ecclesia
1462 1967 1522 1996 tibi
1539 1967 1716 1996 commissa
1736 1967 1934 1996 Pati-accuse
1955 1970 2099 1995 castrum
2121 1974 2194 1994 cum
2214 1963 2316 2002 perti-

1303 2021 1428 2051 nentiis
1445 2021 1515 2049 suis
1532 2019 1711 2049 obtineatis
1727 2019 1768 2048 ab
1786 2019 1869 2056 ipso,
1887 2018 2035 2056 illudque
2053 2017 2117 2046 sibi
2135 2016 2314 2047 teneamini

1303 2073 1475 2111 assignare
1497 2072 1701 2110 temporibus
1721 2071 1909 2110 oportunis,
1931 2075 1965 2100 nt
1983 2070 2100 2100 exinde
2122 2070 2191 2099 suis
2213 2069 2315 2099 resis-

1303 2131 1370 2157 tere
1388 2125 1494 2156 valeat
1515 2125 1679 2159 inimicis,
1701 2133 1738 2154 eo
1759 2127 1946 2161 contempto
1963 2127 1990 2152 et
2010 2122 2202 2161 irrequisito
2221 2121 2316 2160 peni-

1302 2183 1373 2213 tus,
1394 2187 1468 2208 cum
1485 2178 1601 2208 Grecis
1619 2177 1830 2209 infidelibus,
1849 2177 1909 2206 Dei
1932 2180 1963 2206 et
1980 2175 2125 2205 Ecclesie
2147 2175 2312 2209 inimicis,

1302 2231 1482 2271 aliquando
1499 2235 1672 2269 treuguas,
1690 2229 1857 2260 interdum
1871 2238 1949 2259 vero
1966 2229 2055 2267 pacis
2070 2228 2192 2258 federa.
2211 2227 2315 2257 lihero

1303 2285 1351 2315 eis
1368 2285 1408 2314 ad
1424 2289 1545 2314 terram
1562 2293 1656 2314 suam
1674 2283 1816 2313 transitu
1834 2291 1891 2321 per
1907 2287 2051 2312 castrum
2069 2290 2225 2311 concesso
2242 2289 2315 2319 pre-

1301 2339 1425 2373 fatum,
1443 2346 1501 2376 pro
1522 2341 1576 2367 tue
1594 2336 1775 2366 voluntatis
1798 2335 1936 2365 arbitrio
1958 2334 2043 2364 inire
2064 2334 2246 2372 presnmis,
2267 2333 2315 2363 cis

1302 2390 1459 2421 victualia
1477 2389 1717 2420 nichilominus
1740 2393 1771 2419 et
1792 2388 1857 2418 alia
1876 2387 2064 2417 neccssaria
2082 2386 2313 2416 ministrando.

1302 2445 1411 2481 Quare
1433 2453 1451 2474 a
1471 2443 1567 2473 nobis
1583 2442 1757 2473 humiliter
1776 2441 1961 2480 postulabat
1980 2445 2031 2470 ut.
2052 2450 2125 2470 cum
2142 2439 2314 2469 occasione

1302 2497 1495 2537 hujusmodi
1511 2505 1610 2535 grave
1630 2495 1815 2535 periculum
1833 2495 2004 2524 immincat
2021 2499 2104 2523 tcrre
2122 2502 2191 2523 sue.
2210 2493 2315 2522 idem-

1303 2560 1366 2589 que
1389 2559 1425 2580 ac
1447 2549 1600 2579 homines
1622 2549 1674 2579 sui
1695 2553 1827 2586 propter
1850 2547 1910 2577 lior
1935 2546 2179 2585 quanntilnrinia
2202 2545 2314 2583 sepius

1302 2603 1496 2642 gravamina
1512 2601 1734 2632 sustinuerint
1754 2601 1914 2630 hactenus
1937 2608 1973 2629 ac.
1997 2599 2103 2628 adhuc
2127 2598 2314 2628 sustineant

1302 2661 1333 2687 et
1347 2657 1511 2696 jacturas,
1536 2654 1708 2694 providere
1731 2662 1830 2692 super
1850 2653 1917 2682 hiis
1934 2652 1973 2682 de
1990 2651 2195 2689 benignitate
2219 2650 2314 2681 Sedis

1302 2709 1490 2748 Apostoliee
1513 2708 1738 2746 dignaremur.
1763 2707 1845 2738 Cum
1869 2706 1972 2743 igitur
1995 2704 2203 2743 prudentiam
2225 2708 2313 2733 tuam

1302 2772 1377 2793 cum
1405 2761 1598 2792 infidelibus
1629 2760 1806 2790 antedictis
1833 2759 1929 2789 sedus
1958 2757 2091 2796 aliquod
2119 2756 2314 2786 contrahere

1302 2815 1440 2845 mininie
1465 2815 1593 2849 deceat,
1613 2812 1827 2852 precipiendo
1850 2811 2047 2841 mandamus
2073 2814 2237 2849 qnatenus
2259 2817 2315 2847 pa-

1302 2877 1373 2898 cem
1396 2867 1448 2898 vel
1470 2872 1644 2905 treuguam
1665 2874 1740 2896 cum
1763 2865 1811 2895 eis
1829 2869 1939 2903 preter
1959 2871 2133 2893 assensum
2155 2860 2315 2900 principis

1302 2920 1503 2960 supradicti,
1520 2920 1555 2950 in
1571 2918 1751 2950 orthodoxe
1768 2917 1844 2948 fidei
1860 2917 2084 2956 professorum
2100 2920 2131 2945 et
2146 2914 2314 2953 provincie
