<?xml version="1.0" encoding="UTF-8"?>
<!DOCTYPE html PUBLIC "-//W3C//DTD XHTML 1.0 Transitional//EN"
    "http://www.w3.org/TR/xhtml1/DTD/xhtml1-transitional.dtd">
<html xmlns="http://www.w3.org/1999/xhtml" xml:lang="en" lang="en">
 <head>
  <title>
</title>
<meta http-equiv="Content-Type" content="text/html;charset=utf-8" />
  <meta name='ocr-system' content='tesseract 3.04.00' />
  <meta name='ocr-capabilities' content='ocr_page ocr_carea ocr_par ocr_line ocrx_word'/>
</head>
<body>
  <div class='ocr_page' id='page_1' title='image "./lesregistresdegr01cathuoft_0435.png"; bbox 0 0 2498 3242; ppageno 0'>
   <div class='ocr_carea' id='block_1_1' title="bbox 235 227 2343 274">
    <p class='ocr_par' dir='ltr' id='par_1_1' title="bbox 235 227 2343 274">
     <span class='ocr_line' id='line_1_1' title="bbox 235 227 2343 274; baseline -0.002 -4"><span class='ocrx_word' id='word_1_1' title='bbox 235 243 292 274; x_wconf 78' lang='lat'>853</span> <span class='ocrx_word' id='word_1_2' title='bbox 1090 228 1304 267; x_wconf 67' lang='lat' dir='ltr'>summm</span> <span class='ocrx_word' id='word_1_3' title='bbox 1327 227 1486 265; x_wconf 76' lang='lat' dir='ltr'>ANNEE.</span> <span class='ocrx_word' id='word_1_4' title='bbox 2286 237 2343 265; x_wconf 72' lang='lat'>854</span> 
     </span>
    </p>
   </div>
   <div class='ocr_carea' id='block_1_2' title="bbox 236 302 1252 537">
    <p class='ocr_par' dir='ltr' id='par_1_2' title="bbox 236 302 1252 537">
     <span class='ocr_line' id='line_1_2' title="bbox 236 302 1248 341; baseline -0.008 -6"><span class='ocrx_word' id='word_1_5' title='bbox 236 309 288 336; x_wconf 88' lang='lat' dir='ltr'>tuli</span> <span class='ocrx_word' id='word_1_6' title='bbox 309 309 425 335; x_wconf 80' lang='lat' dir='ltr'>obtenta</span> <span class='ocrx_word' id='word_1_7' title='bbox 446 307 575 336; x_wconf 81' lang='lat' dir='ltr'>licentia.</span> <span class='ocrx_word' id='word_1_8' title='bbox 594 315 626 333; x_wconf 83' lang='lat' dir='ltr'>se</span> <span class='ocrx_word' id='word_1_9' title='bbox 644 307 774 341; x_wconf 81' lang='lat' dir='ltr'>nequiret</span> <span class='ocrx_word' id='word_1_10' title='bbox 793 306 963 332; x_wconf 76' lang='lat' dir='ltr'>absentare,</span> <span class='ocrx_word' id='word_1_11' title='bbox 980 319 1016 324; x_wconf 94' lang='lat'>—</span> <span class='ocrx_word' id='word_1_12' title='bbox 1031 303 1176 330; x_wconf 71' lang='lat' dir='ltr'>licentiam</span> <span class='ocrx_word' id='word_1_13' title='bbox 1198 302 1248 327; x_wconf 83' lang='lat' dir='ltr'>tri-</span> 
     </span>
     <span class='ocr_line' id='line_1_3' title="bbox 237 353 1252 392; baseline -0.008 -7"><span class='ocrx_word' id='word_1_14' title='bbox 237 359 326 385; x_wconf 86' lang='lat' dir='ltr'>buant</span> <span class='ocrx_word' id='word_1_15' title='bbox 347 365 397 392; x_wconf 90' lang='lat' dir='ltr'>per</span> <span class='ocrx_word' id='word_1_16' title='bbox 416 356 647 391; x_wconf 87' lang='lat' dir='ltr'>quinquennium</span> <span class='ocrx_word' id='word_1_17' title='bbox 672 355 801 382; x_wconf 78' lang='lat' dir='ltr'>Parisius</span> <span class='ocrx_word' id='word_1_18' title='bbox 821 355 984 387; x_wconf 67' lang='lat' dir='ltr'>theologiae</span> <span class='ocrx_word' id='word_1_19' title='bbox 1006 353 1131 379; x_wconf 70' lang='lat' dir='ltr'>facultati</span> <span class='ocrx_word' id='word_1_20' title='bbox 1149 353 1252 378; x_wconf 87' lang='lat' dir='ltr'>immo-</span> 
     </span>
     <span class='ocr_line' id='line_1_4' title="bbox 239 400 1251 440; baseline -0.008 -7"><span class='ocrx_word' id='word_1_21' title='bbox 239 405 336 439; x_wconf 88' lang='lat' dir='ltr'>randi;</span> <span class='ocrx_word' id='word_1_22' title='bbox 354 405 479 440; x_wconf 79' lang='lat' dir='ltr'>alioquin</span> <span class='ocrx_word' id='word_1_23' title='bbox 497 405 646 439; x_wconf 79' lang='lat' dir='ltr'>magistris</span> <span class='ocrx_word' id='word_1_24' title='bbox 663 404 822 433; x_wconf 76' lang='lat' dir='ltr'>Erlebuldo,</span> <span class='ocrx_word' id='word_1_25' title='bbox 836 403 961 429; x_wconf 79' lang='lat' dir='ltr'>Evrardo</span> <span class='ocrx_word' id='word_1_26' title='bbox 974 403 1008 428; x_wconf 63' lang='lat' dir='ltr'>:le</span> <span class='ocrx_word' id='word_1_27' title='bbox 1025 401 1114 428; x_wconf 75' lang='lat' dir='ltr'>Vinea</span> <span class='ocrx_word' id='word_1_28' title='bbox 1130 405 1155 427; x_wconf 79' lang='lat' dir='ltr'>et</span> <span class='ocrx_word' id='word_1_29' title='bbox 1171 400 1202 428; x_wconf 75' lang='lat' dir='ltr'>P.</span> <span class='ocrx_word' id='word_1_30' title='bbox 1216 400 1251 426; x_wconf 86' lang='lat' dir='ltr'>de</span> 
     </span>
     <span class='ocr_line' id='line_1_5' title="bbox 238 448 1251 486; baseline -0.007 -5"><span class='ocrx_word' id='word_1_31' title='bbox 238 454 372 486; x_wconf 84' lang='lat' dir='ltr'>Orchies,</span> <span class='ocrx_word' id='word_1_32' title='bbox 390 454 538 480; x_wconf 80' lang='lat' dir='ltr'>canonicis</span> <span class='ocrx_word' id='word_1_33' title='bbox 554 452 824 479; x_wconf 64' lang='lat' dir='ltr'>cameracensibus.</span> <span class='ocrx_word' id='word_1_34' title='bbox 843 451 954 478; x_wconf 75' lang='lat' dir='ltr'>mandat</span> <span class='ocrx_word' id='word_1_35' title='bbox 974 452 1036 485; x_wconf 71' lang='lat' dir='ltr'>ipso</span> <span class='ocrx_word' id='word_1_36' title='bbox 1051 454 1080 477; x_wconf 84' lang='lat' dir='ltr'>ut</span> <span class='ocrx_word' id='word_1_37' title='bbox 1095 450 1158 476; x_wconf 84' lang='lat' dir='ltr'>illos</span> <span class='ocrx_word' id='word_1_38' title='bbox 1174 449 1207 475; x_wconf 90' lang='lat' dir='ltr'>ad</span> <span class='ocrx_word' id='word_1_39' title='bbox 1224 448 1251 475; x_wconf 92' lang='lat' dir='ltr'>id</span> 
     </span>
     <span class='ocr_line' id='line_1_6' title="bbox 239 500 1086 537; baseline -0.005 -8"><span class='ocrx_word' id='word_1_40' title='bbox 239 502 423 537; x_wconf 74' lang='lat' dir='ltr'>compellant.</span> <span class='ocrx_word' id='word_1_41' title='bbox 439 515 476 522; x_wconf 92' lang='lat'>—-</span> <span class='ocrx_word' id='word_1_42' title='bbox 489 501 570 536; x_wconf 62' lang='lat' dir='ltr'>(nso.</span> <span class='ocrx_word' id='word_1_43' title='bbox 588 502 628 530; x_wconf 79' lang='grc'>17,</span> <span class='ocrx_word' id='word_1_44' title='bbox 646 502 664 528; x_wconf 83' lang='lat' dir='ltr'>f.</span> <span class='ocrx_word' id='word_1_45' title='bbox 683 501 716 527; x_wconf 71' lang='lat'>‘30</span> <span class='ocrx_word' id='word_1_46' title='bbox 735 508 782 530; x_wconf 69' lang='grc' dir='ltr'>νος</span> <span class='ocrx_word' id='word_1_47' title='bbox 799 509 865 527; x_wconf 82' lang='lat' dir='ltr'>ann.</span> <span class='ocrx_word' id='word_1_48' title='bbox 886 500 1086 531; x_wconf 65' lang='lat' dir='ltr'>V11,c.:{16.)</span> 
     </span>
    </p>
   </div>
   <div class='ocr_carea' id='block_1_3' title="bbox 241 621 1254 767">
    <p class='ocr_par' dir='ltr' id='par_1_3' title="bbox 241 621 1254 767">
     <span class='ocr_line' id='line_1_7' title="bbox 283 621 1254 661; baseline -0.002 -10"><span class='ocrx_word' id='word_1_49' title='bbox 283 637 295 651; x_wconf 70' lang='grc' dir='ltr'>α</span> <span class='ocrx_word' id='word_1_50' title='bbox 321 647 340 652; x_wconf 90' lang='grc'>..</span> <span class='ocrx_word' id='word_1_51' title='bbox 365 624 476 653; x_wconf 81' lang='lat' dir='ltr'>decano</span> <span class='ocrx_word' id='word_1_52' title='bbox 497 629 523 652; x_wconf 80' lang='lat' dir='ltr'>et</span> <span class='ocrx_word' id='word_1_53' title='bbox 544 624 679 661; x_wconf 75' lang='lat' dir='ltr'>capitulo</span> <span class='ocrx_word' id='word_1_54' title='bbox 701 623 947 656; x_wconf 71' lang='lat' dir='ltr'>Siclitziensibus,</span> <span class='ocrx_word' id='word_1_55' title='bbox 971 622 1168 651; x_wconf 65' lang='lat' dir='ltr'>Tornaemzsis</span> <span class='ocrx_word' id='word_1_56' title='bbox 1188 621 1254 649; x_wconf 71' lang='lat' dir='ltr'>clio-</span> 
     </span>
     <span class='ocr_line' id='line_1_8' title="bbox 241 674 1254 715; baseline -0.005 -8"><span class='ocrx_word' id='word_1_57' title='bbox 241 678 324 708; x_wconf 83' lang='lat' dir='ltr'>cesis.</span> <span class='ocrx_word' id='word_1_58' title='bbox 349 675 421 706; x_wconf 87' lang='lat' dir='ltr'>Illis</span> <span class='ocrx_word' id='word_1_59' title='bbox 438 676 495 715; x_wconf 88' lang='lat' dir='ltr'>qui</span> <span class='ocrx_word' id='word_1_60' title='bbox 512 685 569 714; x_wconf 86' lang='lat' dir='ltr'>per</span> <span class='ocrx_word' id='word_1_61' title='bbox 589 693 637 704; x_wconf 91' lang='lat'>--.</span> <span class='ocrx_word' id='word_1_62' title='bbox 656 676 730 705; x_wconf 86' lang='lat' dir='ltr'>Dat.</span> <span class='ocrx_word' id='word_1_63' title='bbox 748 675 914 712; x_wconf 63' lang='lat' dir='ltr'>Anagnia,</span> <span class='ocrx_word' id='word_1_64' title='bbox 936 675 1002 704; x_wconf 76' lang='lat' dir='ltr'>XII</span> <span class='ocrx_word' id='word_1_65' title='bbox 1019 674 1177 704; x_wconf 77' lang='lat' dir='ltr'>kalendas</span> <span class='ocrx_word' id='word_1_66' title='bbox 1195 682 1254 702; x_wconf 90' lang='lat' dir='ltr'>no-</span> 
     </span>
     <span class='ocr_line' id='line_1_9' title="bbox 241 729 704 767; baseline -0.006 -7"><span class='ocrx_word' id='word_1_67' title='bbox 241 729 397 763; x_wconf 69' lang='lat' dir='ltr'>vembris,</span> <span class='ocrx_word' id='word_1_68' title='bbox 416 737 503 759; x_wconf 85' lang='lat' dir='ltr'>anno</span> <span class='ocrx_word' id='word_1_69' title='bbox 520 729 671 767; x_wconf 81' lang='lat' dir='ltr'>septimo.</span> <span class='ocrx_word' id='word_1_70' title='bbox 692 741 704 754; x_wconf 70' lang='lat' dir='ltr'>n</span> 
     </span>
    </p>
   </div>
   <div class='ocr_carea' id='block_1_4' title="bbox 316 934 1180 969">
    <p class='ocr_par' dir='ltr' id='par_1_4' title="bbox 316 934 1180 969">
     <span class='ocr_line' id='line_1_10' title="bbox 316 934 1180 969; baseline -0.005 -5"><span class='ocrx_word' id='word_1_71' title='bbox 316 936 430 964; x_wconf 72' lang='lat'>1549</span> <span class='ocrx_word' id='word_1_72' title='bbox 775 935 899 969; x_wconf 84' lang='lat' dir='ltr'>Anagni.</span> <span class='ocrx_word' id='word_1_73' title='bbox 917 934 951 961; x_wconf 81' lang='grc'>20</span> <span class='ocrx_word' id='word_1_74' title='bbox 967 934 1084 961; x_wconf 78' lang='lat' dir='ltr'>octobre</span> <span class='ocrx_word' id='word_1_75' title='bbox 1105 934 1180 961; x_wconf 78' lang='grc'><strong>1233.</strong></span> 
     </span>
    </p>
   </div>
   <div class='ocr_carea' id='block_1_5' title="bbox 243 1002 1258 1278">
    <p class='ocr_par' dir='ltr' id='par_1_5' title="bbox 243 1002 1258 1278">
     <span class='ocr_line' id='line_1_11' title="bbox 279 1002 1255 1038; baseline -0.002 -8"><span class='ocrx_word' id='word_1_76' title='bbox 279 1003 391 1038; x_wconf 78' lang='lat' dir='ltr'>Regem</span> <span class='ocrx_word' id='word_1_77' title='bbox 424 1003 615 1035; x_wconf 79' lang='lat' dir='ltr'>Francorum,</span> <span class='ocrx_word' id='word_1_78' title='bbox 642 1003 690 1038; x_wconf 91' lang='lat' dir='ltr'>qui</span> <span class='ocrx_word' id='word_1_79' title='bbox 720 1003 870 1029; x_wconf 76' lang='lat' dir='ltr'>dicebatur</span> <span class='ocrx_word' id='word_1_80' title='bbox 901 1003 1087 1038; x_wconf 73' lang='lat' dir='ltr'>temporalem</span> <span class='ocrx_word' id='word_1_81' title='bbox 1114 1002 1255 1037; x_wconf 89' lang='lat' dir='ltr'>jurisdic-</span> 
     </span>
     <span class='ocr_line' id='line_1_12' title="bbox 243 1050 1257 1086; baseline -0.002 -8"><span class='ocrx_word' id='word_1_82' title='bbox 243 1052 351 1078; x_wconf 80' lang='lat' dir='ltr'>tionem</span> <span class='ocrx_word' id='word_1_83' title='bbox 368 1052 494 1079; x_wconf 78' lang='lat' dir='ltr'>civitatis</span> <span class='ocrx_word' id='word_1_84' title='bbox 511 1051 708 1080; x_wconf 82' lang='lat' dir='ltr'>Belvacensis.</span> <span class='ocrx_word' id='word_1_85' title='bbox 724 1051 757 1078; x_wconf 84' lang='lat' dir='ltr'>ad</span> <span class='ocrx_word' id='word_1_86' title='bbox 775 1052 927 1078; x_wconf 83' lang='lat' dir='ltr'>ecclesiam</span> <span class='ocrx_word' id='word_1_87' title='bbox 946 1051 1151 1077; x_wconf 77' lang='lat' dir='ltr'>Belvacensem</span> <span class='ocrx_word' id='word_1_88' title='bbox 1169 1050 1257 1086; x_wconf 79' lang='lat' dir='ltr'>perti-</span> 
     </span>
     <span class='ocr_line' id='line_1_13' title="bbox 244 1099 1256 1134; baseline -0.001 -8"><span class='ocrx_word' id='word_1_89' title='bbox 244 1104 378 1132; x_wconf 72' lang='lat' dir='ltr'>nentem,</span> <span class='ocrx_word' id='word_1_90' title='bbox 397 1100 452 1126; x_wconf 81' lang='lat' dir='ltr'>sibi</span> <span class='ocrx_word' id='word_1_91' title='bbox 468 1101 639 1132; x_wconf 79' lang='lat' dir='ltr'>vendicare,</span> <span class='ocrx_word' id='word_1_92' title='bbox 657 1105 754 1126; x_wconf 86' lang='lat' dir='ltr'>monet</span> <span class='ocrx_word' id='word_1_93' title='bbox 776 1104 803 1126; x_wconf 84' lang='lat' dir='ltr'>et</span> <span class='ocrx_word' id='word_1_94' title='bbox 824 1104 904 1134; x_wconf 81' lang='lat' dir='ltr'>rogat</span> <span class='ocrx_word' id='word_1_95' title='bbox 924 1104 1069 1134; x_wconf 72' lang='lat' dir='ltr'>qnatenus</span> <span class='ocrx_word' id='word_1_96' title='bbox 1084 1100 1118 1126; x_wconf 83' lang='lat' dir='ltr'>ab</span> <span class='ocrx_word' id='word_1_97' title='bbox 1135 1101 1188 1126; x_wconf 88' lang='lat' dir='ltr'>hoc</span> <span class='ocrx_word' id='word_1_98' title='bbox 1205 1099 1256 1125; x_wconf 90' lang='lat' dir='ltr'>de-</span> 
     </span>
     <span class='ocr_line' id='line_1_14' title="bbox 244 1148 1258 1182; baseline -0.001 -7"><span class='ocrx_word' id='word_1_99' title='bbox 244 1150 339 1181; x_wconf 79' lang='lat' dir='ltr'>sistat,</span> <span class='ocrx_word' id='word_1_100' title='bbox 357 1149 449 1176; x_wconf 83' lang='lat' dir='ltr'>eidem</span> <span class='ocrx_word' id='word_1_101' title='bbox 474 1149 616 1176; x_wconf 82' lang='lat' dir='ltr'>ecclesiae</span> <span class='ocrx_word' id='word_1_102' title='bbox 638 1149 673 1175; x_wconf 87' lang='lat' dir='ltr'>de</span> <span class='ocrx_word' id='word_1_103' title='bbox 693 1149 806 1175; x_wconf 75' lang='lat' dir='ltr'>damnis</span> <span class='ocrx_word' id='word_1_104' title='bbox 826 1152 854 1174; x_wconf 88' lang='lat' dir='ltr'>et</span> <span class='ocrx_word' id='word_1_105' title='bbox 873 1149 989 1182; x_wconf 82' lang='lat' dir='ltr'>injuriis</span> <span class='ocrx_word' id='word_1_106' title='bbox 1007 1158 1022 1175; x_wconf 92' lang='lat' dir='ltr'>a</span> <span class='ocrx_word' id='word_1_107' title='bbox 1041 1149 1128 1182; x_wconf 85' lang='lat' dir='ltr'>regiis</span> <span class='ocrx_word' id='word_1_108' title='bbox 1145 1148 1258 1174; x_wconf 80' lang='lat' dir='ltr'>ballivis</span> 
     </span>
     <span class='ocr_line' id='line_1_15' title="bbox 244 1197 1256 1233; baseline -0.001 -9"><span class='ocrx_word' id='word_1_109' title='bbox 244 1198 379 1233; x_wconf 82' lang='lat' dir='ltr'>irrogatis</span> <span class='ocrx_word' id='word_1_110' title='bbox 395 1198 504 1225; x_wconf 81' lang='lat' dir='ltr'>faciens</span> <span class='ocrx_word' id='word_1_111' title='bbox 520 1198 747 1225; x_wconf 77' lang='lat' dir='ltr'>satisfactionem</span> <span class='ocrx_word' id='word_1_112' title='bbox 765 1198 906 1224; x_wconf 81' lang='lat' dir='ltr'>exhiberi.</span> <span class='ocrx_word' id='word_1_113' title='bbox 918 1212 954 1218; x_wconf 92' lang='lat'>—</span> <span class='ocrx_word' id='word_1_114' title='bbox 966 1197 1050 1230; x_wconf 67' lang='lat' dir='ltr'>(Rae.</span> <span class='ocrx_word' id='word_1_115' title='bbox 1068 1199 1108 1229; x_wconf 81' lang='lat'>17,</span> <span class='ocrx_word' id='word_1_116' title='bbox 1125 1198 1144 1225; x_wconf 81' lang='lat' dir='ltr'>f.</span> <span class='ocrx_word' id='word_1_117' title='bbox 1162 1198 1194 1225; x_wconf 67' lang='lat'>90</span> <span class='ocrx_word' id='word_1_118' title='bbox 1212 1205 1256 1231; x_wconf 70' lang='grc' dir='ltr'>νος</span> 
     </span>
     <span class='ocr_line' id='line_1_16' title="bbox 245 1246 1150 1278; baseline 0 -4"><span class='ocrx_word' id='word_1_119' title='bbox 245 1255 311 1274; x_wconf 84' lang='lat' dir='ltr'>ann.</span> <span class='ocrx_word' id='word_1_120' title='bbox 332 1247 395 1278; x_wconf 82' lang='lat' dir='ltr'>VII,</span> <span class='ocrx_word' id='word_1_121' title='bbox 412 1255 438 1273; x_wconf 88' lang='lat' dir='ltr'>c.</span> <span class='ocrx_word' id='word_1_122' title='bbox 456 1247 523 1278; x_wconf 78' lang='lat'>317;</span> <span class='ocrx_word' id='word_1_123' title='bbox 542 1262 574 1266; x_wconf 92' lang='lat'>—</span> <span class='ocrx_word' id='word_1_124' title='bbox 592 1246 712 1273; x_wconf 66' lang='lat' dir='ltr'>Monam</span> <span class='ocrx_word' id='word_1_125' title='bbox 734 1246 808 1278; x_wconf 61' lang='lat'>1188,</span> <span class='ocrx_word' id='word_1_126' title='bbox 826 1247 844 1272; x_wconf 82' lang='lat' dir='ltr'>f.</span> <span class='ocrx_word' id='word_1_127' title='bbox 859 1246 924 1278; x_wconf 50' lang='lat'>220&amp;</span> <span class='ocrx_word' id='word_1_128' title='bbox 943 1247 1021 1275; x_wconf 53' lang='lat' dir='ltr'>ibat,</span> <span class='ocrx_word' id='word_1_129' title='bbox 1041 1247 1058 1272; x_wconf 82' lang='lat' dir='ltr'>f.</span> <span class='ocrx_word' id='word_1_130' title='bbox 1078 1246 1150 1278; x_wconf 60' lang='lat'>2210.)</span> 
     </span>
    </p>
   </div>
   <div class='ocr_carea' id='block_1_6' title="bbox 221 1366 1269 2945">
    <p class='ocr_par' dir='ltr' id='par_1_6' title="bbox 244 1366 1269 2787">
     <span class='ocr_line' id='line_1_17' title="bbox 289 1366 1260 1406; baseline 0.003 -11"><span class='ocrx_word' id='word_1_131' title='bbox 289 1381 301 1395; x_wconf 71' lang='grc' dir='ltr'>ι(</span> <span class='ocrx_word' id='word_1_132' title='bbox 329 1391 346 1396; x_wconf 95' lang='grc'>..</span> <span class='ocrx_word' id='word_1_133' title='bbox 374 1368 492 1397; x_wconf 74' lang='lat' dir='ltr'><em>illustri</em></span> <span class='ocrx_word' id='word_1_134' title='bbox 512 1368 578 1405; x_wconf 72' lang='lat' dir='ltr'>reyi</span> <span class='ocrx_word' id='word_1_135' title='bbox 599 1367 741 1396; x_wconf 78' lang='lat' dir='ltr'>Francie.</span> <span class='ocrx_word' id='word_1_136' title='bbox 764 1367 799 1397; x_wconf 88' lang='lat' dir='ltr'>Si</span> <span class='ocrx_word' id='word_1_137' title='bbox 819 1366 992 1397; x_wconf 78' lang='lat' dir='ltr'>recolende</span> <span class='ocrx_word' id='word_1_138' title='bbox 1010 1368 1168 1397; x_wconf 84' lang='lat' dir='ltr'>memorie</span> <span class='ocrx_word' id='word_1_139' title='bbox 1184 1376 1260 1406; x_wconf 88' lang='lat' dir='ltr'>pro-</span> 
     </span>
     <span class='ocr_line' id='line_1_18' title="bbox 247 1419 1258 1459; baseline -0.001 -8"><span class='ocrx_word' id='word_1_140' title='bbox 247 1421 435 1459; x_wconf 80' lang='lat' dir='ltr'>genitorum</span> <span class='ocrx_word' id='word_1_141' title='bbox 461 1424 594 1450; x_wconf 90' lang='lat' dir='ltr'>tuorum</span> <span class='ocrx_word' id='word_1_142' title='bbox 618 1419 722 1455; x_wconf 82' lang='lat' dir='ltr'>facta,</span> <span class='ocrx_word' id='word_1_143' title='bbox 748 1419 833 1449; x_wconf 84' lang='lat' dir='ltr'>sicut</span> <span class='ocrx_word' id='word_1_144' title='bbox 858 1419 973 1455; x_wconf 86' lang='lat' dir='ltr'>debes,</span> <span class='ocrx_word' id='word_1_145' title='bbox 998 1419 1046 1449; x_wconf 82' lang='lat' dir='ltr'>fili</span> <span class='ocrx_word' id='word_1_146' title='bbox 1068 1420 1258 1456; x_wconf 80' lang='lat' dir='ltr'>karissime,</span> 
     </span>
     <span class='ocr_line' id='line_1_19' title="bbox 246 1472 1261 1512; baseline 0 -9"><span class='ocrx_word' id='word_1_147' title='bbox 246 1473 425 1512; x_wconf 69' lang='lat' dir='ltr'>diligenter</span> <span class='ocrx_word' id='word_1_148' title='bbox 443 1472 613 1507; x_wconf 82' lang='lat' dir='ltr'>attendas,</span> <span class='ocrx_word' id='word_1_149' title='bbox 631 1473 777 1511; x_wconf 84' lang='lat' dir='ltr'>profecto</span> <span class='ocrx_word' id='word_1_150' title='bbox 794 1472 947 1503; x_wconf 82' lang='lat' dir='ltr'>invenies</span> <span class='ocrx_word' id='word_1_151' title='bbox 963 1472 1039 1502; x_wconf 84' lang='lat' dir='ltr'>illos</span> <span class='ocrx_word' id='word_1_152' title='bbox 1059 1482 1134 1503; x_wconf 89' lang='lat' dir='ltr'>eum</span> <span class='ocrx_word' id='word_1_153' title='bbox 1151 1473 1192 1503; x_wconf 88' lang='lat' dir='ltr'>ad</span> <span class='ocrx_word' id='word_1_154' title='bbox 1207 1483 1261 1504; x_wconf 85' lang='lat' dir='ltr'>ec-</span> 
     </span>
     <span class='ocr_line' id='line_1_20' title="bbox 245 1525 1261 1565; baseline -0.001 -8"><span class='ocrx_word' id='word_1_155' title='bbox 245 1525 366 1557; x_wconf 86' lang='lat' dir='ltr'>clesias</span> <span class='ocrx_word' id='word_1_156' title='bbox 398 1526 584 1556; x_wconf 83' lang='lat' dir='ltr'>devotionis</span> <span class='ocrx_word' id='word_1_157' title='bbox 610 1525 770 1555; x_wconf 88' lang='lat' dir='ltr'>habuisse</span> <span class='ocrx_word' id='word_1_158' title='bbox 794 1525 975 1561; x_wconf 82' lang='lat' dir='ltr'>fervorem,</span> <span class='ocrx_word' id='word_1_159' title='bbox 1004 1526 1091 1565; x_wconf 87' lang='lat' dir='ltr'>quod</span> <span class='ocrx_word' id='word_1_160' title='bbox 1113 1526 1261 1557; x_wconf 87' lang='lat' dir='ltr'>ditarunt</span> 
     </span>
     <span class='ocr_line' id='line_1_21' title="bbox 244 1579 1262 1618; baseline 0.001 -9"><span class='ocrx_word' id='word_1_161' title='bbox 244 1579 320 1609; x_wconf 86' lang='lat' dir='ltr'>illas</span> <span class='ocrx_word' id='word_1_162' title='bbox 337 1579 456 1618; x_wconf 87' lang='lat' dir='ltr'>amplis</span> <span class='ocrx_word' id='word_1_163' title='bbox 474 1579 745 1617; x_wconf 80' lang='lat' dir='ltr'>possessionibus</span> <span class='ocrx_word' id='word_1_164' title='bbox 764 1583 795 1609; x_wconf 86' lang='lat' dir='ltr'>et</span> <span class='ocrx_word' id='word_1_165' title='bbox 812 1579 942 1617; x_wconf 81' lang='lat' dir='ltr'>magnis</span> <span class='ocrx_word' id='word_1_166' title='bbox 958 1579 1171 1609; x_wconf 82' lang='lat' dir='ltr'>libertatibus</span> <span class='ocrx_word' id='word_1_167' title='bbox 1188 1589 1262 1610; x_wconf 91' lang='lat' dir='ltr'>mu-</span> 
     </span>
     <span class='ocr_line' id='line_1_22' title="bbox 245 1632 1263 1672; baseline 0 -9"><span class='ocrx_word' id='word_1_168' title='bbox 245 1633 398 1669; x_wconf 82' lang='lat' dir='ltr'>nierunt,</span> <span class='ocrx_word' id='word_1_169' title='bbox 416 1633 504 1663; x_wconf 87' lang='lat' dir='ltr'>circa</span> <span class='ocrx_word' id='word_1_170' title='bbox 525 1632 812 1663; x_wconf 85' lang='lat' dir='ltr'>conservationem</span> <span class='ocrx_word' id='word_1_171' title='bbox 827 1641 963 1663; x_wconf 86' lang='lat' dir='ltr'>suorum</span> <span class='ocrx_word' id='word_1_172' title='bbox 976 1633 1105 1672; x_wconf 88' lang='lat' dir='ltr'>jurium</span> <span class='ocrx_word' id='word_1_173' title='bbox 1123 1633 1263 1663; x_wconf 88' lang='lat' dir='ltr'>multam</span> 
     </span>
     <span class='ocr_line' id='line_1_23' title="bbox 247 1685 1262 1724; baseline 0 -9"><span class='ocrx_word' id='word_1_174' title='bbox 247 1685 456 1724; x_wconf 81' lang='lat' dir='ltr'>diligentiam</span> <span class='ocrx_word' id='word_1_175' title='bbox 473 1685 687 1720; x_wconf 73' lang='lat' dir='ltr'>adhibentes,</span> <span class='ocrx_word' id='word_1_176' title='bbox 708 1690 739 1716; x_wconf 87' lang='lat' dir='ltr'>et</span> <span class='ocrx_word' id='word_1_177' title='bbox 758 1694 823 1716; x_wconf 90' lang='lat' dir='ltr'>non</span> <span class='ocrx_word' id='word_1_178' title='bbox 841 1685 948 1716; x_wconf 89' lang='lat' dir='ltr'>solum</span> <span class='ocrx_word' id='word_1_179' title='bbox 965 1685 1201 1716; x_wconf 87' lang='lat' dir='ltr'>abstinuerunt</span> <span class='ocrx_word' id='word_1_180' title='bbox 1221 1687 1262 1716; x_wconf 83' lang='lat' dir='ltr'>ab</span> 
     </span>
     <span class='ocr_line' id='line_1_24' title="bbox 247 1738 1262 1779; baseline 0.001 -10"><span class='ocrx_word' id='word_1_181' title='bbox 247 1747 362 1769; x_wconf 87' lang='lat' dir='ltr'>earum</span> <span class='ocrx_word' id='word_1_182' title='bbox 378 1739 526 1778; x_wconf 87' lang='lat' dir='ltr'>injuriis,</span> <span class='ocrx_word' id='word_1_183' title='bbox 544 1748 660 1769; x_wconf 89' lang='lat' dir='ltr'>verum</span> <span class='ocrx_word' id='word_1_184' title='bbox 678 1739 778 1769; x_wconf 85' lang='lat' dir='ltr'>etiam</span> <span class='ocrx_word' id='word_1_185' title='bbox 797 1738 938 1769; x_wconf 90' lang='lat' dir='ltr'>aliorum</span> <span class='ocrx_word' id='word_1_186' title='bbox 955 1739 1191 1779; x_wconf 84' lang='lat' dir='ltr'>injuriantium</span> <span class='ocrx_word' id='word_1_187' title='bbox 1207 1749 1262 1770; x_wconf 86' lang='lat' dir='ltr'>co-</span> 
     </span>
     <span class='ocr_line' id='line_1_25' title="bbox 248 1793 1260 1832; baseline 0 -9"><span class='ocrx_word' id='word_1_188' title='bbox 248 1797 364 1823; x_wconf 89' lang='lat' dir='ltr'>natum</span> <span class='ocrx_word' id='word_1_189' title='bbox 385 1797 417 1823; x_wconf 90' lang='lat' dir='ltr'>et</span> <span class='ocrx_word' id='word_1_190' title='bbox 438 1793 600 1831; x_wconf 87' lang='lat' dir='ltr'>impetum</span> <span class='ocrx_word' id='word_1_191' title='bbox 625 1797 869 1831; x_wconf 86' lang='lat' dir='ltr'>represserunt.</span> <span class='ocrx_word' id='word_1_192' title='bbox 894 1793 1021 1823; x_wconf 90' lang='lat' dir='ltr'>Horum</span> <span class='ocrx_word' id='word_1_193' title='bbox 1041 1793 1171 1832; x_wconf 83' lang='lat' dir='ltr'>itaque,</span> <span class='ocrx_word' id='word_1_194' title='bbox 1196 1793 1260 1829; x_wconf 81' lang='lat' dir='ltr'>fili,</span> 
     </span>
     <span class='ocr_line' id='line_1_26' title="bbox 245 1845 1262 1884; baseline 0 -8"><span class='ocrx_word' id='word_1_195' title='bbox 245 1845 398 1883; x_wconf 84' lang='lat' dir='ltr'>vestigia,</span> <span class='ocrx_word' id='word_1_196' title='bbox 414 1849 450 1875; x_wconf 94' lang='lat' dir='ltr'>ut</span> <span class='ocrx_word' id='word_1_197' title='bbox 466 1854 565 1875; x_wconf 82' lang='lat' dir='ltr'>verus</span> <span class='ocrx_word' id='word_1_198' title='bbox 582 1854 754 1875; x_wconf 85' lang='lat' dir='ltr'>successor</span> <span class='ocrx_word' id='word_1_199' title='bbox 770 1845 994 1884; x_wconf 87' lang='lat' dir='ltr'>comproberis</span> <span class='ocrx_word' id='word_1_200' title='bbox 1011 1850 1041 1876; x_wconf 90' lang='lat' dir='ltr'>et</span> <span class='ocrx_word' id='word_1_201' title='bbox 1058 1846 1166 1882; x_wconf 86' lang='lat' dir='ltr'>heres,</span> <span class='ocrx_word' id='word_1_202' title='bbox 1184 1847 1262 1876; x_wconf 88' lang='lat' dir='ltr'>imi-</span> 
     </span>
     <span class='ocr_line' id='line_1_27' title="bbox 247 1897 1263 1938; baseline 0.001 -10"><span class='ocrx_word' id='word_1_203' title='bbox 247 1898 311 1928; x_wconf 83' lang='lat' dir='ltr'>tari</span> <span class='ocrx_word' id='word_1_204' title='bbox 326 1902 357 1928; x_wconf 93' lang='lat' dir='ltr'>te</span> <span class='ocrx_word' id='word_1_205' title='bbox 372 1898 475 1933; x_wconf 86' lang='lat' dir='ltr'>decet,</span> <span class='ocrx_word' id='word_1_206' title='bbox 495 1898 636 1928; x_wconf 88' lang='lat' dir='ltr'>amando</span> <span class='ocrx_word' id='word_1_207' title='bbox 657 1897 815 1928; x_wconf 87' lang='lat' dir='ltr'>ecclesias</span> <span class='ocrx_word' id='word_1_208' title='bbox 834 1902 865 1928; x_wconf 90' lang='lat' dir='ltr'>et</span> <span class='ocrx_word' id='word_1_209' title='bbox 881 1898 1068 1928; x_wconf 88' lang='lat' dir='ltr'>insistendo</span> <span class='ocrx_word' id='word_1_210' title='bbox 1085 1898 1168 1929; x_wconf 87' lang='lat' dir='ltr'>alias</span> <span class='ocrx_word' id='word_1_211' title='bbox 1185 1908 1263 1938; x_wconf 87' lang='lat' dir='ltr'>ope-</span> 
     </span>
     <span class='ocr_line' id='line_1_28' title="bbox 245 1951 1263 1991; baseline 0 -9"><span class='ocrx_word' id='word_1_212' title='bbox 245 1952 340 1982; x_wconf 88' lang='lat' dir='ltr'>ribus</span> <span class='ocrx_word' id='word_1_213' title='bbox 356 1951 503 1990; x_wconf 77' lang='lat' dir='ltr'>pietatis,</span> <span class='ocrx_word' id='word_1_214' title='bbox 521 1952 616 1991; x_wconf 84' lang='lat' dir='ltr'>cujus</span> <span class='ocrx_word' id='word_1_215' title='bbox 634 1952 819 1987; x_wconf 79' lang='lat' dir='ltr'>successio,</span> <span class='ocrx_word' id='word_1_216' title='bbox 838 1961 912 1982; x_wconf 86' lang='lat' dir='ltr'>cum</span> <span class='ocrx_word' id='word_1_217' title='bbox 929 1956 1077 1982; x_wconf 87' lang='lat' dir='ltr'>eternam</span> <span class='ocrx_word' id='word_1_218' title='bbox 1094 1953 1263 1983; x_wconf 87' lang='lat' dir='ltr'>heredita-</span> 
     </span>
     <span class='ocr_line' id='line_1_29' title="bbox 245 2005 1263 2044; baseline 0 -9"><span class='ocrx_word' id='word_1_219' title='bbox 245 2009 312 2035; x_wconf 86' lang='lat' dir='ltr'>tem</span> <span class='ocrx_word' id='word_1_220' title='bbox 341 2005 464 2043; x_wconf 86' lang='lat' dir='ltr'>pariat,</span> <span class='ocrx_word' id='word_1_221' title='bbox 494 2009 544 2035; x_wconf 89' lang='lat' dir='ltr'>est</span> <span class='ocrx_word' id='word_1_222' title='bbox 571 2005 679 2043; x_wconf 85' lang='lat' dir='ltr'>magis</span> <span class='ocrx_word' id='word_1_223' title='bbox 711 2014 811 2044; x_wconf 85' lang='lat' dir='ltr'>quam</span> <span class='ocrx_word' id='word_1_224' title='bbox 840 2005 1003 2035; x_wconf 89' lang='lat' dir='ltr'>bonorum</span> <span class='ocrx_word' id='word_1_225' title='bbox 1030 2005 1263 2044; x_wconf 81' lang='lat' dir='ltr'>temporalium</span> 
     </span>
     <span class='ocr_line' id='line_1_30' title="bbox 247 2057 1264 2097; baseline -0.001 -8"><span class='ocrx_word' id='word_1_226' title='bbox 247 2057 488 2097; x_wconf 82' lang='lat' dir='ltr'>amplectanda.</span> <span class='ocrx_word' id='word_1_227' title='bbox 513 2057 686 2088; x_wconf 87' lang='lat' dir='ltr'>Intellecto</span> <span class='ocrx_word' id='word_1_228' title='bbox 708 2066 787 2088; x_wconf 87' lang='lat' dir='ltr'>sane</span> <span class='ocrx_word' id='word_1_229' title='bbox 813 2058 938 2088; x_wconf 87' lang='lat' dir='ltr'>dudum</span> <span class='ocrx_word' id='word_1_230' title='bbox 959 2067 1018 2096; x_wconf 89' lang='lat' dir='ltr'>per</span> <span class='ocrx_word' id='word_1_231' title='bbox 1037 2058 1264 2089; x_wconf 79' lang='lat' dir='ltr'>venerabilem</span> 
     </span>
     <span class='ocr_line' id='line_1_31' title="bbox 247 2111 1262 2150; baseline 0.002 -10"><span class='ocrx_word' id='word_1_232' title='bbox 247 2111 385 2141; x_wconf 84' lang='lat' dir='ltr'>fratrem</span> <span class='ocrx_word' id='word_1_233' title='bbox 406 2114 558 2141; x_wconf 85' lang='lat' dir='ltr'>nostrum</span> <span class='ocrx_word' id='word_1_234' title='bbox 576 2134 595 2140; x_wconf 87' lang='lat'>..</span> <span class='ocrx_word' id='word_1_235' title='bbox 614 2111 804 2149; x_wconf 83' lang='lat' dir='ltr'>episcopum</span> <span class='ocrx_word' id='word_1_236' title='bbox 821 2111 1059 2142; x_wconf 84' lang='lat' dir='ltr'>Belvacensem</span> <span class='ocrx_word' id='word_1_237' title='bbox 1076 2112 1163 2150; x_wconf 88' lang='lat' dir='ltr'>quod</span> <span class='ocrx_word' id='word_1_238' title='bbox 1179 2116 1262 2142; x_wconf 88' lang='lat' dir='ltr'>tem-</span> 
     </span>
     <span class='ocr_line' id='line_1_32' title="bbox 247 2163 1264 2204; baseline 0 -10"><span class='ocrx_word' id='word_1_239' title='bbox 247 2163 394 2204; x_wconf 88' lang='lat' dir='ltr'>poralem</span> <span class='ocrx_word' id='word_1_240' title='bbox 407 2163 677 2203; x_wconf 83' lang='lat' dir='ltr'>jurisdictionem</span> <span class='ocrx_word' id='word_1_241' title='bbox 694 2163 839 2194; x_wconf 81' lang='lat' dir='ltr'>civit-atis</span> <span class='ocrx_word' id='word_1_242' title='bbox 859 2163 1090 2200; x_wconf 81' lang='lat' dir='ltr'>Belvacensis,</span> <span class='ocrx_word' id='word_1_243' title='bbox 1111 2164 1152 2194; x_wconf 90' lang='lat' dir='ltr'>ad</span> <span class='ocrx_word' id='word_1_244' title='bbox 1168 2173 1264 2194; x_wconf 87' lang='lat' dir='ltr'>suam</span> 
     </span>
     <span class='ocr_line' id='line_1_33' title="bbox 247 2216 1264 2256; baseline -0.001 -8"><span class='ocrx_word' id='word_1_245' title='bbox 247 2217 422 2249; x_wconf 87' lang='lat' dir='ltr'>ecclesiam</span> <span class='ocrx_word' id='word_1_246' title='bbox 431 2217 666 2256; x_wconf 86' lang='lat' dir='ltr'>pertinentem,</span> <span class='ocrx_word' id='word_1_247' title='bbox 677 2216 750 2253; x_wconf 83' lang='lat' dir='ltr'>tibi,</span> <span class='ocrx_word' id='word_1_248' title='bbox 762 2221 876 2247; x_wconf 86' lang='lat' dir='ltr'>contra</span> <span class='ocrx_word' id='word_1_249' title='bbox 887 2217 1089 2248; x_wconf 85' lang='lat' dir='ltr'>sententiam</span> <span class='ocrx_word' id='word_1_250' title='bbox 1099 2217 1139 2247; x_wconf 87' lang='lat' dir='ltr'>ab</span> <span class='ocrx_word' id='word_1_251' title='bbox 1148 2217 1264 2248; x_wconf 87' lang='lat' dir='ltr'>inclite</span> 
     </span>
     <span class='ocr_line' id='line_1_34' title="bbox 246 2270 1264 2311; baseline 0 -9"><span class='ocrx_word' id='word_1_252' title='bbox 246 2271 488 2303; x_wconf 88' lang='lat' dir='ltr'>recordationis</span> <span class='ocrx_word' id='word_1_253' title='bbox 502 2270 676 2306; x_wconf 82' lang='lat' dir='ltr'>Lodovico,</span> <span class='ocrx_word' id='word_1_254' title='bbox 691 2279 768 2309; x_wconf 86' lang='lat' dir='ltr'>rege</span> <span class='ocrx_word' id='word_1_255' title='bbox 782 2271 933 2307; x_wconf 85' lang='lat' dir='ltr'>Francie,</span> <span class='ocrx_word' id='word_1_256' title='bbox 947 2271 1190 2310; x_wconf 84' lang='lat' dir='ltr'>promulgatam</span> <span class='ocrx_word' id='word_1_257' title='bbox 1205 2281 1264 2311; x_wconf 90' lang='lat' dir='ltr'>pro</span> 
     </span>
     <span class='ocr_line' id='line_1_35' title="bbox 247 2323 1264 2364; baseline -0.001 -9"><span class='ocrx_word' id='word_1_258' title='bbox 247 2325 321 2363; x_wconf 86' lang='lat' dir='ltr'>ipsa</span> <span class='ocrx_word' id='word_1_259' title='bbox 337 2323 478 2354; x_wconf 84' lang='lat' dir='ltr'>ecclesia</span> <span class='ocrx_word' id='word_1_260' title='bbox 494 2328 526 2354; x_wconf 89' lang='lat' dir='ltr'>et</span> <span class='ocrx_word' id='word_1_261' title='bbox 542 2323 739 2354; x_wconf 87' lang='lat' dir='ltr'>auctoritate</span> <span class='ocrx_word' id='word_1_262' title='bbox 753 2323 935 2362; x_wconf 87' lang='lat' dir='ltr'>apostolica</span> <span class='ocrx_word' id='word_1_263' title='bbox 949 2324 1190 2361; x_wconf 82' lang='lat' dir='ltr'>confirmatam,</span> <span class='ocrx_word' id='word_1_264' title='bbox 1204 2333 1264 2364; x_wconf 91' lang='lat' dir='ltr'>pro</span> 
     </span>
     <span class='ocr_line' id='line_1_36' title="bbox 248 2376 1265 2413; baseline 0 -5"><span class='ocrx_word' id='word_1_265' title='bbox 248 2382 304 2408; x_wconf 87' lang='lat' dir='ltr'>tue</span> <span class='ocrx_word' id='word_1_266' title='bbox 320 2377 502 2407; x_wconf 83' lang='lat' dir='ltr'>voluntatis</span> <span class='ocrx_word' id='word_1_267' title='bbox 518 2376 657 2406; x_wconf 87' lang='lat' dir='ltr'>arbitrio</span> <span class='ocrx_word' id='word_1_268' title='bbox 673 2376 884 2413; x_wconf 82' lang='lat' dir='ltr'>vendicabas,</span> <span class='ocrx_word' id='word_1_269' title='bbox 903 2377 986 2408; x_wconf 85' lang='lat' dir='ltr'>alias</span> <span class='ocrx_word' id='word_1_270' title='bbox 1003 2377 1142 2408; x_wconf 86' lang='lat' dir='ltr'>eandem</span> <span class='ocrx_word' id='word_1_271' title='bbox 1159 2377 1265 2408; x_wconf 85' lang='lat' dir='ltr'>eccle-</span> 
     </span>
     <span class='ocr_line' id='line_1_37' title="bbox 250 2429 1263 2469; baseline -0.001 -8"><span class='ocrx_word' id='word_1_272' title='bbox 250 2431 334 2462; x_wconf 85' lang='lat' dir='ltr'>siam</span> <span class='ocrx_word' id='word_1_273' title='bbox 360 2429 588 2468; x_wconf 76' lang='lat' dir='ltr'>aggravando‚</span> <span class='ocrx_word' id='word_1_274' title='bbox 617 2439 693 2466; x_wconf 91' lang='lat' dir='ltr'>nos,</span> <span class='ocrx_word' id='word_1_275' title='bbox 720 2430 778 2469; x_wconf 85' lang='lat' dir='ltr'>qui</span> <span class='ocrx_word' id='word_1_276' title='bbox 800 2430 1016 2461; x_wconf 88' lang='lat' dir='ltr'>vehementer</span> <span class='ocrx_word' id='word_1_277' title='bbox 1038 2431 1191 2469; x_wconf 88' lang='lat' dir='ltr'>cupimus</span> <span class='ocrx_word' id='word_1_278' title='bbox 1215 2434 1263 2468; x_wconf 90' lang='lat' dir='ltr'>ut,</span> 
     </span>
     <span class='ocr_line' id='line_1_38' title="bbox 250 2483 1264 2522; baseline 0 -8"><span class='ocrx_word' id='word_1_279' title='bbox 250 2483 415 2514; x_wconf 86' lang='lat' dir='ltr'>dictorum</span> <span class='ocrx_word' id='word_1_280' title='bbox 439 2483 690 2522; x_wconf 86' lang='lat' dir='ltr'>progenitorum</span> <span class='ocrx_word' id='word_1_281' title='bbox 714 2487 848 2513; x_wconf 88' lang='lat' dir='ltr'>tuorum</span> <span class='ocrx_word' id='word_1_282' title='bbox 871 2483 1021 2514; x_wconf 83' lang='lat' dir='ltr'>imitator</span> <span class='ocrx_word' id='word_1_283' title='bbox 1043 2484 1207 2520; x_wconf 78' lang='lat' dir='ltr'>existens,</span> <span class='ocrx_word' id='word_1_284' title='bbox 1229 2484 1264 2514; x_wconf 90' lang='lat' dir='ltr'>in</span> 
     </span>
     <span class='ocr_line' id='line_1_39' title="bbox 250 2535 1264 2576; baseline 0.001 -10"><span class='ocrx_word' id='word_1_285' title='bbox 250 2536 340 2566; x_wconf 87' lang='lat' dir='ltr'>viam</span> <span class='ocrx_word' id='word_1_286' title='bbox 369 2535 488 2566; x_wconf 87' lang='lat' dir='ltr'>salutis</span> <span class='ocrx_word' id='word_1_287' title='bbox 518 2535 643 2574; x_wconf 86' lang='lat' dir='ltr'>dirigas</span> <span class='ocrx_word' id='word_1_288' title='bbox 673 2544 808 2574; x_wconf 85' lang='lat' dir='ltr'>gressus</span> <span class='ocrx_word' id='word_1_289' title='bbox 838 2540 927 2572; x_wconf 89' lang='lat' dir='ltr'>tuos,</span> <span class='ocrx_word' id='word_1_290' title='bbox 951 2536 1114 2575; x_wconf 79' lang='lat' dir='ltr'>benignas</span> <span class='ocrx_word' id='word_1_291' title='bbox 1137 2545 1264 2576; x_wconf 82' lang='lat' dir='ltr'>preces,</span> 
     </span>
     <span class='ocr_line' id='line_1_40' title="bbox 252 2589 1266 2628; baseline 0.001 -9"><span class='ocrx_word' id='word_1_292' title='bbox 252 2590 373 2620; x_wconf 78' lang='lat' dir='ltr'>affectu</span> <span class='ocrx_word' id='word_1_293' title='bbox 393 2592 532 2628; x_wconf 90' lang='lat' dir='ltr'>paterno</span> <span class='ocrx_word' id='word_1_294' title='bbox 561 2597 627 2619; x_wconf 92' lang='lat' dir='ltr'>non</span> <span class='ocrx_word' id='word_1_295' title='bbox 654 2597 786 2624; x_wconf 87' lang='lat' dir='ltr'>vacuas,</span> <span class='ocrx_word' id='word_1_296' title='bbox 809 2593 864 2620; x_wconf 87' lang='lat' dir='ltr'>tue</span> <span class='ocrx_word' id='word_1_297' title='bbox 891 2589 1085 2620; x_wconf 85' lang='lat' dir='ltr'>celsitudini</span> <span class='ocrx_word' id='word_1_298' title='bbox 1111 2589 1266 2620; x_wconf 88' lang='lat' dir='ltr'>duximus</span> 
     </span>
     <span class='ocr_line' id='line_1_41' title="bbox 252 2641 1267 2682; baseline -0.001 -9"><span class='ocrx_word' id='word_1_299' title='bbox 252 2641 485 2682; x_wconf 54' lang='lat' dir='ltr'>porrigendam</span> <span class='ocrx_word' id='word_1_300' title='bbox 499 2650 582 2681; x_wconf 86' lang='lat' dir='ltr'>quas</span> <span class='ocrx_word' id='word_1_301' title='bbox 596 2650 634 2673; x_wconf 90' lang='lat' dir='ltr'>eo</span> <span class='ocrx_word' id='word_1_302' title='bbox 651 2641 802 2672; x_wconf 85' lang='lat' dir='ltr'>devotius</span> <span class='ocrx_word' id='word_1_303' title='bbox 818 2642 1041 2673; x_wconf 84' lang='lat' dir='ltr'>admittendas</span> <span class='ocrx_word' id='word_1_304' title='bbox 1053 2652 1071 2673; x_wconf 88' lang='lat' dir='ltr'>a</span> <span class='ocrx_word' id='word_1_305' title='bbox 1087 2646 1144 2672; x_wconf 82' lang='lat' dir='ltr'>tua</span> <span class='ocrx_word' id='word_1_306' title='bbox 1159 2642 1267 2673; x_wconf 83' lang='lat' dir='ltr'>excel-</span> 
     </span>
     <span class='ocr_line' id='line_1_42' title="bbox 251 2694 1268 2734; baseline -0.001 -8"><span class='ocrx_word' id='word_1_307' title='bbox 251 2695 356 2726; x_wconf 88' lang='lat' dir='ltr'>lentia</span> <span class='ocrx_word' id='word_1_308' title='bbox 379 2694 613 2734; x_wconf 82' lang='lat' dir='ltr'>sperabamus,</span> <span class='ocrx_word' id='word_1_309' title='bbox 641 2703 706 2734; x_wconf 87' lang='lat' dir='ltr'>quo</span> <span class='ocrx_word' id='word_1_310' title='bbox 726 2695 832 2733; x_wconf 79' lang='lat' dir='ltr'>magis</span> <span class='ocrx_word' id='word_1_311' title='bbox 854 2704 914 2734; x_wconf 92' lang='lat' dir='ltr'>pro</span> <span class='ocrx_word' id='word_1_312' title='bbox 933 2699 964 2726; x_wconf 90' lang='lat' dir='ltr'>te</span> <span class='ocrx_word' id='word_1_313' title='bbox 985 2704 1085 2734; x_wconf 87' lang='lat' dir='ltr'>quam</span> <span class='ocrx_word' id='word_1_314' title='bbox 1106 2705 1164 2734; x_wconf 91' lang='lat' dir='ltr'>pro</span> <span class='ocrx_word' id='word_1_315' title='bbox 1179 2695 1268 2725; x_wconf 85' lang='lat' dir='ltr'>dicta</span> 
     </span>
     <span class='ocr_line' id='line_1_43' title="bbox 253 2747 1269 2787; baseline -0.001 -8"><span class='ocrx_word' id='word_1_316' title='bbox 253 2747 393 2779; x_wconf 87' lang='lat' dir='ltr'>ecclesia</span> <span class='ocrx_word' id='word_1_317' title='bbox 409 2747 588 2782; x_wconf 80' lang='lat' dir='ltr'>faciebant,</span> <span class='ocrx_word' id='word_1_318' title='bbox 607 2756 682 2778; x_wconf 89' lang='lat' dir='ltr'>cum</span> <span class='ocrx_word' id='word_1_319' title='bbox 698 2747 734 2777; x_wconf 88' lang='lat' dir='ltr'>in</span> <span class='ocrx_word' id='word_1_320' title='bbox 751 2748 799 2778; x_wconf 87' lang='lat' dir='ltr'>eis</span> <span class='ocrx_word' id='word_1_321' title='bbox 816 2757 873 2787; x_wconf 91' lang='lat' dir='ltr'>pro</span> <span class='ocrx_word' id='word_1_322' title='bbox 887 2752 917 2778; x_wconf 88' lang='lat' dir='ltr'>te</span> <span class='ocrx_word' id='word_1_323' title='bbox 931 2748 1118 2787; x_wconf 85' lang='lat' dir='ltr'>spirituale,</span> <span class='ocrx_word' id='word_1_324' title='bbox 1135 2756 1194 2787; x_wconf 92' lang='lat' dir='ltr'>pro</span> <span class='ocrx_word' id='word_1_325' title='bbox 1209 2747 1269 2778; x_wconf 86' lang='lat' dir='ltr'>illa</span> 
     </span>
    </p>

    <p class='ocr_par' dir='ltr' id='par_1_7' title="bbox 221 2800 1269 2945">
     <span class='ocr_line' id='line_1_44' title="bbox 253 2800 1269 2840; baseline 0.002 -10"><span class='ocrx_word' id='word_1_326' title='bbox 253 2809 330 2831; x_wconf 86' lang='lat' dir='ltr'>vero</span> <span class='ocrx_word' id='word_1_327' title='bbox 348 2800 529 2839; x_wconf 87' lang='lat' dir='ltr'>temporale</span> <span class='ocrx_word' id='word_1_328' title='bbox 548 2800 755 2831; x_wconf 89' lang='lat' dir='ltr'>commodum</span> <span class='ocrx_word' id='word_1_329' title='bbox 771 2805 953 2840; x_wconf 87' lang='lat' dir='ltr'>pararetur.</span> <span class='ocrx_word' id='word_1_330' title='bbox 974 2801 1054 2835; x_wconf 83' lang='lat' dir='ltr'>Sed,</span> <span class='ocrx_word' id='word_1_331' title='bbox 1073 2801 1159 2831; x_wconf 84' lang='lat' dir='ltr'>sicut</span> <span class='ocrx_word' id='word_1_332' title='bbox 1175 2809 1269 2832; x_wconf 81' lang='lat' dir='ltr'>acce-</span> 
     </span>
     <span class='ocr_line' id='line_1_45' title="bbox 221 2846 1269 2893; baseline 0.001 -10"><span class='ocrx_word' id='word_1_333' title='bbox 221 2846 223 2849; x_wconf 62' lang='grc'><strong>’</strong></span> <span class='ocrx_word' id='word_1_334' title='bbox 253 2853 364 2892; x_wconf 88' lang='lat' dir='ltr'>pimus</span> <span class='ocrx_word' id='word_1_335' title='bbox 387 2858 418 2884; x_wconf 83' lang='lat' dir='ltr'>et</span> <span class='ocrx_word' id='word_1_336' title='bbox 440 2852 606 2888; x_wconf 90' lang='lat' dir='ltr'>dolemus,</span> <span class='ocrx_word' id='word_1_337' title='bbox 631 2852 776 2884; x_wconf 87' lang='lat' dir='ltr'>admisse</span> <span class='ocrx_word' id='word_1_338' title='bbox 796 2853 886 2884; x_wconf 79' lang='lat' dir='ltr'>infra</span> <span class='ocrx_word' id='word_1_339' title='bbox 905 2853 1128 2884; x_wconf 83' lang='lat' dir='ltr'>exauditionis</span> <span class='ocrx_word' id='word_1_340' title='bbox 1144 2857 1200 2884; x_wconf 89' lang='lat' dir='ltr'>tue</span> <span class='ocrx_word' id='word_1_341' title='bbox 1217 2853 1269 2893; x_wconf 90' lang='lat' dir='ltr'>ja-</span> 
     </span>
     <span class='ocr_line' id='line_1_46' title="bbox 253 2905 1267 2945; baseline 0 -9"><span class='ocrx_word' id='word_1_342' title='bbox 253 2915 354 2937; x_wconf 87' lang='lat' dir='ltr'>nuam</span> <span class='ocrx_word' id='word_1_343' title='bbox 385 2914 451 2936; x_wconf 92' lang='lat' dir='ltr'>non</span> <span class='ocrx_word' id='word_1_344' title='bbox 482 2906 636 2942; x_wconf 84' lang='lat' dir='ltr'>fuerunt,</span> <span class='ocrx_word' id='word_1_345' title='bbox 665 2905 916 2945; x_wconf 83' lang='lat' dir='ltr'>prevalentibus</span> <span class='ocrx_word' id='word_1_346' title='bbox 940 2905 1074 2937; x_wconf 90' lang='lat' dir='ltr'>illorum</span> <span class='ocrx_word' id='word_1_347' title='bbox 1104 2905 1267 2942; x_wconf 86' lang='lat' dir='ltr'>consiliis,</span> 
     </span>
    </p>
   </div>
   <div class='ocr_carea' id='block_1_7' title="bbox 1334 300 2358 1822">
    <p class='ocr_par' dir='ltr' id='par_1_8' title="bbox 1334 300 2358 1822">
     <span class='ocr_line' id='line_1_47' title="bbox 1334 300 2344 340; baseline 0.001 -11"><span class='ocrx_word' id='word_1_348' title='bbox 1334 310 1473 340; x_wconf 82' lang='lat' dir='ltr'>quorum</span> <span class='ocrx_word' id='word_1_349' title='bbox 1491 301 1588 339; x_wconf 60' lang='lat' dir='ltr'>ped-»s</span> <span class='ocrx_word' id='word_1_350' title='bbox 1607 301 1646 330; x_wconf 86' lang='lat' dir='ltr'>ad</span> <span class='ocrx_word' id='word_1_351' title='bbox 1663 300 1785 337; x_wconf 86' lang='lat' dir='ltr'>malum</span> <span class='ocrx_word' id='word_1_352' title='bbox 1803 305 1938 329; x_wconf 68' lang='lat' dir='ltr'>currunt</span> <span class='ocrx_word' id='word_1_353' title='bbox 1954 302 1973 331; x_wconf 83' lang='lat'>¹.</span> <span class='ocrx_word' id='word_1_354' title='bbox 1993 304 2021 328; x_wconf 64' lang='lat' dir='ltr'>vt</span> <span class='ocrx_word' id='word_1_355' title='bbox 2041 301 2098 338; x_wconf 73' lang='lat' dir='ltr'>qui</span> <span class='ocrx_word' id='word_1_356' title='bbox 2116 300 2344 331; x_wconf 64' lang='lat' dir='ltr'>letantur-&lt;funi</span> 
     </span>
     <span class='ocr_line' id='line_1_48' title="bbox 1334 352 2346 391; baseline 0 -9"><span class='ocrx_word' id='word_1_357' title='bbox 1334 353 1559 383; x_wconf 66' lang='lat' dir='ltr'>malesvvvrint</span> <span class='ocrx_word' id='word_1_358' title='bbox 1579 358 1606 382; x_wconf 68' lang='lat' dir='ltr'>--i</span> <span class='ocrx_word' id='word_1_359' title='bbox 1629 354 1661 382; x_wconf 88' lang='lat' dir='ltr'>in</span> <span class='ocrx_word' id='word_1_360' title='bbox 1681 353 1778 382; x_wconf 60' lang='lat' dir='ltr'>rubus</span> <span class='ocrx_word' id='word_1_361' title='bbox 1800 352 1945 381; x_wconf 60' lang='lat' dir='ltr'>vxuliaru</span> <span class='ocrx_word' id='word_1_362' title='bbox 1965 353 2090 391; x_wconf 67' lang='lat' dir='ltr'>iniquis</span> <span class='ocrx_word' id='word_1_363' title='bbox 2101 356 2124 387; x_wconf 77' lang='lat'>¹1,</span> <span class='ocrx_word' id='word_1_364' title='bbox 2144 353 2263 382; x_wconf 63' lang='lat' dir='ltr'>livonum</span> <span class='ocrx_word' id='word_1_365' title='bbox 2277 363 2346 382; x_wconf 81' lang='lat' dir='ltr'>ma-</span> 
     </span>
     <span class='ocr_line' id='line_1_49' title="bbox 1334 405 2347 439; baseline -0.002 -4"><span class='ocrx_word' id='word_1_366' title='bbox 1334 406 1401 435; x_wconf 87' lang='lat' dir='ltr'>lum</span> <span class='ocrx_word' id='word_1_367' title='bbox 1424 411 1452 435; x_wconf 63' lang='lat' dir='ltr'>vt</span> <span class='ocrx_word' id='word_1_368' title='bbox 1476 406 1598 435; x_wconf 83' lang='lat' dir='ltr'>malum</span> <span class='ocrx_word' id='word_1_369' title='bbox 1623 406 1766 439; x_wconf 75' lang='lat' dir='ltr'>bonum,</span> <span class='ocrx_word' id='word_1_370' title='bbox 1787 406 1940 435; x_wconf 59' lang='lat' dir='ltr'>tenebras</span> <span class='ocrx_word' id='word_1_371' title='bbox 1959 405 2064 435; x_wconf 60' lang='lat' dir='ltr'>lucem</span> <span class='ocrx_word' id='word_1_372' title='bbox 2085 410 2111 434; x_wconf 65' lang='grc'>1-1</span> <span class='ocrx_word' id='word_1_373' title='bbox 2131 406 2236 435; x_wconf 57' lang='lat' dir='ltr'>lurotu</span> <span class='ocrx_word' id='word_1_374' title='bbox 2256 411 2347 435; x_wconf 61' lang='lat' dir='ltr'>tenv-</span> 
     </span>
     <span class='ocr_line' id='line_1_50' title="bbox 1335 453 2344 496; baseline 0 -9"><span class='ocrx_word' id='word_1_375' title='bbox 1335 458 1410 488; x_wconf 82' lang='lat' dir='ltr'>bras</span> <span class='ocrx_word' id='word_1_376' title='bbox 1429 463 1613 488; x_wconf 56' lang='lat' dir='ltr'>statuentes</span> <span class='ocrx_word' id='word_1_377' title='bbox 1626 453 1646 487; x_wconf 77' lang='lat'>³.</span> <span class='ocrx_word' id='word_1_378' title='bbox 1666 459 1749 495; x_wconf 81' lang='lat' dir='ltr'>Quia</span> <span class='ocrx_word' id='word_1_379' title='bbox 1768 468 1843 487; x_wconf 74' lang='lat' dir='ltr'>vero</span> <span class='ocrx_word' id='word_1_380' title='bbox 1860 463 1952 496; x_wconf 65' lang='lat' dir='ltr'>palvr</span> <span class='ocrx_word' id='word_1_381' title='bbox 1971 467 2034 487; x_wconf 86' lang='lat' dir='ltr'>non</span> <span class='ocrx_word' id='word_1_382' title='bbox 2053 463 2156 496; x_wconf 67' lang='lat' dir='ltr'>pensi</span> <span class='ocrx_word' id='word_1_383' title='bbox 2176 469 2234 488; x_wconf 58' lang='lat' dir='ltr'>nes*</span> <span class='ocrx_word' id='word_1_384' title='bbox 2253 458 2344 487; x_wconf 57' lang='lat' dir='ltr'>‹inlu-1</span> 
     </span>
     <span class='ocr_line' id='line_1_51' title="bbox 1335 510 2347 541; baseline -0.002 -2"><span class='ocrx_word' id='word_1_385' title='bbox 1335 510 1548 540; x_wconf 68' lang='lat' dir='ltr'>dissimulare</span> <span class='ocrx_word' id='word_1_386' title='bbox 1571 510 1630 539; x_wconf 85' lang='lat' dir='ltr'>iilii</span> <span class='ocrx_word' id='word_1_387' title='bbox 1654 510 1833 540; x_wconf 62' lang='lat' dir='ltr'>lesionem,</span> <span class='ocrx_word' id='word_1_388' title='bbox 1862 520 1931 541; x_wconf 74' lang='lat' dir='ltr'>nos,</span> <span class='ocrx_word' id='word_1_389' title='bbox 1961 519 2023 539; x_wconf 89' lang='lat' dir='ltr'>non</span> <span class='ocrx_word' id='word_1_390' title='bbox 2047 511 2156 539; x_wconf 81' lang='lat' dir='ltr'>miuus</span> <span class='ocrx_word' id='word_1_391' title='bbox 2180 511 2218 539; x_wconf 59' lang='lat' dir='ltr'>do*</span> <span class='ocrx_word' id='word_1_392' title='bbox 2243 511 2347 540; x_wconf 74' lang='lat' dir='ltr'>salui&lt;¹</span> 
     </span>
     <span class='ocr_line' id='line_1_52' title="bbox 1337 562 2349 602; baseline -0.001 -10"><span class='ocrx_word' id='word_1_393' title='bbox 1337 568 1391 592; x_wconf 79' lang='lat' dir='ltr'>lua</span> <span class='ocrx_word' id='word_1_394' title='bbox 1413 572 1511 602; x_wconf 78' lang='lat' dir='ltr'>quam</span> <span class='ocrx_word' id='word_1_395' title='bbox 1533 563 1570 592; x_wconf 78' lang='lat' dir='ltr'>‹le</span> <span class='ocrx_word' id='word_1_396' title='bbox 1590 563 1696 600; x_wconf 72' lang='lat' dir='ltr'>ipsius</span> <span class='ocrx_word' id='word_1_397' title='bbox 1719 562 1857 592; x_wconf 51' lang='lat' dir='ltr'>‹seclusit-</span> <span class='ocrx_word' id='word_1_398' title='bbox 1881 563 2084 600; x_wconf 62' lang='lat' dir='ltr'>Drosvctilius</span> <span class='ocrx_word' id='word_1_399' title='bbox 2106 563 2239 592; x_wconf 64' lang='lat' dir='ltr'>sollis-iti</span> <span class='ocrx_word' id='word_1_400' title='bbox 2263 563 2349 592; x_wconf 45' lang='grc'><strong>6115-</strong></span> 
     </span>
     <span class='ocr_line' id='line_1_53' title="bbox 1337 615 2349 653; baseline 0 -8"><span class='ocrx_word' id='word_1_401' title='bbox 1337 620 1454 646; x_wconf 75' lang='lat' dir='ltr'>tentes.</span> <span class='ocrx_word' id='word_1_402' title='bbox 1473 615 1701 645; x_wconf 68' lang='lat' dir='ltr'>excellentiam</span> <span class='ocrx_word' id='word_1_403' title='bbox 1721 615 1857 651; x_wconf 57' lang='lat' dir='ltr'>regiain.</span> <span class='ocrx_word' id='word_1_404' title='bbox 1874 615 1979 644; x_wconf 76' lang='lat' dir='ltr'>adluu·</span> <span class='ocrx_word' id='word_1_405' title='bbox 1998 625 2109 652; x_wconf 61' lang='lat' dir='ltr'>praeces·</span> <span class='ocrx_word' id='word_1_406' title='bbox 2128 616 2279 653; x_wconf 66' lang='lat' dir='ltr'>precibus</span> <span class='ocrx_word' id='word_1_407' title='bbox 2297 616 2349 645; x_wconf 84' lang='lat' dir='ltr'>in-</span> 
     </span>
     <span class='ocr_line' id='line_1_54' title="bbox 1337 668 2347 708; baseline 0 -9"><span class='ocrx_word' id='word_1_408' title='bbox 1337 669 1507 699; x_wconf 73' lang='lat' dir='ltr'>culcando.</span> <span class='ocrx_word' id='word_1_409' title='bbox 1527 669 1723 698; x_wconf 82' lang='lat' dir='ltr'>1110nernlam</span> <span class='ocrx_word' id='word_1_410' title='bbox 1751 668 1905 697; x_wconf 74' lang='lat' dir='ltr'>duximus</span> <span class='ocrx_word' id='word_1_411' title='bbox 1927 673 1953 697; x_wconf 65' lang='lat' dir='ltr'>vt</span> <span class='ocrx_word' id='word_1_412' title='bbox 1975 669 2152 705; x_wconf 66' lang='lat' dir='ltr'>rogandam</span> <span class='ocrx_word' id='word_1_413' title='bbox 2172 674 2347 708; x_wconf 59' lang='lat' dir='ltr'>quat-wius.</span> 
     </span>
     <span class='ocr_line' id='line_1_55' title="bbox 1336 722 2350 760; baseline -0.003 -8"><span class='ocrx_word' id='word_1_414' title='bbox 1336 722 1448 752; x_wconf 83' lang='lat' dir='ltr'>divine</span> <span class='ocrx_word' id='word_1_415' title='bbox 1463 722 1596 760; x_wconf 74' lang='lat' dir='ltr'>pietalis</span> <span class='ocrx_word' id='word_1_416' title='bbox 1614 722 1749 751; x_wconf 84' lang='grc'><strong>1111111111.</strong></span> <span class='ocrx_word' id='word_1_417' title='bbox 1768 731 1825 760; x_wconf 81' lang='lat' dir='ltr'>pro</span> <span class='ocrx_word' id='word_1_418' title='bbox 1843 726 1956 750; x_wconf 77' lang='lat' dir='ltr'>nostra</span> <span class='ocrx_word' id='word_1_419' title='bbox 1969 731 2099 760; x_wconf 72' lang='lat' dir='ltr'>quoqin¹</span> <span class='ocrx_word' id='word_1_420' title='bbox 2116 726 2145 751; x_wconf 69' lang='lat' dir='ltr'>‹3t</span> <span class='ocrx_word' id='word_1_421' title='bbox 2164 722 2350 759; x_wconf 64' lang='lat' dir='ltr'>Apostoliaw</span> 
     </span>
     <span class='ocr_line' id='line_1_56' title="bbox 1337 774 2351 812; baseline -0.002 -7"><span class='ocrx_word' id='word_1_422' title='bbox 1337 776 1432 805; x_wconf 76' lang='lat' dir='ltr'>Sedis</span> <span class='ocrx_word' id='word_1_423' title='bbox 1450 775 1636 805; x_wconf 77' lang='lat' dir='ltr'>reverentia</span> <span class='ocrx_word' id='word_1_424' title='bbox 1653 779 1683 803; x_wconf 75' lang='lat' dir='ltr'>et</span> <span class='ocrx_word' id='word_1_425' title='bbox 1699 779 1751 804; x_wconf 80' lang='lat' dir='ltr'>tue</span> <span class='ocrx_word' id='word_1_426' title='bbox 1767 774 1885 803; x_wconf 77' lang='lat' dir='ltr'>salutis</span> <span class='ocrx_word' id='word_1_427' title='bbox 1899 774 2047 808; x_wconf 71' lang='lat' dir='ltr'>obtentu,</span> <span class='ocrx_word' id='word_1_428' title='bbox 2066 780 2245 803; x_wconf 63' lang='lat' dir='ltr'>invium-zuo</span> <span class='ocrx_word' id='word_1_429' title='bbox 2264 775 2351 812; x_wconf 65' lang='lat' dir='ltr'>epis-</span> 
     </span>
     <span class='ocr_line' id='line_1_57' title="bbox 1337 826 2348 866; baseline -0.002 -9"><span class='ocrx_word' id='word_1_430' title='bbox 1337 836 1415 866; x_wconf 90' lang='lat' dir='ltr'>copo</span> <span class='ocrx_word' id='word_1_431' title='bbox 1432 831 1461 857; x_wconf 84' lang='lat' dir='ltr'>ot</span> <span class='ocrx_word' id='word_1_432' title='bbox 1479 827 1618 857; x_wconf 70' lang='lat' dir='ltr'>ecclesia</span> <span class='ocrx_word' id='word_1_433' title='bbox 1636 827 1802 865; x_wconf 67' lang='lat' dir='ltr'>sepedicta</span> <span class='ocrx_word' id='word_1_434' title='bbox 1826 826 1865 855; x_wconf 85' lang='lat' dir='ltr'>ad</span> <span class='ocrx_word' id='word_1_435' title='bbox 1878 826 2146 866; x_wconf 72' lang='lat' dir='ltr'>jurisdictionem</span> <span class='ocrx_word' id='word_1_436' title='bbox 2167 827 2303 856; x_wconf 65' lang='lat' dir='ltr'>eandem</span> <span class='ocrx_word' id='word_1_437' title='bbox 2322 831 2348 855; x_wconf 66' lang='lat' dir='ltr'>vt</span> 
     </span>
     <span class='ocr_line' id='line_1_58' title="bbox 1337 879 2351 919; baseline -0.003 -10"><span class='ocrx_word' id='word_1_438' title='bbox 1337 880 1402 910; x_wconf 88' lang='lat' dir='ltr'>alia</span> <span class='ocrx_word' id='word_1_439' title='bbox 1417 880 1539 919; x_wconf 82' lang='lat' dir='ltr'>quibus</span> <span class='ocrx_word' id='word_1_440' title='bbox 1555 889 1611 909; x_wconf 67' lang='lat' dir='ltr'>eos</span> <span class='ocrx_word' id='word_1_441' title='bbox 1628 879 1789 918; x_wconf 77' lang='lat' dir='ltr'>spoliasti,</span> <span class='ocrx_word' id='word_1_442' title='bbox 1809 879 1936 917; x_wconf 70' lang='lat' dir='ltr'>integre</span> <span class='ocrx_word' id='word_1_443' title='bbox 1954 879 2134 913; x_wconf 73' lang='lat' dir='ltr'>restitutis,</span> <span class='ocrx_word' id='word_1_444' title='bbox 2155 879 2351 909; x_wconf 50' lang='lat' dir='ltr'>‹insistas-211,</span> 
     </span>
     <span class='ocr_line' id='line_1_59' title="bbox 1337 932 2353 972; baseline -0.003 -9"><span class='ocrx_word' id='word_1_445' title='bbox 1337 933 1473 972; x_wconf 84' lang='lat' dir='ltr'>injuriis</span> <span class='ocrx_word' id='word_1_446' title='bbox 1490 937 1521 963; x_wconf 87' lang='lat' dir='ltr'>et</span> <span class='ocrx_word' id='word_1_447' title='bbox 1538 932 1700 963; x_wconf 83' lang='lat' dir='ltr'>molestiis</span> <span class='ocrx_word' id='word_1_448' title='bbox 1718 932 1913 963; x_wconf 78' lang='lat' dir='ltr'>eorundem,</span> <span class='ocrx_word' id='word_1_449' title='bbox 1936 932 2062 961; x_wconf 56' lang='lat' dir='ltr'>sal-iens</span> <span class='ocrx_word' id='word_1_450' title='bbox 2081 932 2162 970; x_wconf 75' lang='lat' dir='ltr'>ipsis</span> <span class='ocrx_word' id='word_1_451' title='bbox 2180 932 2218 961; x_wconf 66' lang='lat' dir='ltr'>de</span> <span class='ocrx_word' id='word_1_452' title='bbox 2239 932 2353 970; x_wconf 76' lang='lat' dir='ltr'>‹lamp-</span> 
     </span>
     <span class='ocr_line' id='line_1_60' title="bbox 1339 985 2353 1026; baseline -0.002 -10"><span class='ocrx_word' id='word_1_453' title='bbox 1339 987 1391 1017; x_wconf 87' lang='lat' dir='ltr'>nis</span> <span class='ocrx_word' id='word_1_454' title='bbox 1408 991 1436 1017; x_wconf 83' lang='lat' dir='ltr'>et</span> <span class='ocrx_word' id='word_1_455' title='bbox 1452 986 1587 1026; x_wconf 82' lang='lat' dir='ltr'>injuriis</span> <span class='ocrx_word' id='word_1_456' title='bbox 1604 996 1621 1016; x_wconf 88' lang='lat' dir='ltr'>a</span> <span class='ocrx_word' id='word_1_457' title='bbox 1641 987 1707 1016; x_wconf 80' lang='lat' dir='ltr'>iuis</span> <span class='ocrx_word' id='word_1_458' title='bbox 1724 986 1844 1015; x_wconf 79' lang='lat' dir='ltr'>balivis</span> <span class='ocrx_word' id='word_1_459' title='bbox 1861 990 1890 1015; x_wconf 79' lang='lat' dir='ltr'>et</span> <span class='ocrx_word' id='word_1_460' title='bbox 1910 985 2103 1015; x_wconf 68' lang='lat' dir='ltr'>hominibus</span> <span class='ocrx_word' id='word_1_461' title='bbox 2120 985 2275 1021; x_wconf 61' lang='lat' dir='ltr'>irrogatis</span> <span class='ocrx_word' id='word_1_462' title='bbox 2293 985 2353 1015; x_wconf 69' lang='lat' dir='ltr'>cis-</span> 
     </span>
     <span class='ocr_line' id='line_1_61' title="bbox 1338 1038 2351 1077; baseline -0.001 -9"><span class='ocrx_word' id='word_1_463' title='bbox 1338 1040 1411 1070; x_wconf 86' lang='lat' dir='ltr'>dem</span> <span class='ocrx_word' id='word_1_464' title='bbox 1433 1039 1696 1069; x_wconf 75' lang='lat' dir='ltr'>satisfactionem</span> <span class='ocrx_word' id='word_1_465' title='bbox 1722 1048 1901 1077; x_wconf 69' lang='lat' dir='ltr'>congruam</span> <span class='ocrx_word' id='word_1_466' title='bbox 1924 1038 2091 1073; x_wconf 80' lang='lat' dir='ltr'>exhiberi,</span> <span class='ocrx_word' id='word_1_467' title='bbox 2118 1038 2163 1067; x_wconf 80' lang='lat' dir='ltr'>ita</span> <span class='ocrx_word' id='word_1_468' title='bbox 2188 1038 2273 1077; x_wconf 75' lang='lat' dir='ltr'>quod</span> <span class='ocrx_word' id='word_1_469' title='bbox 2298 1048 2351 1067; x_wconf 76' lang='lat' dir='ltr'>rex</span> 
     </span>
     <span class='ocr_line' id='line_1_62' title="bbox 1339 1091 2353 1132; baseline -0.002 -10"><span class='ocrx_word' id='word_1_470' title='bbox 1339 1102 1454 1131; x_wconf 75' lang='lat' dir='ltr'>regum</span> <span class='ocrx_word' id='word_1_471' title='bbox 1471 1093 1644 1123; x_wconf 85' lang='lat' dir='ltr'>Dominus.</span> <span class='ocrx_word' id='word_1_472' title='bbox 1663 1093 1757 1132; x_wconf 74' lang='lat' dir='ltr'>cujus</span> <span class='ocrx_word' id='word_1_473' title='bbox 1775 1095 1857 1121; x_wconf 86' lang='lat' dir='ltr'>nutu</span> <span class='ocrx_word' id='word_1_474' title='bbox 1874 1092 1985 1121; x_wconf 87' lang='lat' dir='ltr'>omnia</span> <span class='ocrx_word' id='word_1_475' title='bbox 2003 1091 2235 1130; x_wconf 81' lang='lat' dir='ltr'>disponuntur.</span> <span class='ocrx_word' id='word_1_476' title='bbox 2254 1092 2287 1120; x_wconf 91' lang='lat' dir='ltr'>in</span> <span class='ocrx_word' id='word_1_477' title='bbox 2306 1101 2353 1121; x_wconf 82' lang='lat' dir='ltr'>sa-</span> 
     </span>
     <span class='ocr_line' id='line_1_63' title="bbox 1339 1146 2354 1184; baseline -0.002 -8"><span class='ocrx_word' id='word_1_478' title='bbox 1339 1146 1407 1176; x_wconf 87' lang='lat' dir='ltr'>lute</span> <span class='ocrx_word' id='word_1_479' title='bbox 1431 1155 1467 1176; x_wconf 85' lang='lat' dir='ltr'>ac</span> <span class='ocrx_word' id='word_1_480' title='bbox 1494 1155 1573 1184; x_wconf 82' lang='lat' dir='ltr'>pace</span> <span class='ocrx_word' id='word_1_481' title='bbox 1594 1146 1742 1176; x_wconf 86' lang='lat' dir='ltr'>stabiliat</span> <span class='ocrx_word' id='word_1_482' title='bbox 1765 1154 1904 1183; x_wconf 71' lang='lat' dir='ltr'>regnum</span> <span class='ocrx_word' id='word_1_483' title='bbox 1929 1149 2039 1179; x_wconf 74' lang='lat' dir='ltr'>tuum,</span> <span class='ocrx_word' id='word_1_484' title='bbox 2065 1148 2160 1183; x_wconf 81' lang='lat' dir='ltr'>teque</span> <span class='ocrx_word' id='word_1_485' title='bbox 2186 1149 2257 1183; x_wconf 82' lang='lat' dir='ltr'>post</span> <span class='ocrx_word' id='word_1_486' title='bbox 2280 1154 2354 1182; x_wconf 72' lang='lat' dir='ltr'>pre-</span> 
     </span>
     <span class='ocr_line' id='line_1_64' title="bbox 1341 1197 2353 1236; baseline -0.003 -7"><span class='ocrx_word' id='word_1_487' title='bbox 1341 1199 1445 1229; x_wconf 81' lang='lat' dir='ltr'>sentis</span> <span class='ocrx_word' id='word_1_488' title='bbox 1465 1199 1530 1229; x_wconf 80' lang='lat' dir='ltr'>vite</span> <span class='ocrx_word' id='word_1_489' title='bbox 1547 1208 1692 1233; x_wconf 78' lang='lat' dir='ltr'>cursum,</span> <span class='ocrx_word' id='word_1_490' title='bbox 1711 1198 1865 1233; x_wconf 60' lang='lat' dir='ltr'>feliciter,</span> <span class='ocrx_word' id='word_1_491' title='bbox 1885 1207 1922 1228; x_wconf 88' lang='lat' dir='ltr'>eo</span> <span class='ocrx_word' id='word_1_492' title='bbox 1941 1197 2095 1227; x_wconf 69' lang='lat' dir='ltr'>sat-iente.</span> <span class='ocrx_word' id='word_1_493' title='bbox 2114 1201 2300 1236; x_wconf 74' lang='lat' dir='ltr'>peractum.</span> <span class='ocrx_word' id='word_1_494' title='bbox 2320 1198 2353 1227; x_wconf 92' lang='lat' dir='ltr'>in</span> 
     </span>
     <span class='ocr_line' id='line_1_65' title="bbox 1340 1251 2354 1291; baseline -0.003 -8"><span class='ocrx_word' id='word_1_495' title='bbox 1340 1257 1472 1283; x_wconf 82' lang='lat' dir='ltr'>eternas</span> <span class='ocrx_word' id='word_1_496' title='bbox 1489 1253 1625 1291; x_wconf 73' lang='lat' dir='ltr'>recipiat</span> <span class='ocrx_word' id='word_1_497' title='bbox 1645 1252 1847 1282; x_wconf 74' lang='lat' dir='ltr'>mansiones</span> <span class='ocrx_word' id='word_1_498' title='bbox 1867 1251 1901 1281; x_wconf 78' lang='lat' dir='ltr'>Si</span> <span class='ocrx_word' id='word_1_499' title='bbox 1920 1260 2008 1286; x_wconf 61' lang='lat' dir='ltr'>vero,</span> <span class='ocrx_word' id='word_1_500' title='bbox 2027 1251 2112 1290; x_wconf 81' lang='lat' dir='ltr'>quod</span> <span class='ocrx_word' id='word_1_501' title='bbox 2129 1251 2226 1280; x_wconf 82' lang='lat' dir='ltr'>absit.</span> <span class='ocrx_word' id='word_1_502' title='bbox 2246 1251 2354 1289; x_wconf 72' lang='lat' dir='ltr'>potius</span> 
     </span>
     <span class='ocr_line' id='line_1_66' title="bbox 1341 1303 2355 1344; baseline -0.003 -9"><span class='ocrx_word' id='word_1_503' title='bbox 1341 1315 1456 1336; x_wconf 88' lang='lat' dir='ltr'>eorum</span> <span class='ocrx_word' id='word_1_504' title='bbox 1470 1305 1638 1336; x_wconf 74' lang='lat' dir='ltr'>consiliis.</span> <span class='ocrx_word' id='word_1_505' title='bbox 1661 1314 1743 1344; x_wconf 84' lang='lat' dir='ltr'>quos</span> <span class='ocrx_word' id='word_1_506' title='bbox 1763 1314 1822 1335; x_wconf 80' lang='lat' dir='ltr'>nec</span> <span class='ocrx_word' id='word_1_507' title='bbox 1840 1304 1958 1334; x_wconf 82' lang='lat' dir='ltr'>salutis</span> <span class='ocrx_word' id='word_1_508' title='bbox 1976 1308 2030 1333; x_wconf 84' lang='lat' dir='ltr'>tue</span> <span class='ocrx_word' id='word_1_509' title='bbox 2048 1313 2106 1333; x_wconf 74' lang='lat' dir='ltr'>nec</span> <span class='ocrx_word' id='word_1_510' title='bbox 2123 1303 2259 1333; x_wconf 77' lang='lat' dir='ltr'>honoris</span> <span class='ocrx_word' id='word_1_511' title='bbox 2277 1313 2355 1333; x_wconf 78' lang='lat' dir='ltr'>cura</span> 
     </span>
     <span class='ocr_line' id='line_1_67' title="bbox 1342 1356 2355 1396; baseline -0.003 -8"><span class='ocrx_word' id='word_1_512' title='bbox 1342 1358 1511 1389; x_wconf 74' lang='lat' dir='ltr'>sollicitat.</span> <span class='ocrx_word' id='word_1_513' title='bbox 1525 1358 1691 1388; x_wconf 76' lang='lat' dir='ltr'>inherere.</span> <span class='ocrx_word' id='word_1_514' title='bbox 1706 1366 1804 1396; x_wconf 75' lang='lat' dir='ltr'>qnam</span> <span class='ocrx_word' id='word_1_515' title='bbox 1822 1357 1945 1386; x_wconf 72' lang='lat' dir='ltr'>«livinis</span> <span class='ocrx_word' id='word_1_516' title='bbox 1961 1356 2171 1395; x_wconf 82' lang='lat' dir='ltr'>jussionibus</span> <span class='ocrx_word' id='word_1_517' title='bbox 2189 1360 2217 1385; x_wconf 78' lang='lat' dir='ltr'>et</span> <span class='ocrx_word' id='word_1_518' title='bbox 2233 1356 2355 1386; x_wconf 82' lang='lat' dir='ltr'>nostris</span> 
     </span>
     <span class='ocr_line' id='line_1_68' title="bbox 1343 1409 2355 1448; baseline -0.004 -6"><span class='ocrx_word' id='word_1_519' title='bbox 1343 1411 1546 1442; x_wconf 83' lang='lat' dir='ltr'>salutaribus</span> <span class='ocrx_word' id='word_1_520' title='bbox 1560 1411 1697 1440; x_wconf 88' lang='lat' dir='ltr'>monitis</span> <span class='ocrx_word' id='word_1_521' title='bbox 1711 1410 1874 1440; x_wconf 85' lang='lat' dir='ltr'>assentire</span> <span class='ocrx_word' id='word_1_522' title='bbox 1889 1409 2086 1444; x_wconf 75' lang='lat' dir='ltr'>decreveris,</span> <span class='ocrx_word' id='word_1_523' title='bbox 2104 1414 2355 1448; x_wconf 76' lang='lat' dir='ltr'>quantumcum-</span> 
     </span>
     <span class='ocr_line' id='line_1_69' title="bbox 1344 1462 2356 1504; baseline -0.004 -9"><span class='ocrx_word' id='word_1_524' title='bbox 1344 1474 1407 1504; x_wconf 86' lang='lat' dir='ltr'>que</span> <span class='ocrx_word' id='word_1_525' title='bbox 1432 1464 1515 1494; x_wconf 83' lang='lat' dir='ltr'>alias</span> <span class='ocrx_word' id='word_1_526' title='bbox 1538 1464 1666 1494; x_wconf 74' lang='lat' dir='ltr'>deferre</span> <span class='ocrx_word' id='word_1_527' title='bbox 1688 1463 1829 1493; x_wconf 82' lang='lat' dir='ltr'>velimus</span> <span class='ocrx_word' id='word_1_528' title='bbox 1852 1462 2043 1493; x_wconf 71' lang='lat' dir='ltr'>eelsitudini</span> <span class='ocrx_word' id='word_1_529' title='bbox 2068 1462 2173 1500; x_wconf 77' lang='lat' dir='ltr'>regie,</span> <span class='ocrx_word' id='word_1_530' title='bbox 2200 1463 2267 1500; x_wconf 81' lang='lat' dir='ltr'>pati</span> <span class='ocrx_word' id='word_1_531' title='bbox 2291 1471 2356 1492; x_wconf 90' lang='lat' dir='ltr'>non</span> 
     </span>
     <span class='ocr_line' id='line_1_70' title="bbox 1343 1515 2357 1556; baseline -0.004 -8"><span class='ocrx_word' id='word_1_532' title='bbox 1343 1526 1520 1556; x_wconf 85' lang='lat' dir='ltr'>possumus</span> <span class='ocrx_word' id='word_1_533' title='bbox 1540 1525 1599 1547; x_wconf 85' lang='lat' dir='ltr'>nec</span> <span class='ocrx_word' id='word_1_534' title='bbox 1616 1516 1774 1546; x_wconf 75' lang='lat' dir='ltr'>debemus</span> <span class='ocrx_word' id='word_1_535' title='bbox 1795 1516 1870 1555; x_wconf 84' lang='lat' dir='ltr'>jura</span> <span class='ocrx_word' id='word_1_536' title='bbox 1890 1520 1919 1545; x_wconf 82' lang='lat' dir='ltr'>et</span> <span class='ocrx_word' id='word_1_537' title='bbox 1939 1515 2127 1545; x_wconf 67' lang='lat' dir='ltr'>libertatem</span> <span class='ocrx_word' id='word_1_538' title='bbox 2144 1515 2357 1545; x_wconf 64' lang='lat' dir='ltr'>Beli-acensis</span> 
     </span>
     <span class='ocr_line' id='line_1_71' title="bbox 1345 1567 2358 1609; baseline -0.005 -7"><span class='ocrx_word' id='word_1_539' title='bbox 1345 1571 1484 1602; x_wconf 81' lang='lat' dir='ltr'>ecclesie</span> <span class='ocrx_word' id='word_1_540' title='bbox 1510 1570 1678 1609; x_wconf 81' lang='lat' dir='ltr'>deperire,</span> <span class='ocrx_word' id='word_1_541' title='bbox 1700 1578 1740 1599; x_wconf 89' lang='lat' dir='ltr'>ne</span> <span class='ocrx_word' id='word_1_542' title='bbox 1766 1569 1896 1607; x_wconf 85' lang='lat' dir='ltr'>culpam</span> <span class='ocrx_word' id='word_1_543' title='bbox 1921 1568 2074 1599; x_wconf 82' lang='lat' dir='ltr'>alterius.</span> <span class='ocrx_word' id='word_1_544' title='bbox 2093 1567 2263 1597; x_wconf 71' lang='lat' dir='ltr'>dilationis</span> <span class='ocrx_word' id='word_1_545' title='bbox 2290 1568 2358 1597; x_wconf 87' lang='lat' dir='ltr'>dis-</span> 
     </span>
     <span class='ocr_line' id='line_1_72' title="bbox 1343 1614 2358 1664; baseline -0.005 -10"><span class='ocrx_word' id='word_1_546' title='bbox 1343 1624 1475 1664; x_wconf 77' lang='lat' dir='ltr'>pendio,</span> <span class='ocrx_word' id='word_1_547' title='bbox 1485 1628 1633 1654; x_wconf 84' lang='lat' dir='ltr'>nostram</span> <span class='ocrx_word' id='word_1_548' title='bbox 1642 1623 1750 1652; x_wconf 85' lang='lat' dir='ltr'>facere</span> <span class='ocrx_word' id='word_1_549' title='bbox 1763 1614 1946 1652; x_wconf 80' lang='lat' dir='ltr'>videamur.</span> <span class='ocrx_word' id='word_1_550' title='bbox 1956 1621 2030 1651; x_wconf 89' lang='lat' dir='ltr'>Non</span> <span class='ocrx_word' id='word_1_551' title='bbox 2043 1620 2131 1650; x_wconf 89' lang='lat' dir='ltr'>enim</span> <span class='ocrx_word' id='word_1_552' title='bbox 2141 1620 2358 1650; x_wconf 76' lang='lat' dir='ltr'>deserendum</span> 
     </span>
     <span class='ocr_line' id='line_1_73' title="bbox 1346 1672 2357 1715; baseline -0.006 -8"><span class='ocrx_word' id='word_1_553' title='bbox 1346 1681 1395 1708; x_wconf 86' lang='lat' dir='ltr'>est</span> <span class='ocrx_word' id='word_1_554' title='bbox 1413 1676 1548 1715; x_wconf 82' lang='lat' dir='ltr'>regibus</span> <span class='ocrx_word' id='word_1_555' title='bbox 1566 1675 1624 1705; x_wconf 84' lang='lat' dir='ltr'>ubi</span> <span class='ocrx_word' id='word_1_556' title='bbox 1641 1676 1709 1705; x_wconf 82' lang='lat' dir='ltr'>Rex</span> <span class='ocrx_word' id='word_1_557' title='bbox 1730 1683 1847 1713; x_wconf 79' lang='lat' dir='ltr'>regum</span> <span class='ocrx_word' id='word_1_558' title='bbox 1869 1673 2060 1708; x_wconf 80' lang='lat' dir='ltr'>offenditur,</span> <span class='ocrx_word' id='word_1_559' title='bbox 2081 1677 2112 1703; x_wconf 85' lang='lat' dir='ltr'>et</span> <span class='ocrx_word' id='word_1_560' title='bbox 2131 1672 2299 1703; x_wconf 89' lang='lat' dir='ltr'>interdum</span> <span class='ocrx_word' id='word_1_561' title='bbox 2324 1673 2357 1701; x_wconf 92' lang='lat' dir='ltr'>in</span> 
     </span>
     <span class='ocr_line' id='line_1_74' title="bbox 1346 1726 2357 1768; baseline -0.005 -8"><span class='ocrx_word' id='word_1_562' title='bbox 1346 1730 1468 1760; x_wconf 87' lang='lat' dir='ltr'>talibus</span> <span class='ocrx_word' id='word_1_563' title='bbox 1484 1729 1540 1759; x_wconf 88' lang='lat' dir='ltr'>ille</span> <span class='ocrx_word' id='word_1_564' title='bbox 1557 1729 1631 1768; x_wconf 87' lang='lat' dir='ltr'>plus</span> <span class='ocrx_word' id='word_1_565' title='bbox 1648 1732 1763 1759; x_wconf 87' lang='lat' dir='ltr'>onerat</span> <span class='ocrx_word' id='word_1_566' title='bbox 1780 1728 1837 1767; x_wconf 83' lang='lat' dir='ltr'>qui</span> <span class='ocrx_word' id='word_1_567' title='bbox 1853 1727 1927 1766; x_wconf 91' lang='lat' dir='ltr'>plus</span> <span class='ocrx_word' id='word_1_568' title='bbox 1944 1727 2108 1757; x_wconf 87' lang='lat' dir='ltr'>honorare</span> <span class='ocrx_word' id='word_1_569' title='bbox 2124 1726 2266 1756; x_wconf 76' lang='lat' dir='ltr'>videtur.</span> <span class='ocrx_word' id='word_1_570' title='bbox 2284 1727 2357 1755; x_wconf 87' lang='lat' dir='ltr'>Dat.</span> 
     </span>
     <span class='ocr_line' id='line_1_75' title="bbox 1345 1779 2317 1822; baseline -0.008 -8"><span class='ocrx_word' id='word_1_571' title='bbox 1345 1783 1507 1822; x_wconf 81' lang='lat' dir='ltr'>Anagnie,</span> <span class='ocrx_word' id='word_1_572' title='bbox 1526 1783 1610 1813; x_wconf 84' lang='lat' dir='ltr'>XIII</span> <span class='ocrx_word' id='word_1_573' title='bbox 1628 1781 1789 1812; x_wconf 81' lang='lat' dir='ltr'>kalendas</span> <span class='ocrx_word' id='word_1_574' title='bbox 1806 1779 2008 1815; x_wconf 81' lang='lat' dir='ltr'>novembris,</span> <span class='ocrx_word' id='word_1_575' title='bbox 2030 1787 2117 1809; x_wconf 89' lang='lat' dir='ltr'>anno</span> <span class='ocrx_word' id='word_1_576' title='bbox 2133 1779 2284 1817; x_wconf 86' lang='lat' dir='ltr'>septimo.</span> <span class='ocrx_word' id='word_1_577' title='bbox 2305 1791 2317 1805; x_wconf 64' lang='lat'>&gt;³</span> 
     </span>
    </p>
   </div>
   <div class='ocr_carea' id='block_1_8' title="bbox 1422 1975 2286 2027">
    <p class='ocr_par' dir='ltr' id='par_1_9' title="bbox 1422 1975 2286 2027">
     <span class='ocr_line' id='line_1_76' title="bbox 1422 1975 2286 2027; baseline -0.01 -2"><span class='ocrx_word' id='word_1_578' title='bbox 1422 1996 1542 2025; x_wconf 77' lang='lat'><strong>¹550</strong></span> <span class='ocrx_word' id='word_1_579' title='bbox 1881 1992 2008 2027; x_wconf 85' lang='lat' dir='ltr'>Anagni,</span> <span class='ocrx_word' id='word_1_580' title='bbox 2025 1991 2059 2018; x_wconf 87' lang='grc'>20</span> <span class='ocrx_word' id='word_1_581' title='bbox 2074 1991 2191 2018; x_wconf 84' lang='lat' dir='ltr'>octobre</span> <span class='ocrx_word' id='word_1_582' title='bbox 2210 1975 2286 2017; x_wconf 65' lang='lat'>1233.</span> 
     </span>
    </p>
   </div>
   <div class='ocr_carea' id='block_1_9' title="bbox 1345 2060 2360 2245">
    <p class='ocr_par' dir='ltr' id='par_1_10' title="bbox 1345 2060 2360 2245">
     <span class='ocr_line' id='line_1_77' title="bbox 1382 2060 2360 2098; baseline -0.009 -5"><span class='ocrx_word' id='word_1_583' title='bbox 1382 2064 1590 2093; x_wconf 83' lang='lat' dir='ltr'>Suessionensi</span> <span class='ocrx_word' id='word_1_584' title='bbox 1613 2067 1642 2090; x_wconf 89' lang='lat' dir='ltr'>et</span> <span class='ocrx_word' id='word_1_585' title='bbox 1662 2063 1841 2098; x_wconf 86' lang='lat' dir='ltr'>Lingonensi</span> <span class='ocrx_word' id='word_1_586' title='bbox 1862 2061 2008 2096; x_wconf 85' lang='lat' dir='ltr'>episcopis</span> <span class='ocrx_word' id='word_1_587' title='bbox 2025 2060 2139 2087; x_wconf 81' lang='lat' dir='ltr'>mandat</span> <span class='ocrx_word' id='word_1_588' title='bbox 2153 2063 2298 2094; x_wconf 79' lang='lat' dir='ltr'>quatenus</span> <span class='ocrx_word' id='word_1_589' title='bbox 2313 2067 2360 2085; x_wconf 84' lang='lat' dir='ltr'>re-</span> 
     </span>
     <span class='ocr_line' id='line_1_78' title="bbox 1345 2107 2360 2151; baseline -0.009 -9"><span class='ocrx_word' id='word_1_590' title='bbox 1345 2124 1412 2151; x_wconf 86' lang='lat' dir='ltr'>gem</span> <span class='ocrx_word' id='word_1_591' title='bbox 1435 2114 1611 2141; x_wconf 84' lang='lat' dir='ltr'>Francorum</span> <span class='ocrx_word' id='word_1_592' title='bbox 1636 2112 1669 2139; x_wconf 88' lang='lat' dir='ltr'>ad</span> <span class='ocrx_word' id='word_1_593' title='bbox 1692 2113 1747 2139; x_wconf 87' lang='lat' dir='ltr'>hoc</span> <span class='ocrx_word' id='word_1_594' title='bbox 1768 2111 1899 2138; x_wconf 85' lang='lat' dir='ltr'>sollicitis</span> <span class='ocrx_word' id='word_1_595' title='bbox 1921 2109 2039 2137; x_wconf 84' lang='lat' dir='ltr'>monitis</span> <span class='ocrx_word' id='word_1_596' title='bbox 2059 2112 2087 2135; x_wconf 82' lang='lat' dir='ltr'>et</span> <span class='ocrx_word' id='word_1_597' title='bbox 2110 2107 2360 2135; x_wconf 79' lang='lat' dir='ltr'>exhortationibus</span> 
     </span>
     <span class='ocr_line' id='line_1_79' title="bbox 1345 2155 2359 2196; baseline -0.01 -5"><span class='ocrx_word' id='word_1_598' title='bbox 1345 2164 1493 2191; x_wconf 84' lang='lat' dir='ltr'>inducant.</span> <span class='ocrx_word' id='word_1_599' title='bbox 1514 2176 1550 2183; x_wconf 95' lang='lat'>—</span> <span class='ocrx_word' id='word_1_600' title='bbox 1570 2162 1654 2196; x_wconf 73' lang='lat' dir='ltr'>(Rae.</span> <span class='ocrx_word' id='word_1_601' title='bbox 1673 2162 1718 2193; x_wconf 75' lang='lat'>17,</span> <span class='ocrx_word' id='word_1_602' title='bbox 1735 2160 1754 2187; x_wconf 75' lang='lat' dir='ltr'>f.</span> <span class='ocrx_word' id='word_1_603' title='bbox 1771 2160 1802 2187; x_wconf 79' lang='grc'>91</span> <span class='ocrx_word' id='word_1_604' title='bbox 1822 2166 1865 2193; x_wconf 74' lang='grc' dir='ltr'>1ος</span> <span class='ocrx_word' id='word_1_605' title='bbox 1882 2167 1949 2185; x_wconf 83' lang='lat' dir='ltr'>ann.</span> <span class='ocrx_word' id='word_1_606' title='bbox 1968 2157 2039 2190; x_wconf 91' lang='lat' dir='ltr'>VII,</span> <span class='ocrx_word' id='word_1_607' title='bbox 2056 2165 2082 2184; x_wconf 87' lang='lat' dir='ltr'>c.</span> <span class='ocrx_word' id='word_1_608' title='bbox 2101 2156 2167 2188; x_wconf 54' lang='lat'>31&amp;</span> <span class='ocrx_word' id='word_1_609' title='bbox 2184 2169 2219 2177; x_wconf 88' lang='lat'>—</span> <span class='ocrx_word' id='word_1_610' title='bbox 2240 2155 2359 2183; x_wconf 65' lang='lat' dir='ltr'>Monam</span> 
     </span>
     <span class='ocr_line' id='line_1_80' title="bbox 1348 2211 1597 2245; baseline -0.012 -5"><span class='ocrx_word' id='word_1_611' title='bbox 1348 2212 1426 2245; x_wconf 80' lang='lat'>1188,</span> <span class='ocrx_word' id='word_1_612' title='bbox 1443 2212 1463 2239; x_wconf 83' lang='lat' dir='ltr'>f.</span> <span class='ocrx_word' id='word_1_613' title='bbox 1479 2211 1530 2238; x_wconf 83' lang='grc'>212</span> <span class='ocrx_word' id='word_1_614' title='bbox 1547 2213 1597 2242; x_wconf 76' lang='grc' dir='ltr'>νο.)</span> 
     </span>
    </p>
   </div>
   <div class='ocr_carea' id='block_1_10' title="bbox 1347 2326 2362 2424">
    <p class='ocr_par' dir='ltr' id='par_1_11' title="bbox 1347 2326 2362 2424">
     <span class='ocr_line' id='line_1_81' title="bbox 1389 2326 2362 2369; baseline -0.006 -7"><span class='ocrx_word' id='word_1_615' title='bbox 1389 2347 1403 2362; x_wconf 85' lang='grc'>«</span> <span class='ocrx_word' id='word_1_616' title='bbox 1429 2358 1449 2364; x_wconf 91' lang='grc'>..</span> <span class='ocrx_word' id='word_1_617' title='bbox 1470 2333 1680 2364; x_wconf 76' lang='lat' dir='ltr'>Suessionensi</span> <span class='ocrx_word' id='word_1_618' title='bbox 1701 2337 1728 2362; x_wconf 77' lang='lat' dir='ltr'>et</span> <span class='ocrx_word' id='word_1_619' title='bbox 1751 2354 1770 2360; x_wconf 91' lang='lat'>..</span> <span class='ocrx_word' id='word_1_620' title='bbox 1788 2331 1974 2369; x_wconf 71' lang='lat' dir='ltr'>Linyonensi</span> <span class='ocrx_word' id='word_1_621' title='bbox 1993 2329 2147 2368; x_wconf 81' lang='lat' dir='ltr'>episcopis.</span> <span class='ocrx_word' id='word_1_622' title='bbox 2169 2327 2205 2358; x_wconf 88' lang='lat' dir='ltr'>Si</span> <span class='ocrx_word' id='word_1_623' title='bbox 2225 2326 2362 2357; x_wconf 85' lang='lat' dir='ltr'>carissi-</span> 
     </span>
     <span class='ocr_line' id='line_1_82' title="bbox 1347 2387 1842 2424; baseline -0.01 -5"><span class='ocrx_word' id='word_1_624' title='bbox 1347 2397 1422 2419; x_wconf 90' lang='lat' dir='ltr'>mus</span> <span class='ocrx_word' id='word_1_625' title='bbox 1435 2387 1471 2418; x_wconf 88' lang='lat' dir='ltr'>in</span> <span class='ocrx_word' id='word_1_626' title='bbox 1487 2404 1536 2416; x_wconf 91' lang='lat'>—.</span> <span class='ocrx_word' id='word_1_627' title='bbox 1553 2387 1626 2417; x_wconf 86' lang='lat' dir='ltr'>Dat.</span> <span class='ocrx_word' id='word_1_628' title='bbox 1644 2389 1681 2416; x_wconf 91' lang='lat' dir='ltr'>ut</span> <span class='ocrx_word' id='word_1_629' title='bbox 1698 2393 1808 2424; x_wconf 83' lang='lat' dir='ltr'>supra.</span> <span class='ocrx_word' id='word_1_630' title='bbox 1828 2395 1842 2411; x_wconf 72' lang='lat' dir='ltr'>n</span> 
     </span>
    </p>
   </div>
   <div class='ocr_carea' id='block_1_11' title="bbox 1426 2599 1543 2628">
    <p class='ocr_par' dir='ltr' id='par_1_12' title="bbox 1426 2599 1543 2628">
     <span class='ocr_line' id='line_1_83' title="bbox 1426 2599 1543 2628; baseline 0 0"><span class='ocrx_word' id='word_1_631' title='bbox 1426 2599 1543 2628; x_wconf 74' lang='lat'>¹551</span> 
     </span>
    </p>
   </div>
   <div class='ocr_carea' id='block_1_12' title="bbox 1387 2662 2362 2704">
    <p class='ocr_par' dir='ltr' id='par_1_13' title="bbox 1387 2662 2362 2704">
     <span class='ocr_line' id='line_1_84' title="bbox 1387 2662 2362 2704; baseline -0.012 -8"><span class='ocrx_word' id='word_1_632' title='bbox 1387 2669 1518 2704; x_wconf 79' lang='lat' dir='ltr'>Reginae</span> <span class='ocrx_word' id='word_1_633' title='bbox 1542 2667 1716 2694; x_wconf 78' lang='lat' dir='ltr'>Francorum</span> <span class='ocrx_word' id='word_1_634' title='bbox 1737 2665 1772 2692; x_wconf 89' lang='lat' dir='ltr'>de</span> <span class='ocrx_word' id='word_1_635' title='bbox 1792 2664 1893 2691; x_wconf 85' lang='lat' dir='ltr'>eadem</span> <span class='ocrx_word' id='word_1_636' title='bbox 1914 2671 1944 2690; x_wconf 85' lang='lat' dir='ltr'>re</span> <span class='ocrx_word' id='word_1_637' title='bbox 1965 2662 2081 2694; x_wconf 85' lang='lat' dir='ltr'>scribit,</span> <span class='ocrx_word' id='word_1_638' title='bbox 2098 2664 2243 2696; x_wconf 83' lang='lat' dir='ltr'>quatenus</span> <span class='ocrx_word' id='word_1_639' title='bbox 2263 2666 2362 2694; x_wconf 81' lang='lat' dir='ltr'>regem</span> 
     </span>
    </p>
   </div>
   <div class='ocr_carea' id='block_1_13' title="bbox 1884 2590 2290 2630">
    <p class='ocr_par' dir='ltr' id='par_1_14' title="bbox 1884 2590 2290 2630">
     <span class='ocr_line' id='line_1_85' title="bbox 1884 2590 2290 2630; baseline -0.01 -8"><span class='ocrx_word' id='word_1_640' title='bbox 1884 2594 2011 2630; x_wconf 81' lang='lat' dir='ltr'>Anagni,</span> <span class='ocrx_word' id='word_1_641' title='bbox 2027 2593 2061 2621; x_wconf 85' lang='grc'>20</span> <span class='ocrx_word' id='word_1_642' title='bbox 2077 2592 2194 2620; x_wconf 88' lang='lat' dir='ltr'>octobre</span> <span class='ocrx_word' id='word_1_643' title='bbox 2212 2590 2290 2619; x_wconf 83' lang='grc'><strong>1233.</strong></span> 
     </span>
    </p>
   </div>
   <div class='ocr_carea' id='block_1_14' title="bbox 1383 2819 1810 2942">
    <p class='ocr_par' dir='ltr' id='par_1_15' title="bbox 1383 2819 1810 2942">
     <span class='ocr_line' id='line_1_86' title="bbox 1386 2819 1810 2853; baseline -0.014 -4"><span class='ocrx_word' id='word_1_644' title='bbox 1386 2824 1406 2849; x_wconf 92' lang='grc'>1.</span> <span class='ocrx_word' id='word_1_645' title='bbox 1426 2823 1525 2852; x_wconf 62' lang='lat' dir='ltr'>Pnov„</span> <span class='ocrx_word' id='word_1_646' title='bbox 1541 2822 1562 2853; x_wconf 88' lang='lat'>1,</span> <span class='ocrx_word' id='word_1_647' title='bbox 1581 2822 1621 2851; x_wconf 88' lang='grc'>16;</span> <span class='ocrx_word' id='word_1_648' title='bbox 1638 2821 1685 2850; x_wconf 82' lang='lat' dir='ltr'>Is..</span> <span class='ocrx_word' id='word_1_649' title='bbox 1703 2819 1773 2849; x_wconf 83' lang='lat' dir='ltr'>LIX,</span> <span class='ocrx_word' id='word_1_650' title='bbox 1786 2819 1810 2843; x_wconf 82' lang='lat'>7.</span> 
     </span>
     <span class='ocr_line' id='line_1_87' title="bbox 1383 2866 1629 2897; baseline -0.008 -5"><span class='ocrx_word' id='word_1_651' title='bbox 1383 2868 1406 2894; x_wconf 80' lang='lat'>2.</span> <span class='ocrx_word' id='word_1_652' title='bbox 1426 2868 1525 2895; x_wconf 74' lang='lat' dir='ltr'>Pnov..</span> <span class='ocrx_word' id='word_1_653' title='bbox 1543 2867 1577 2897; x_wconf 81' lang='lat'>11,</span> <span class='ocrx_word' id='word_1_654' title='bbox 1593 2866 1629 2890; x_wconf 71' lang='lat'>14.</span> 
     </span>
     <span class='ocr_line' id='line_1_88' title="bbox 1385 2910 1638 2942; baseline -0.004 -5"><span class='ocrx_word' id='word_1_655' title='bbox 1385 2913 1408 2937; x_wconf 88' lang='grc'>3.</span> <span class='ocrx_word' id='word_1_656' title='bbox 1427 2911 1468 2937; x_wconf 82' lang='lat' dir='ltr'>Cr.</span> <span class='ocrx_word' id='word_1_657' title='bbox 1486 2912 1533 2942; x_wconf 76' lang='lat' dir='ltr'>Is,</span> <span class='ocrx_word' id='word_1_658' title='bbox 1551 2911 1584 2941; x_wconf 92' lang='lat' dir='ltr'>V,</span> <span class='ocrx_word' id='word_1_659' title='bbox 1599 2910 1638 2936; x_wconf 75' lang='lat'>20.</span> 
     </span>
    </p>
   </div>
  </div>
 </body>
</html>
