2498 3242
147 303 205 333 829
1004 293 1218 333 SEPTIEME
1239 295 1400 333 ANNEE.
2198 305 2257 338 830

147 368 332 399 christiane
354 368 486 407 religio,
515 377 575 399 nec
598 369 699 399 etiarn
722 369 820 399 timor
842 369 947 399 divini
967 369 1087 409 judicii
1105 377 1161 398 eos

147 421 189 451 ad
204 421 266 451 hoc
288 421 446 452 inducere
466 421 669 460 potuissent,
688 421 805 452 saltem
828 426 961 460 propter
976 421 1161 451 humanum

147 473 323 512 pudorem,
341 482 416 504 cum
435 482 500 504 non
521 474 687 512 expediat,
707 474 764 504 sed
780 474 889 512 potius
908 474 1050 504 multum
1072 474 1161 512 ipso-

147 535 222 556 rum
253 526 409 557 dedeceat
444 526 613 557 civitatem
651 531 783 565 propter
812 527 1000 566 aliquorum
1030 526 1160 565 culpam

148 579 323 609 infamiam
340 583 466 609 tantam
484 579 655 610 incurrere
674 589 711 610 ac
727 580 840 609 subire
857 588 1052 617 gravamen,
1073 583 1104 609 et
1120 578 1160 609 ob

146 631 369 662 reverentiam
381 636 528 662 nostram
542 632 728 662 debuerunt
740 632 931 662 mandatum
943 631 1160 670 apostolicum

148 684 266 723 exequi
285 689 485 715 reverenter.
509 685 554 715 Ut
574 685 678 723 igitur
701 694 838 724 presens
863 685 1002 715 monitio
1028 684 1161 715 eosdem

147 741 344 776 potestatem
360 741 392 767 et
407 737 585 768 consilium
602 739 791 776 premuniat
810 742 839 768 et
859 748 876 768 a
892 747 976 776 pena
992 741 1161 776 preservet

148 791 314 829 impunes,
329 790 418 829 ipsos
431 794 555 821 attente
567 791 748 821 monendos
760 791 915 821 duximus
924 794 955 820 et
966 790 1158 826 hortandos,

147 843 264 874 dantes
280 843 345 873 sibi
362 843 511 874 districte
525 844 647 873 nostris
658 844 780 873 litteris
793 844 827 873 in
842 843 1005 882 preceptis.
1021 847 1067 878 ut,
1086 852 1159 873 con-

148 895 270 926 sultius
287 905 399 926 secum
420 901 574 934 agentes,
598 896 778 927 heredibus
796 896 976 926 eorundem
993 896 1030 925 13.
1049 900 1080 926 et
1096 896 1132 927 C.
1148 897 1158 916 ¹

148 949 200 979 vel
216 958 330 980 eorum
350 949 468 979 nuntio
491 949 579 979 infra
604 949 686 979 duos
708 958 840 979 menses
862 958 880 979 a
895 949 1084 987 receptione
1103 948 1159 978 lit-

148 1006 295 1033 terarum
313 1006 518 1037 nostrarum,
537 1011 612 1032 cum
631 1002 732 1042 justis
755 1006 786 1032 et
808 1001 987 1032 moderatis
1004 1001 1159 1040 expensis

147 1059 178 1086 et
200 1055 311 1086 debita
338 1055 567 1085 satisfactione
588 1055 806 1093 dampnorum
827 1054 976 1093 plenarie
1001 1054 1160 1084 satisfieri

147 1107 272 1138 faciant
294 1108 332 1137 de
349 1107 534 1146 premissis.
553 1107 697 1146 Ideoque
716 1107 912 1137 mandamus
929 1110 1111 1145 quatenus,
1130 1106 1159 1136 si

146 1160 369 1199 prenominati
392 1165 538 1198 potestas
556 1164 587 1190 et
603 1159 781 1190 consilium
802 1164 993 1198 preceptum
1009 1163 1160 1189 nostrum

147 1213 355 1252 neglexerint
371 1213 563 1251 adimplere,
574 1222 631 1242 vos
643 1217 773 1242 extunc.
785 1212 966 1250 predictam
976 1220 1160 1241 excommu-

148 1266 327 1296 nicationis
344 1265 545 1296 sententiam
567 1265 698 1304 publice
720 1265 936 1299 innovantes,
955 1265 1061 1302 ipsam
1078 1273 1160 1303 quo-

147 1328 254 1358 usque
285 1328 384 1357 super
412 1318 586 1356 premissis
616 1317 778 1355 condigne
809 1317 1019 1347 satisfactum
1045 1317 1158 1352 suerit,

148 1372 281 1402 faciatis
303 1370 447 1408 singulis
467 1370 585 1401 diebus
608 1370 785 1400 dominicis
807 1374 839 1400 et
859 1369 1000 1400 festivis.
1018 1369 1160 1407 pulsatis

148 1423 319 1462 campanis
333 1427 364 1453 et
377 1422 526 1453 candelis
542 1422 703 1457 accensis,
720 1421 962 1452 inviolabiliter
976 1421 1158 1452 observari.

147 1476 241 1514 Quod
263 1476 291 1506 si
314 1484 374 1506 nec
395 1475 442 1505 sic
464 1475 630 1505 mandatis
654 1475 778 1505 nostris
800 1474 990 1504 curaverint
1012 1473 1157 1509 obedire,

145 1529 334 1559 vicinarum
359 1527 407 1558 eis
430 1527 592 1558 faciemus
612 1527 769 1557 interdici
790 1527 953 1557 comercia
973 1526 1157 1556 civitatum.

145 1581 321 1613 Provideat
337 1580 451 1619 itaque
466 1580 578 1610 taliter
594 1589 693 1618 super
712 1580 773 1610 hoc
792 1580 973 1610 eorundem
989 1580 1157 1615 discretio,

143 1643 185 1665 ne
208 1643 268 1664 nos
290 1633 463 1672 providere
487 1633 585 1663 aliter
605 1633 853 1671 compellamur,
878 1633 958 1672 quia
979 1636 1159 1672 quantum-

143 1695 285 1726 cumque
298 1686 388 1725 ipsos
405 1686 610 1716 sinceritatis
625 1685 774 1716 brachiis
790 1685 1027 1724 amplexemur,
1043 1685 1158 1716 deesse

144 1744 254 1770 tamen
282 1739 413 1778 justitie
442 1748 503 1769 nec
530 1747 707 1777 possumus
732 1747 791 1768 nec
818 1738 988 1768 debemus.
1020 1738 1055 1769 Si
1082 1747 1159 1768 vero

143 1792 319 1823 memorati
335 1791 603 1822 Mediolanenses
620 1792 661 1822 ad
675 1792 870 1821 mandatum
886 1791 1033 1821 Ecclesie
1049 1791 1159 1821 volue-

144 1845 212 1875 rint
238 1854 341 1884 prona
374 1849 484 1875 mente
514 1845 640 1880 redire,
672 1854 746 1877 vos,
778 1845 818 1874 ab
851 1844 899 1875 eis
929 1844 1159 1874 satisfactione

145 1902 294 1936 recepta,
324 1898 450 1928 eisdem
476 1898 570 1937 juxta
594 1898 735 1928 sormam
762 1897 910 1928 Ecclesie
938 1897 1160 1927 absolutionis

146 1950 344 1981 beneficium
368 1951 581 1989 impendatis.
606 1951 701 1987 Quod
723 1951 752 1981 si
775 1959 840 1980 non
861 1959 976 1980 omnes
999 1955 1058 1980 etc.
1084 1951 1159 1980 Dat.

146 1993 311 2041 Anagnie,
329 2003 440 2033 idibus
453 2004 598 2041 augusti,
616 2012 703 2034 anno
719 2004 871 2042 septimo.
892 2016 904 2029 »

227 2195 245 2222 Ι
253 2195 342 2224 5⁰2

186 2257 386 2290 Alex[andro].
403 2256 582 2283 subdiacono
599 2264 662 2287 suo,
680 2258 820 2283 canonico
831 2256 1161 2291 Constantinopolitano,

149 2310 254 2332 terram
272 2305 460 2333 Undecimae,
471 2313 556 2339 quam
575 2305 743 2339 Apostolica
753 2304 845 2331 Sedes
857 2305 979 2331 habebat
995 2306 1021 2331 in
1033 2306 1163 2340 partibus

150 2354 323 2385 Romaniae,
345 2354 399 2380 sul)
421 2361 516 2379 :mnuo
533 2361 623 2379 censu
641 2361 726 2387 quem
743 2352 927 2387 Jlohannes]‚
946 2354 1020 2380 tituli
1039 2353 1162 2381 Sanctae

149 2402 289 2429 Praxedis
306 2402 458 2437 presbyter
472 2402 636 2433 cardinalis,
653 2402 804 2428 dicebatur
817 2403 966 2434 statuisse,
981 2410 1046 2429 cum
1059 2403 1085 2429 in
1100 2412 1163 2438 par-

148 2452 226 2479 tibus
242 2452 299 2478 illis
316 2452 469 2485 legationis
485 2451 577 2477 officio
594 2450 773 2485 fungeretur,
790 2451 954 2483 committit,
973 2459 1027 2477 non
1044 2451 1162 2479 obstan-

149 2500 227 2528 tibus
243 2501 346 2527 litteris
361 2508 434 2534 quas
450 2508 540 2534 super
557 2500 610 2526 hoc
625 2499 794 2526 Tancredns
812 2500 903 2526 laicus
915 2511 929 2526 a
943 2500 1018 2527 Sede
1035 2501 1163 2535 Aposto-

150 2549 202 2576 lica
214 2549 364 2575 dicebatur
375 2549 558 2582 impetrasse.
569 2547 697 2580 -(Reo.
715 2549 754 2576 l7.
768 2548 879 2581 t.791·0;
893 2557 960 2576 ann.
973 2548 1037 2577 VIl.
1050 2557 1075 2576 c.
1088 2549 1160 2581 ⁶274.)

728 2194 859 2228 Anagni,
879 2194 912 2221 ‘20
927 2195 995 2221 aout
1014 2194 1089 2222 1233.

192 2663 204 2676 (ι
223 2650 434 2687 ΑῐωξηιιιΙιηή,
453 2649 638 2678 subdiacono
655 2655 765 2679 nostro.
784 2651 931 2679 canonico
947 2650 1164 2681 Constantino-

147 2704 297 2742 politam>⁴
316 2703 362 2731 De
381 2706 434 2731 tue
451 2702 637 2731 devotionis
651 2719 700 2730 —.
724 2703 798 2731 Dat.
819 2703 986 2740 Anagnie,
1004 2703 1088 2733 XIII
1104 2703 1164 2733 ka-

151 2755 266 2786 lendas
286 2754 495 2793 septembris.
515 2763 602 2784 anno
621 2754 773 2793 septimo.
795 2767 806 2780 n

186 2881 207 2904 1.
224 2881 262 2905 Le
279 2882 401 2910 Reyislre
426 2879 527 2910 portait
549 2879 787 2910 primitivemont:
807 2882 899 2904 eidem
921 2883 950 2904 Β.
971 2884 995 2905 el
1015 2883 1166 2907 heredibus

153 2927 223 2949 dicti
245 2927 270 2950 C.
294 2924 331 2948 Le
353 2927 426 2948 texte
447 2923 538 2947 donne
559 2923 594 2947 ici
615 2924 717 2947 resulto
741 2924 822 2948 d'uno
844 2925 1012 2954 correction,
1035 2926 1071 2950 du
1093 2931 1166 2952 reste

153 2968 328 2992 absolument
343 2966 570 2997 contemporaine
586 2966 622 2990 du
638 2968 772 2997 Registre.

1318 369 1434 398 15⁰3
1829 371 1954 406 Anagni,
1969 371 2003 398 26
2020 372 2088 398 nont
2106 371 2183 399 1233.

1280 431 1386 459 Abbati
1407 431 1506 459 Sancti
1530 432 1680 459 Michaelis
1695 432 1730 459 de
1753 432 1879 465 Guamo,
1903 433 2036 460 Lucanae
2052 433 2211 467 dioecesis,
2228 437 2258 462 et

1244 479 1324 507 fratri
1347 479 1391 512 1³2,
1409 480 1518 507 ordinis
1537 481 1785 513 Praedicatorum,
1809 481 1923 508 mandat
1947 486 2092 516 quatenus
2116 483 2257 518 quasdam

1244 529 1356 555 nobiles
1372 529 1508 556 mulieres
1529 530 1654 556 civitatis
1674 529 1821 558 Lucanae.
1845 530 1918 557 lucis
1940 533 2050 558 auctori
2074 532 2208 559 laudibus
2224 540 2257 559 se

1243 576 1382 611 deputare
1397 578 1550 612 cupientes
1572 581 1601 604 et
1623 578 1651 604 in
1675 579 1851 605 monasterio
1870 578 1968 605 Sancti
1984 578 2128 611 Cerbonii,
2147 580 2257 607 ordinis

1243 624 1335 651 sancti
1354 624 1515 657 Benedicti,
1533 625 1665 652 Lucanae
1681 625 1835 658 dioecesis,
1849 626 1904 652 sub
1921 627 2045 661 regulari
2062 628 2159 654 habitu
2175 636 2257 655 com-

1245 674 1365 702 morari,
1383 674 1489 701 saciant
1510 682 1576 701 cum
1594 675 1767 702 monialibus
1783 675 1811 702 in
1829 675 1931 702 eodem
1955 677 2129 703 monasterio
2143 677 2257 704 consti-

1243 723 1315 749 tutis
1330 724 1491 750 consistere
1509 723 1564 750 sub
1581 724 1725 750 clausura.
1743 739 1776 744 —
1791 723 1874 757 (Rau.
1894 725 1936 756 17,
1953 725 1972 752 f.
1991 725 2024 752 79
2041 731 2081 758 r⁰;
2099 734 2166 753 ann.
2183 724 2254 757 VII,

1243 780 1269 798 c.
1285 772 1354 803 275;
1371 787 1404 792 —
1422 772 1570 799 PorruAsr
1585 772 1677 805 9280.)

1285 885 1298 900 «
1317 896 1338 901 ..
1355 873 1457 903 abbati
1472 873 1580 903 Sancti
1598 874 1756 903 Michaelis
1781 874 1814 903 de
1838 874 1962 910 Guamo,
1984 875 2103 904 Lucane
2119 875 2253 909 diocesis,

1242 931 1268 955 et
1283 927 1379 962 fratri
1395 927 1440 961 F.,
1458 927 1578 955 ordinis
1591 927 1834 956 Predicatorum.
1848 927 1946 956 Viam
1959 927 2026 957 vite
2037 928 2256 966 querentibus

1242 996 1291 1007 —-.
1322 979 1396 1009 Dat.
1427 978 1595 1017 Anagnie,
1623 979 1688 1009 VII
1723 979 1884 1010 kalendas
1916 980 2134 1018 septembris,
2169 989 2257 1011 anno

1242 1031 1394 1070 septimo.
1412 1043 1426 1058 »

1318 1196 1439 1225 1504
1828 1197 1954 1232 Anagni‚
1971 1198 2005 1226 25
2021 1200 2089 1226 nont
2106 1198 2184 1227 1233.

1280 1257 1371 1284 Fratri
1386 1258 1511 1285 Johanni
1527 1258 1563 1285 de
1578 1258 1723 1287 Vicentia.
1741 1259 1851 1286 ordinis
1862 1259 2108 1293 Praedicatorum,
2122 1261 2257 1288 commit-

1243 1307 1277 1333 tit
1293 1310 1323 1333 ut
1340 1307 1477 1338 Milantio,
1495 1308 1578 1334 militi
1595 1307 1786 1340 Bononiensi,
1805 1308 1976 1335 beneficium
1992 1310 2184 1336 absolutionis
2199 1309 2256 1336 im-

1243 1355 1359 1389 pendat,
1376 1355 1507 1389 injuncto
1523 1356 1615 1382 eidem
1634 1355 1762 1383 Milantio
1778 1356 1871 1390 quod,
1889 1357 2002 1383 civibus
2021 1357 2256 1385 viterbiensibus

1243 1411 1333 1439 super
1349 1404 1455 1437 quibus
1480 1405 1508 1430 in
1531 1404 1575 1430 eis
1592 1405 1759 1437 tenebatur,
1778 1405 1940 1437 satisfacto,
1962 1406 1989 1432 in
2016 1407 2107 1441 primo
2128 1408 2254 1441 generali

1242 1453 1378 1487 passagio
1404 1461 1454 1487 per
1477 1452 1583 1479 sedem
1609 1453 1808 1488 Apostolicam
1836 1454 2036 1488 praefigendo,
2061 1457 2116 1482 iter
2137 1455 2254 1491 arripiat

1242 1501 1330 1528 eundi
1346 1501 1374 1527 in
1398 1501 1562 1528 subsidium
1585 1501 1691 1529 Terrae
1714 1501 1853 1535 Sanctae,
1870 1511 1922 1538 per
1937 1503 2085 1531 biennium
2102 1505 2146 1531 vel
2165 1505 2255 1531 trien-

1242 1551 1322 1577 nium
1339 1554 1504 1577 moraturus
1519 1550 1637 1577 ibidem.
1649 1566 1682 1570 —
1696 1551 1777 1584 (Rso.
1792 1551 1835 1583 17,
1848 1551 1914 1579 1179
1930 1557 1971 1584 r0;
1988 1561 2054 1579 ann.
2069 1552 2135 1585 VII,
2148 1561 2173 1580 c.
2185 1553 2252 1584 2762

1241 1613 1276 1619 —-
1292 1599 1440 1627 Po'r'rffls'r
1455 1599 1546 1633 9278.)

1284 1713 1297 1728 «
1331 1702 1436 1730 Fratri
1461 1702 1599 1731 Johanni
1621 1702 1654 1731 de
1686 1703 1838 1737 Vicentia,
1867 1703 1988 1732 ordinis
2010 1704 2254 1734 Predicatorum.

1241 1754 1436 1784 Devotionis
1450 1758 1506 1784 tue
1518 1754 1648 1784 litteras
1661 1771 1710 1783 --.
1726 1755 1800 1785 Dat.
1817 1755 1981 1794 Anagnie,
1999 1756 2081 1786 VIII
2095 1756 2256 1787 kalendas

1242 1807 1452 1846 septembris,
1471 1816 1558 1838 anno
1574 1807 1725 1846 septimo.
1745 1819 1758 1835 n

1317 1973 1438 2001 1505
1830 1974 1957 2008 Anagni,
1973 1974 2008 2001 23
2023 1976 2091 2002 aout
2106 1975 2183 2003 1233.

1279 2033 1393 2069 Regem
1411 2034 1547 2061 Franciae
1567 2035 1698 2061 hortatur
1713 2038 1858 2069 quatenus
1873 2035 1976 2062 efficiat
1991 2039 2022 2062 ut
2036 2037 2258 2073 archiepiscopo

1244 2083 1473 2118 Rothomagensi
1488 2087 1517 2110 et
1533 2085 1598 2118 ejus
1614 2084 1756 2110 eeclesiae
1767 2085 1897 2111 omnium
1914 2085 2055 2112 bonorum
2073 2086 2121 2112 fiat
2137 2086 2257 2114 restitu-

1244 2133 1294 2159 tio.
1307 2147 1343 2153 —
1360 2132 1442 2164 (Rae.
1461 2133 1502 2160 17,
1523 2132 1542 2159 f.
1565 2132 1598 2160 79
1614 2139 1661 2163 νος
1681 2141 1748 2159 ann.
1767 2132 1837 2165 VII,
1855 2141 1881 2160 c.
1897 2133 1968 2164 ‘277;
1986 2149 2019 2153 —
2035 2134 2155 2162 Mem-:Au
2173 2135 2255 2163 1188.

1245 2181 1264 2208 f.
1283 2181 1349 2212 167;
1366 2181 1444 2213 ibid„
1462 2181 1481 2207 f.
1502 2181 1570 2215 169;
1586 2181 1622 2208 cf.
1642 2182 1719 2214 ibid.,
1735 2182 1754 2209 f.
1772 2182 1844 2214 224.)

1288 2295 1301 2310 «
1328 2305 1347 2312 ..
1376 2284 1492 2312 illustri
1520 2285 1584 2321 reyi
1605 2283 1799 2313 Francorum
1825 2285 1944 2313 illustri
1968 2284 2044 2322 (sic).
2073 2284 2176 2320 Quasi
2200 2293 2258 2314 vas

1246 2344 1385 2366 aureum
1416 2336 1556 2373 gemmis
1589 2336 1796 2366 enitentibus
1830 2336 2027 2366 adornatum
2057 2337 2133 2367 aula
2164 2337 2259 2375 regni

1245 2388 1385 2419 Francie
1405 2389 1535 2418 cunctis
1557 2388 1762 2426 temporibus
1785 2389 1935 2419 noscitur
1950 2389 2111 2420 extitisse.
2130 2389 2261 2420 Placuit

1246 2441 1381 2480 quidem
1404 2441 1596 2471 constitutis
1622 2441 1657 2470 in
1679 2441 1738 2471 illa
1760 2441 1896 2479 regibus
1919 2442 2074 2479 gratiosis
2097 2443 2145 2473 sic
2169 2442 2259 2480 regie

1246 2493 1458 2524 celsitudinis
1487 2494 1662 2524 intendere
1696 2494 1840 2524 viriliter
1871 2495 2105 2531 incrementis,
2139 2500 2175 2525 ut
2202 2495 2260 2534 qui

1247 2546 1379 2584 generis
1402 2551 1498 2576 erant
1522 2546 1728 2577 sublimitate
1752 2547 1939 2585 conspicui,
1967 2548 2127 2577 virtutum
2153 2547 2260 2578 excel-

1245 2598 1349 2628 lentia
1363 2599 1533 2629 extiterint
1547 2600 1647 2629 etiam
1664 2599 1822 2629 redimiti.
1840 2600 1975 2635 Verum,
1994 2609 2068 2629 cnm
2085 2609 2183 2638 super
2199 2599 2261 2630 hoc

1246 2651 1311 2689 ipsi
1328 2660 1384 2690 pre
1401 2652 1536 2690 regibus
1553 2657 1639 2683 terre
1656 2652 1866 2691 profecerint,
1886 2653 2017 2682 favente
2033 2652 2174 2682 Domino
2190 2661 2261 2690 gra-

1247 2704 1387 2739 tiarum,
1406 2705 1539 2735 tandem
1557 2705 1597 2735 de
1619 2705 1704 2735 hono
1721 2705 1755 2734 in
1773 2704 1892 2735 melius
1909 2705 2004 2744 qnasi
2021 2705 2060 2734 de
2081 2704 2178 2734 feudo
2194 2704 2260 2735 vite

1246 2757 1413 2795 presentis
1438 2757 1479 2787 ad
1503 2757 1721 2788 hereditatem
1748 2762 1859 2788 eterne
1885 2757 2056 2787 felicitatis
2082 2757 2260 2788 ascendere

1247 2809 1437 2847 cupientes,
1468 2819 1506 2840 eo
1535 2811 1622 2849 quod
1647 2811 1729 2849 ipsis
1757 2819 1886 2849 queque
1916 2810 2031 2839 mundi
2059 2809 2260 2848 prosperitas

1248 2861 1364 2892 umbre
1382 2863 1544 2893 transitus
1558 2864 1567 2884 ¹
1582 2863 1766 2897 videbatur,
1782 2862 1870 2892 viam
1884 2862 1949 2892 sibi
1965 2862 2188 2898 rectitudinis,
2203 2870 2262 2901 per

1284 2973 1305 2996 i.
1323 2972 1398 3002 SAP..
1419 2973 1452 3002 ll,
1470 2975 1491 2999 5.
