2498 3242
236 259 309 293 1¹OE
963 265 1202 295 REGISTRES
1224 264 1279 294 DE
1302 257 1524 295 GREGOIRE
1547 267 1605 296 lx.
2259 271 2334 301 1108

234 336 325 368 parte
349 335 456 359 vestra
481 329 542 358 suit
572 330 774 368 propositum
797 340 905 360 coram
928 331 1041 362 nohis,
1063 340 1137 360 cum
1163 339 1244 369 qua-

237 388 309 411 tuor
333 387 397 411 tam
421 381 551 411 clericis
575 391 673 420 quam
696 382 791 413 laicis
817 384 857 413 ad
876 383 1068 413 mandatum
1094 387 1245 413 nostrum

234 434 267 463 in
286 434 407 463 annuis
423 434 641 471 pensionibus
660 435 820 465 duxeritis
839 436 1093 474 providemlum,
1114 436 1150 465 P.
1172 444 1244 465 sco-

236 486 332 516 laris.
353 492 449 515 natus
467 486 577 516 dilecti
596 487 655 516 tilii
679 488 778 518 Sixti.
803 489 885 518 ciris
908 489 1069 524 Romani,
1092 487 1181 518 nulla
1205 487 1243 517 de

236 539 301 569 hiis
319 539 430 568 habita
449 540 626 570 mentione.
649 546 779 571 nostras
797 542 836 570 ad
852 550 909 571 vos
926 550 1025 579 super
1041 550 1151 571 annua
1169 549 1243 579 pen-

234 592 326 622 sione
345 592 461 629 viginti
484 592 643 622 librarum
661 594 913 632 parisiensium.
932 595 1034 624 donec
1053 594 1117 624 sibi
1134 594 1245 632 provi-

236 654 308 676 sum
325 650 410 673 essct
429 645 463 673 in
481 645 652 675 beneficio.
668 646 796 677 litteras
813 647 1019 686 impetravit.
1040 647 1158 677 dilecto
1176 646 1244 676 filio

237 722 255 726 ..
278 703 410 727 cantore
433 698 589 728 Trecensi
607 699 671 729 sibi
693 709 791 738 super
809 700 870 730 hoc
886 705 1058 730 executore
1074 709 1242 730 concesso.

234 752 342 787 Quare
367 750 461 780 nobis
488 751 661 782 humiliter
683 753 896 791 supplicastis
914 758 963 783 ut.
985 763 1058 783 cum
1077 757 1244 783 monaste-

235 804 322 833 rium
355 810 500 833 vestrum
534 805 567 834 in
602 806 789 843 provisione
822 807 1019 844 pensionum
1052 805 1244 845 hujusmodi

236 866 318 895 pene
337 857 591 894 importabiliter
610 859 650 887 sit
669 864 856 895 gravatum,
876 860 1047 897 providere
1065 868 1163 897 super
1183 859 1243 889 boc

236 910 328 939 vobis
353 910 613 940 misericorditer
637 911 863 948 dignaremur.
885 912 1014 942 Vestris
1037 912 1140 949 igitur
1166 921 1244 950 sup-

235 962 471 1000 plicationibus
497 963 670 995 inclinati.
693 966 888 996 auctoritate
914 966 1118 1004 presentium
1146 975 1201 995 vos
1226 975 1243 995 a

235 1015 423 1053 provisione
454 1016 524 1054 ipsa
555 1017 724 1047 reddimus
752 1018 941 1053 absolutos,
971 1019 1114 1057 optentis
1145 1027 1244 1057 super

235 1067 295 1097 hoc
323 1078 340 1097 a
367 1068 462 1098 nobis
490 1068 611 1099 litteris
635 1070 767 1108 penitus
792 1071 965 1101 revocatis.
994 1072 1067 1101 Dat.
1097 1071 1241 1110 Spoleti,

235 1121 285 1151 III
302 1120 376 1151 idus
394 1122 542 1159 augusti.
561 1131 648 1152 anno
664 1127 788 1153 octavo.
810 1136 823 1149 »

304 1299 423 1329 2052
825 1301 914 1334 Rieu,
931 1302 965 1328 ⁴29
977 1302 1074 1336 juillet
1092 1303 1170 1330 1234.

269 1361 374 1387 Abbati
397 1366 426 1387 et
446 1363 602 1389 conventui
623 1362 721 1389 Sancti
739 1363 870 1398 Dionysii
886 1363 913 1389 in
932 1363 1050 1390 Francia
1066 1364 1196 1398 indulget
1213 1369 1242 1392 ut

233 1418 268 1436 ex
285 1418 319 1435 eo
335 1410 410 1443 quod
426 1410 619 1437 dioecesanus
636 1412 792 1445 episcopus
808 1419 841 1438 ac
858 1413 1095 1446 metropolitanus
1112 1414 1242 1440 celebra-

233 1464 332 1485 verant
348 1464 375 1485 et
391 1460 418 1486 in
436 1465 584 1494 posterum
597 1460 770 1487 celebraturi
786 1466 867 1487 erant
885 1462 1038 1488 missarum
1051 1462 1202 1489 sollemnia
1213 1463 1241 1490 in

234 1516 332 1533 eorum
349 1510 533 1540 monasterio,
553 1509 662 1535 nullum
678 1509 800 1536 libertati
815 1510 947 1544 eJusdem
966 1511 1173 1545 praejudicium
1190 1520 1242 1546 ge-

234 1562 360 1582 neretur.
381 1572 411 1575 —
429 1556 511 1589 (lieo.
533 1558 572 1586 17.
590 1557 608 1583 t'.
628 1557 677 1584 199
694 1564 739 1584 v0:
757 1566 821 1584 ann.
840 1557 921 1590 VIII,
933 1567 958 1585 c.
976 1559 1037 1589 ¹903
1051 1575 1083 1578 —
1096 1559 1243 1587 POTTEAST

234 1604 325 1632 9495.)

277 1719 287 1731 a
310 1729 328 1733 ..
347 1707 664 1736 ‹1³›hatictcom-c11n11'
680 1708 977 1737 SancliDionisiiin
997 1710 1139 1739 Francia.
1155 1710 1243 1740 Cura

234 1758 471 1787 sollicitudinis
485 1759 638 1796 specialis
651 1777 698 1788 —.
712 1761 785 1790 Dat.
802 1761 915 1791 Reate.
933 1763 998 1791 IIII
1013 1762 1171 1792 kalendas
1188 1772 1242 1793 au-

234 1812 333 1848 gusti.
354 1821 440 1840 anno
457 1817 580 1841 octavo.
603 1825 614 1838 »
865 1814 868 1817 '

305 1982 424 2010 2053

270 2043 386 2070 Decano
407 2048 435 2070 et
455 2045 580 2078 capitulo
601 2046 699 2072 Sancti
717 2046 850 2072 Andreae
866 2046 1113 2080 warmaciensis,
1132 2063 1166 2068 —
1181 2050 1240 2083 qui,

814 1984 941 2018 Sponte,
961 1985 990 2012 12
1007 1987 1075 2012 aout
1094 1986 1168 2013 1234.

234 2093 309 2119 sicut
330 2099 357 2118 et
380 2093 528 2127 Spirensis
548 2095 721 2128 episcopuS‚
744 2098 812 2120 tunc
834 2096 1017 2129 praepositus
1037 2097 1167 2130 ejusdem
1194 2106 1244 2123 ec-

233 2142 338 2168 clesiae
365 2142 462 2167 Sancti
488 2141 632 2173 Andreae,
658 2143 843 2169 attendentes
866 2150 1038 2178 personatus
1062 2146 1242 2179 saepedictae

234 2191 374 2216 ecclesiae
392 2190 517 2216 maxime
531 2195 634 2217 tenues
651 2199 717 2217 csse
733 2195 762 2218 et
781 2192 886 2221 exiles,
906 2193 940 2218 de
959 2192 1066 2220 chein
1086 2197 1130 2225 (--
1146 2194 1243 2221 Hocli-

234 2239 330 2270 heim),
345 2239 379 2264 de
393 2239 609 2265 Lidrictiesbein
628 2243 656 2266 et
672 2240 707 2265 de
724 2239 940 2274 Lamperclieim
958 2243 1001 2275 (=
1019 2242 1242 2277 Lampertlicim)

234 2287 388 2318 ecelesias,
413 2295 510 2313 curam
534 2287 693 2313 animarum
719 2288 875 2320 habentes,
902 2289 1012 2315 eisdem
1039 2291 1243 2323 personatibus

233 2335 456 2369 deputaverant⁷
481 2350 515 2355 —
537 2336 683 2369 significat
705 2344 738 2362 se
761 2336 836 2370 quod
860 2337 894 2363 ab
918 2337 990 2372 ipsis
1016 2346 1070 2364 nec
1094 2347 1148 2365 non
1175 2344 1203 2366 et
1227 2350 1242 2366 a

233 2383 380 2417 praedicto
399 2384 563 2418 praeposito
582 2383 687 2410 sactum
705 2385 813 2417 fuerat,
836 2386 1015 2413 confirmare.
1037 2402 1068 2408 —
1093 2387 1175 2420 (Rea.
1202 2389 1240 2420 17,

234 2431 253 2457 f.
271 2431 321 2457 200
338 2438 378 2464 r0;
398 2440 463 2458 ann.
483 2431 564 2463 vm,
582 2441 607 2458 c.
630 2432 691 2463 1913
710 2447 742 2452 ——
758 2433 795 2459 cf.
814 2432 961 2460 Po‘rTnAs‘r
976 2435 1067 2467 9507.)

276 2546 287 2554 ν
318 2556 337 2561 ..
364 2533 475 2562 decano
499 2539 524 2561 e!
551 2534 686 2571 capitulo
715 2534 822 2563 Sancti
849 2535 966 2564 Andree
996 2537 1239 2567 Warmaciensis.

233 2585 315 2615 Cum
334 2594 351 2614 a
369 2585 463 2615 nobis
479 2603 528 2614 —.
544 2586 618 2615 Dat.
633 2586 768 2624 Spoleti,
787 2587 818 2617 II
835 2587 910 2618 idus
927 2589 1071 2626 augustr
1089 2599 1175 2620 anno
1191 2600 1241 2621 oc-

235 2642 318 2667 tavo.
344 2650 355 2663 x

305 2809 422 2838 2054
813 2811 938 2846 sponte
960 2813 989 2838 r:
1006 2814 1073 2839 ηοω
1092 2813 1167 2840 1234.

271 2871 377 2897 Abbati
396 2870 493 2897 Sancti
512 2871 643 2907 Dionysii
661 2872 831 2905 Remensis‚
848 2873 942 2900 abbati
958 2873 1124 2907 Sosmensi,
1147 2876 1239 2902 Sues-

234 2918 379 2945 sionensis
402 2918 561 2951 dioecesis,
586 2924 615 2947 et
636 2921 723 2955 priori
746 2920 853 2948 Montis
877 2922 975 2948 Sancti
998 2921 1096 2957 Eligit,
1115 2924 1240 2951 Atreba-

1327 330 1419 356 tensis
1433 330 1588 364 dioecesis,
1606 333 1720 360 mandat
1736 337 1890 368 quatenus,
1907 334 1983 369 apud
1995 335 2108 370 aliquod
2126 337 2333 363 monasterium

1326 378 1401 413 quod
1423 379 1457 405 ad
1476 380 1529 406 boc.
1544 384 1641 415 aptum
1659 381 1798 415 viderint,
1815 382 1972 417 capitulum
1990 387 2197 416 convocantes,
2215 384 2333 411 abbates

1326 432 1354 454 et
1371 428 1481 462 priores
1497 437 1552 455 non
1571 430 1710 456 habentes
1726 431 1845 458 abbates
1866 432 2016 466 proprios,
2034 431 2143 459 ordinis
2163 433 2254 459 sancti
2270 433 2334 460 Au-

1326 477 1446 510 gustini,
1465 477 1620 504 Remensis
1636 479 1810 514 provinciae,
1829 480 1878 514 qui
1895 487 1950 506 non
1967 481 2172 507 consueverint
2186 481 2241 507 tale
2257 481 2333 508 cele-

1327 525 1409 551 brare
1430 526 1602 560 capitulum,
1619 527 1652 553 ad
1670 527 1737 553 illud
1760 530 1843 554 annis
1862 528 1988 562 singulis
2010 528 2213 555 celebrandum
2235 530 2333 556 venire

1326 574 1508 608 compellant.
1526 589 1561 594 —
1577 574 1659 608 (Ru-zo.
1681 576 1720 608 17,
1738 576 1755 602 f.
1773 575 1825 603 ‘200
1841 582 1882 608 r03
1898 584 1964 603 ann.
1983 575 2063 609 VIII,
2081 585 2106 604 c.
2126 576 2196 610 192.)

1368 689 1380 702 α
1403 700 1421 705 ..
1442 676 1548 706 Sancti
1563 677 1696 705 Dionisii
1711 683 1736 706 e!
1755 700 1774 706 ..
1792 678 1944 707 Sosmensi
1959 679 2131 714 abbatibus,
2150 684 2175 708 et
2197 702 2215 707 ..
2231 680 2333 717 priori

1326 729 1360 757 dc
1375 730 1471 758 Monte
1492 730 1599 758 Sancti
1617 730 1727 767 Eligit,
1747 731 1963 764 Atrebalensz's‚
1986 732 2136 761 Itemensis
2154 737 2179 761 et
2197 732 2333 762 Suessio-

1326 782 1428 810 nensis
1460 782 1622 810 diocesani.
1661 782 1710 811 Ad
1743 782 1948 812 audientiam
1975 788 2121 813 nostram
2147 783 2333 823 nove[ri]tis

1326 834 1518 871 pervenisse
1540 834 1627 872 quod
1643 835 1676 863 in
1696 835 1894 873 quibusdam
1911 836 2123 866 monasteriis
2141 840 2171 867 et.
2190 836 2266 867 aliis
2284 836 2333 867 1ο-

1326 886 1374 915 cis
1400 886 1566 924 religiosis
1597 887 1774 917 Rcmensis
1800 888 1969 925 provincie
1995 888 2053 918 illa
2082 889 2334 919 committuntur

1327 940 1492 974 enormia,
1520 949 1583 978 que
1609 940 1721 970 oculos
1749 941 1861 971 divine
1889 942 2074 981 majestatis
2102 942 2274 972 offendunt
2303 946 2335 973 et

1326 991 1478 1022 homines
1497 993 1642 1029 graviter
1658 992 1892 1022 scandalizant.
1914 994 1953 1023 Et
1968 993 2046 1024 lieet
2061 994 2139 1024 olim
2156 995 2265 1025 felicis
2281 1003 2334 1025 re-

1326 1045 1527 1075 cordationis
1549 1045 1764 1075 Innocentius
1787 1055 1888 1084 papa,
1911 1046 2123 1084 predecessor
2138 1052 2260 1082 nostor,
2281 1057 2334 1078 sa-

1326 1106 1380 1127 cro
1403 1098 1557 1128 statuerit
1585 1097 1733 1135 generali
1756 1097 1895 1128 concilio
1922 1098 2139 1137 approbante,
2160 1100 2245 1129 utin
2264 1100 2335 1130 sin-

1326 1150 1413 1189 gulis
1429 1151 1542 1189 regnis
1564 1151 1634 1181 sive
1655 1151 1836 1189 provinciis
1860 1151 1899 1181 de
1919 1152 2063 1181 triennio
2084 1152 2118 1181 in
2138 1152 2332 1188 triennium,

1326 1203 1417 1234 salvo
1443 1204 1518 1243 jure
1550 1204 1801 1234 diocesanorum
1834 1204 2039 1243 pontificum,
2068 1205 2162 1235 fieret
2193 1214 2332 1236 comune

1326 1256 1508 1294 capitulum
1531 1257 1687 1286 abbatum
1711 1262 1742 1287 et
1764 1257 1911 1296 priorum
1939 1257 2075 1287 abbates
2095 1258 2245 1296 proprios
2268 1266 2334 1288 non

1325 1309 1532 1345 habentium,
1551 1310 1608 1348 qui
1624 1319 1688 1340 non
1707 1315 1951 1341 consueverunt
1968 1310 2031 1340 tale
2047 1311 2228 1349 capitulum
2247 1310 2334 1341 cele·
2366 1299 2370 1303 ‚

1324 1363 1441 1397 brare,
1466 1363 1505 1392 ad
1530 1363 1616 1401 quod
1636 1363 1786 1393 universi
1810 1372 1875 1393 non
1893 1363 2054 1394 habentes
2071 1363 2333 1402 prepeditionem

1325 1416 1518 1445 canonicam
1535 1415 1767 1451 convenirent⁷
1787 1416 1872 1454 apud
1887 1425 1990 1446 unum
2007 1416 2045 1446 de
2062 1416 2274 1445 monasteriis
2290 1415 2331 1446 ad

1324 1469 1386 1499 hoc
1403 1473 1534 1507 aptum.
1553 1469 1586 1498 in
1605 1478 1669 1508 quo
1685 1469 1828 1505 diligens
1851 1469 2029 1499 haberetur
2046 1473 2204 1499 tractatus
2221 1469 2260 1499 de
2278 1478 2331 1499 re-

1325 1522 1522 1552 formatione
1540 1522 1666 1551 ordinis
1683 1526 1714 1551 et
1729 1521 1941 1551 observantia
1961 1521 2118 1559 regulari,
2138 1525 2188 1557 ut,
2207 1521 2331 1552 evulsis

1326 1584 1363 1605 ex
1380 1575 1428 1605 eis
1445 1575 1595 1605 sentibus
1613 1575 1780 1609 vitiorum,
1802 1574 2031 1612 plantarentur
2046 1575 2081 1604 in
2095 1575 2178 1612 ipsis
2197 1574 2331 1604 arbores

1326 1629 1484 1665 gratiose,
1508 1628 1634 1657 facture
1650 1627 1881 1657 umbraculum
1897 1627 2079 1657 cultoribus
2097 1627 2167 1657 suis
2183 1627 2223 1657 ab
2240 1628 2332 1657 estu¹

1325 1685 1356 1711 et
1384 1681 1511 1709 fructus
1536 1680 1719 1709 odoriferos
1745 1680 1912 1709 redditure
1935 1689 1941 1708 z
1966 1683 2123 1717 operante
2147 1684 2254 1709 tamen
2274 1679 2331 1710 illo

1325 1734 1419 1772 cujus
1434 1733 1561 1763 invidia
1576 1742 1663 1762 mors
1680 1733 1830 1762 introivit
1844 1733 1877 1761 in
1893 1732 2004 1762 orbem
2012 1735 2034 1767 Ἰ,
2051 1732 2138 1771 quod
2151 1733 2242 1770 [non]
2259 1732 2331 1762 sine

1326 1786 1547 1816 amaritudine
1573 1785 1694 1815 mentis
1716 1785 1908 1820 referimus,
1934 1794 1971 1815 ex
1994 1784 2184 1824 hujusmodi
2209 1788 2332 1815 statuto

1324 1848 1441 1878 parum
1462 1838 1569 1868 adbuc
1595 1844 1651 1868 aut
1673 1838 1778 1868 nichil
1808 1838 1964 1868 utilitatis
1990 1838 2157 1876 provenit,
2182 1847 2219 1868 eo
2246 1838 2333 1876 quod

1325 1892 1461 1922 abbates
1478 1896 1509 1921 et
1529 1892 1656 1929 priores
1678 1891 1817 1929 predicti
1840 1891 2057 1929 neglexerunt
2074 1891 2115 1921 ad
2132 1891 2219 1921 idem
2242 1891 2332 1929 capi-

1324 1945 1430 1975 tulum
1452 1945 1640 1975 convenire.
1662 1946 1712 1975 Ne
1732 1945 1836 1983 igitur
1859 1944 1959 1975 Sedes
1982 1944 2171 1982 Apostoliea
2186 1944 2240 1982 pia
2262 1953 2333 1974 ma-

1325 2003 1384 2033 ter‚
1404 2007 1466 2036 que
1484 1997 1627 2027 filiorum
1645 1997 1697 2027 sui
1714 1997 1799 2027 uteri
1819 1997 1972 2027 oblivisci
1989 2006 2053 2026 non
2073 2000 2194 2035 potest,
2215 2006 2234 2026 a
2254 2005 2333 2027 cura

1325 2051 1472 2089 ipsorum
1498 2050 1658 2079 desistere
1676 2050 1846 2083 videatur,
1865 2059 1942 2085 nos,
1963 2050 2202 2088 compatientes
2225 2059 2261 2079 ex
2280 2050 2333 2079 in-

1324 2103 1405 2132 timo
1420 2103 1527 2133 cordis
1543 2112 1641 2141 super
1658 2102 1855 2132 contritione
1872 2102 2028 2140 Joseph³‚
2047 2102 2153 2132 adhuc
2169 2102 2334 2132 curationi

1326 2165 1439 2185 eorum
1465 2156 1618 2185 duximus
1636 2155 1870 2185 insistendum.
1891 2155 2034 2193 Ideoque
2050 2155 2244 2185 discretioni
2259 2163 2334 2185 ves-

1326 2214 1372 2239 tre
1402 2219 1458 2247 per
1483 2208 1663 2247 apostolica
1683 2209 1805 2246 scripta
1826 2208 2022 2238 mandamus
2046 2212 2225 2247 quatenus,
2248 2208 2335 2246 apud

1325 2262 1458 2300 aliquod
1472 2261 1711 2291 monasterium
1729 2261 1814 2300 quod
1830 2261 1871 2290 ad
1885 2261 1947 2291 hoc
1963 2265 2073 2299 aptum
2092 2261 2254 2296 videritis,
2271 2260 2333 2291 hoc

1325 2324 1411 2345 anno
1440 2320 1657 2345 convocantes
1680 2314 1872 2353 capitulum,
1899 2314 2034 2344 abbates
2060 2318 2091 2343 et
2113 2314 2239 2352 priores
2266 2323 2333 2344 non

1325 2367 1485 2397 habentes
1505 2367 1640 2398 abbates
1664 2367 1834 2406 proprios,
1863 2371 1929 2396 tam
1952 2371 2118 2405 exemptos
2143 2375 2242 2405 quam
2266 2375 2332 2396 non

1325 2426 1502 2460 exemptos,
1524 2421 1651 2451 ordinis
1668 2421 1774 2451 sancti
1790 2421 1981 2458 Augustini,
2002 2420 2171 2450 dumtaxat
2187 2421 2331 2450 Remen-

1325 2475 1371 2503 sis
1388 2474 1569 2512 provincie,
1588 2474 1645 2512 qui
1662 2482 1726 2503 non
1743 2477 1988 2503 consueverunt
2008 2473 2071 2503 tale
2093 2472 2260 2503 celebrare
2277 2481 2332 2503 ca-

1323 2527 1482 2565 pitulum,
1514 2527 1548 2556 in
1579 2535 1644 2556 non
1674 2526 1832 2564 exemptis
1858 2525 2110 2555 diocesanorum
2137 2525 2332 2564 pontificum

1320 2581 1395 2619 jure
1413 2580 1513 2615 sava
1533 2580 1645 2610 venire
1665 2579 1702 2609 ad
1721 2579 1813 2614 illud,
1832 2579 2007 2609 dummodo
2024 2588 2089 2609 non
2107 2579 2174 2609 sint
2189 2578 2330 2617 impedi-

1324 2637 1435 2663 mento
1462 2633 1620 2663 canonico
1647 2632 1827 2671 prepediti,
1855 2631 2038 2661 monitione
2066 2631 2244 2670 premissa,
2272 2639 2331 2670 per

1324 2694 1496 2716 censuram
1516 2685 1786 2720 ecclesiasticam,
1805 2683 1934 2714 sublato
1953 2684 2130 2723 cujuslibet
2145 2683 2331 2714 contradic-

1325 2739 1425 2768 tionis
1443 2743 1471 2768 et
1490 2738 1721 2777 appellationis
1738 2737 1918 2772 obstaculo,
1936 2737 2153 2775 compellatis,
2171 2741 2213 2772 et,
2231 2736 2331 2767 advo-

1356 2843 1505 2872 1.1s..IV‚
1521 2844 1535 2867 6
1548 2847 1573 2867 et
1588 2843 1672 2873 XXV,
1688 2844 1711 2867 4.

1354 2888 1376 2911 2.
1394 2888 1468 2916 siun,
1486 2888 1520 2917 11,
1535 2888 1573 2912 24.

1356 2933 1378 2957 3.
1397 2934 1487 2963 Amos,
1506 2933 1552 2961 vt,
1568 2934 1591 2958 6.
