2498 3242
206 264 258 293 751
1060 258 1272 296 SEPTOEME
1296 260 1454 297 ANNEE.
2252 276 2307 304 τις-2

205 328 415 360 Coloniensis
432 334 463 359 et
481 330 598 359 amicis
616 331 850 361 interfectoris.
871 332 957 369 quod
977 331 1085 360 securi
1104 335 1215 360 essent

204 381 242 411 de
261 382 443 411 remotione
462 382 714 421 archiepiscopi.

247 447 259 460 »
286 434 409 465 Contra
441 458 459 464 ..
487 435 648 465 decanum
677 436 892 465 Leodivuseui
921 437 1106 475 oppositum
1135 437 1212 472 suit,

205 486 291 525 quod
307 491 439 525 propter
460 487 721 517 inobedientiam
743 493 771 517 et
795 489 931 524 scisma,
953 490 1038 528 quod
1057 490 1158 519 morit
1181 490 1214 518 in

205 539 345 570 ecelesia
362 549 432 570 sua.
449 545 478 571 et
496 545 628 579 propter
645 541 727 571 alios
742 552 896 571 excessus
913 552 989 572 suos
1008 543 1068 572 suit
1086 552 1215 572 excom—

205 592 395 622 municatus
412 593 452 622 ab
471 616 490 622 ..
508 593 660 632 episcopo
679 594 865 624 Lvodieusi.

246 656 258 670 »
277 644 351 674 Alia
372 649 432 680 est,
453 646 540 684 quod
564 645 633 684 ipsc
657 646 801 676 decanus
827 648 1029 686 conspirarit
1046 657 1119 677 eum
1139 648 1215 678 aliis

204 697 320 728 amicis
350 698 574 729 interfectoris
604 699 844 739 archiepiscopi
878 701 1069 731 Eulwlhvrti
1103 706 1214 731 contra

203 750 437 782 Coloniensem
454 752 751 791 archiepiscopum.
769 758 803 783 ut
821 754 871 783 vel
889 764 945 792 per
962 755 1216 794 inquisitionem

203 803 254 834 vel
277 813 485 843 quocumque
512 805 607 835 modo
630 811 856 837 1·01110v‹;·i·etur
883 808 922 837 ah
952 808 1090 838 ecclesia
1120 808 1216 838 Colo-

203 856 325 887 niensi.

245 923 257 936 »
277 911 400 941 Contra
422 933 441 939 ..
464 911 736 941 archidiaconum
761 922 836 943 vero
859 914 1132 944 Caineraceusem
1152 914 1214 943 suit

201 963 328 1002 objecta
347 965 645 994 excommunicatio
662 965 702 994 ab
719 966 871 1004 episcopo
888 976 958 996 suo.
980 979 991 992 »

277 1137 296 1164 Ι
306 1137 393 1166 356

237 1199 395 1234 Friderioe,
409 1199 606 1227 Romanorum
622 1200 797 1235 imperatori,
811 1201 897 1227 mittit
912 1200 1061 1228 arbitrium
1078 1209 1163 1228 suum
1180 1201 1215 1227 de

201 1248 345 1275 discordia
361 1248 436 1275 inter
455 1249 550 1283 ipsum
569 1252 597 1275 et
613 1248 786 1275 Societatem
806 1248 1009 1283 Lombardiae,
1027 1248 1171 1276 Mai-chiae
1187 1252 1215 1276 et

202 1296 390 1324 Romaniolae
401 1300 472 1327 orta,
485 1297 570 1332 eique
583 1301 681 1324 notum
694 1297 761 1324 facit
774 1305 805 1324 se
818 1297 862 1324 sic
875 1297 996 1324 duxisse
1012 1297 1213 1331 ordinandum,

202 1349 234 1372 ut
254 1346 410 1380 imperator
431 1345 569 1372 Societati
592 1354 706 1372 omnem
728 1354 875 1373 rancorem
893 1350 922 1372 et
944 1347 1066 1380 injurias
1089 1347 1216 1373 remittat

201 1401 323 1428 eamque
334 1394 372 1420 'in
389 1395 498 1429 gratiae
514 1402 584 1421 suae
601 1394 807 1430 plenitudinem
824 1395 953 1430 recipiat,
972 1395 1103 1422 Societas
1119 1398 1214 1422 autem

201 1442 249 1470 det
263 1450 314 1477 pro
330 1442 462 1469 subsidio
477 1442 581 1469 Terrae
597 1442 720 1470 Sanctae
736 1451 786 1478 per
805 1443 952 1470 biennium
969 1444 1145 1478 quingentos
1161 1445 1215 1470 mi-

199 1491 264 1518 lites
287 1491 316 1518 in
340 1490 478 1526 expensis
501 1492 636 1526 propriis,
662 1492 754 1518 ituros
776 1492 804 1518 in
830 1492 952 1518 termino
975 1500 1061 1526 quem
1083 1491 1215 1519 Ecclesia

198 1539 330 1567 Romana
346 1540 519 1575 praefiget-it.
536 1555 570 1561 —
587 1540 671 1574 (Hm.
692 1541 733 1568 17.
749 1541 769 1569 f.
786 1541 815 1568 41
834 1548 881 1575 v⁰;
898 1550 965 1569 ann.
983 1540 1047 1575 VlI,
1063 1542 1214 1575 c.146;—

197 1587 345 1616 Porrmsr
360 1588 445 1620 921&
463 1604 497 1609 —
514 1588 685 1616 Ronmsno
702 1590 775 1622 531.)
806 1596 808 1598 ’

823 1138 936 1172 Lati-an,
955 1139 969 1165 5
982 1139 1046 1173 juin
1065 1139 1142 1166 ’1233-

237 1703 250 1718 ι(
269 1692 436 1721 Carissimo
451 1692 486 1720 in
505 1692 624 1721 Chi-islo
639 1692 704 1728 filio
720 1692 764 1726 F„
788 1692 906 1721 illustri
923 1693 1132 1722 Romanorum
1150 1693 1212 1721 im-

191 1745 330 1783 peratori
352 1749 405 1774 etc.
433 1744 517 1775 Cum
538 1744 735 1783 jamdudum
758 1745 846 1774 inter
863 1762 912 1774 —.
940 1746 1013 1775 Dat.
1036 1745 1209 1781 Laterani,

196 1796 294 1827 nonis
307 1797 407 1836 junii,
429 1806 516 1827 anno
535 1797 686 1835 septimo.
707 1810 719 1823 n

233 1917 337 1942 1352.
353 1913 436 1941 —In
453 1914 576 1941 eundem
599 1914 714 1941 modum
732 1915 873 1950 scriptum
891 1919 935 1942 est
957 1917 1105 1942 rectoribus
1122 1916 1210 1944 Socie-

197 1964 263 1989 talis
285 1963 458 1994 Lombardie,
488 1962 626 1999 [Marc-hie]
648 1966 671 1989 et
696 1965 868 1995 Romanzole,
894 1964 990 1991 verbis
1013 1967 1210 2000 competenter

197 2012 325 2039 mutatis.
342 2026 375 2031 —-
388 2011 430 2038 Cf.
451 2011 597 2039 Formas-r
613 2012 692 2040 9‘2‘21.

272 2182 389 2211 ¹358
808 2180 920 2212 Lati-an,
937 2181 967 2208 ‘21
987 2182 1042 2208 mai
1062 2182 1137 2209 1‘233.

234 2243 354 2271 Vicensi
369 2249 397 2271 et
416 2244 583 2271 {lamecensi
595 2244 752 2279 episcopis,
766 2247 794 2270 et
813 2243 1012 2271 vimaranensi
1026 2245 1112 2279 priori
1129 2253 1210 2271 man-

197 2293 245 2321 dat
263 2297 408 2328 quatenus
429 2294 552 2329 priorem
568 2297 596 2320 et
611 2294 766 2320 canonicos
786 2294 951 2320 monasterii
971 2293 1092 2320 Sanctae
1108 2293 1210 2321 Crucis

197 2341 417 2369 colimbriensis
439 2342 612 2377 compellant
636 2346 666 2369 ut
690 2351 706 2368 a
730 2342 849 2369 fratrum
874 2341 1017 2369 Mitior-tun
1043 2342 1158 2376 injuriis
1182 2346 1210 2370 et

196 2392 398 2427 persecutione
414 2391 564 2419 desistant.
581 2406 614 2412 -
630 2391 711 2425 (um.
734 2392 774 2423 17,
792 2391 811 2418 t‘.
829 2391 862 2418 42
880 2398 926 2421 v⁰;
943 2400 1009 2418 ann.
1025 2391 1090 2426 VII,
1102 2400 1128 2419 c.
1143 2392 1207 2424 147;

196 2455 229 2461 ·-
245 2439 365 2468 Mum-:Au
384 2440 462 2475 1188,
478 2440 496 2467 t'.
513 2441 563 2473 755
582 2455 614 2459 —
635 2440 782 2467 Porrmsr
797 2440 889 2474 9‘20‘2.)

238 2554 250 2568 «
272 2564 291 2570 ..
313 2543 430 2571 Vicensi
444 2547 469 2571 et
485 2542 535 2579 [..]
549 2542 722 2571 Lamccensi
737 2543 891 2580 episcopis,
911 2548 936 2571 el
951 2566 972 2571 ..
988 2543 1090 2580 prior-13
1111 2543 1209 2572 Vima-

196 2595 339 2629 ranensi,
361 2595 579 2624 Bracltarensis
598 2595 731 2625 diocesis.
756 2595 826 2625 Etsi
850 2603 985 2626 necesse
1007 2596 1050 2626 sit
1066 2613 1114 2625 —.
1134 2597 1208 2626 Dat.

198 2647 364 2681 Laterani,
384 2647 451 2677 XII
468 2647 628 2677 kalendas
641 2647 741 2687 junii⁷
760 2656 847 2678 anno
865 2648 1016 2687 septimo.
1035 2661 1047 2675 n

272 2819 291 2846 Ι
300 2817 385 2846 359

235 2878 464 2913 Arclniepiscopo
488 2878 662 2905 Eboracensi
687 2879 820 2906 concedit
844 2885 888 2914 ut,
912 2889 977 2908 cum
1004 2882 1100 2916 plures
1126 2891 1209 2917 paro-

198 2928 280 2955 chiae
296 2927 366 2954 adeo
383 2927 410 2954 in
427 2935 479 2953 sua
495 2927 620 2954 dioecesi
637 2932 736 2954 essent
751 2928 887 2960 diffusae,
910 2930 985 2964 quod
1007 2939 1104 2958 earum
1126 2940 1209 2966 paro-

806 2818 919 2851 Latran,
935 2820 967 2846 ‘29
986 2821 1040 2847 mai
1061 2821 1136 2849 1233.

1299 332 1408 365 chiani,
1427 333 1544 359 nimium
1563 333 1704 361 distantes
1721 335 1754 361 ab
1773 335 1853 369 ipsis,
1873 345 1926 362 non
1945 341 2062 371 possent
2079 337 2182 364 ibidem
2199 339 2309 374 absque

1300 388 1403 414 magno
1419 381 1600 408 incommodo
1617 383 1650 409 ad
1667 383 1762 409 divina
1780 385 1869 410 ollicia
1881 386 2046 420 convenire,
2059 389 2308 422 —propterquod

1299 436 1384 463 saepe
1400 430 1586 463 contingebat
1607 431 1696 465 quod,
1717 432 1882 467 priusquam
1900 435 2035 461 sacerdos
2052 435 2085 461 ad
2109 437 2238 463 infirmos
2259 446 2309 463 vo-

1298 481 1381 504 catus
1396 478 1555 509 accederet,
1574 480 1658 506 iim-m
1677 480 1738 506 sine
1755 481 1857 508 viatico
1874 486 1900 508 ot
1917 483 2098 510 consessione
2114 484 2308 519 decedebant,

1299 540 1332 545 —
1347 526 1499 560 diligenter
1514 528 1666 554 attendens
1691 529 1816 555 locorum
1834 530 2014 565 distantiam,
2035 532 2228 559 ‹lillicultatein
2247 534 2308 560 via-

1299 582 1361 600 rum
1378 583 1411 601 ac
1432 575 1643 603 multitudinem
1664 578 1759 612 populi
1781 581 1994 611 excrescentis,
2017 581 2042 606 in
2067 582 2232 615 hujusmodi
2258 591 2310 617 pa-

1299 623 1416 657 rochiis,
1435 624 1533 650 matris
1549 625 1688 651 ecelesiae
1704 630 1732 652 et
1752 627 1870 653 alioruin
1888 629 1973 654 etiam
1990 631 2056 662 jure
2073 631 2165 661 salvo,
2186 631 2309 657 oratoria

1299 675 1327 698 et
1342 672 1476 706 capellas,
1494 675 1622 707 pensatis
1639 674 1827 701 ecclesiarum
1848 676 2041 708 facultatibus,
2055 679 2204 706 aedificare
2221 680 2308 706 libere

1299 720 1389 746 valeat
1414 724 1442 746 et
1466 721 1493 747 in
1519 722 1562 747 eis
1586 722 1738 749 instituere
1761 724 1937 752 sacerdotes.
1954 726 2087 759 —(1tsn.
2107 729 2151 758 17,
2171 730 2188 754 s.
2210 729 2242 754 4⁵.»
2263 736 2306 762 v⁰;

1298 776 1364 795 ann.
1383 768 1490 799 V11,e.
1510 770 1581 799 148.)

1341 883 1353 896 ι(
1377 894 1395 899 ..
1414 872 1639 910 archiepiscopo
1653 874 1840 903 [ihm-acensi.
1862 875 1967 913 Digne
1984 876 2128 905 osticium
2148 881 2239 907 tuum
2259 895 2307 907 —.

1298 923 1372 952 Dat.
1391 923 1557 958 LateranL
1575 925 1603 954 V
1620 924 1779 956 kalendas
1792 927 1891 965 junii.
1911 937 1997 957 anno
2013 929 2164 967 septimo.
2186 943 2197 956 »

1372 1103 1392 1130 Ι
1399 1102 1487 1130 360

1335 1162 1434 1190 Eidem
1450 1164 1564 1191 mandat
1575 1169 1718 1200 quatenus
1730 1167 1880 1194 invalidam
1899 1169 2010 1195 nuntiet
2021 1169 2173 1204 quamdam
2185 1178 2310 1198 consue-

1299 1211 1427 1238 tudinem
1444 1221 1517 1247 quae
1539 1214 1566 1240 in
1584 1215 1704 1241 ecclesia
1727 1214 1763 1242 de
1784 1215 1933 1251 Rei-melo,
1950 1217 2059 1245 ordinis
2078 1219 2169 1245 sancti
2187 1219 2310 1254 Augus-

1298 1261 1360 1292 tini,
1378 1261 1549 1295 inoleverat,
1567 1262 1699 1290 videlicet
1717 1267 1761 1297 ut,
1779 1264 1904 1291 obeunte
1929 1265 2022 1300 ipsius
2038 1267 2092 1293 loci
2110 1268 2218 1302 priore,
2241 1268 2310 1295 dicti

1297 1309 1352 1336 loci
1379 1313 1498 1345 patrono
1528 1311 1601 1337 duae
1627 1312 1765 1339 deberent
1794 1315 1971 1348 praesentari
1997 1324 2152 1351 personae,
2180 1321 2210 1344 ut
2235 1317 2309 1344 idem

1297 1361 1437 1393 patronus
1460 1359 1602 1387 obtineret
1625 1365 1795 1395 potestatem
1821 1362 1939 1389 alteram
1960 1372 2045 1398 quam
2069 1366 2201 1392 maluerit
2223 1374 2311 1392 assu-

1297 1407 1405 1438 mendi,
1426 1408 1501 1442 quod
1519 1411 1658 1443 patronus
1674 1417 1762 1444 super
1778 1410 1832 1437 hoc
1849 1411 1960 1439 fecerit.
1978 1412 2150 1440 dioecesano
2171 1414 2308 1450 episcopo

1295 1456 1482 1490 approbante.
1501 1472 1533 1475 —
1550 1456 1632 1490 (Rau.
1656 1458 1697 1490 17,
1718 1458 1738 1486 f.
1759 1458 1792 1485 43
1815 1466 1858 1492 νος
1879 1468 1944 1486 ann.
1963 1460 2030 1495 VH,
2051 1469 2076 1487 c.
2100 1461 2170 1496 149.)

1909 1105 2022 1140 Lati-an,
2037 1106 2071 1134 ‘26
2089 1107 2143 1133 mai
2161 1108 2237 1135 1‘233.

1338 1569 1350 1583 <‹
1373 1557 1489 1586 Eidem.
1510 1557 1787 1595 Signilicantibus
1811 1560 1941 1591 dilectis
1966 1562 2045 1592 filiis
2062 1580 2110 1591 —.
2129 1564 2189 1593 Dat
2213 1565 2309 1595 Late-

1294 1609 1380 1643 rani,
1400 1610 1463 1640 VII
1480 1610 1639 1641 kalendas
1655 1612 1755 1651 junii,
1774 1622 1860 1643 anno
1879 1614 2030 1653 septimo.
2054 1628 2065 1641 »

1368 1790 1478 1818 1361
1902 1792 2015 1826 Latran,
2033 1794 2066 1821 30
2083 1795 2137 1822 mai
2156 1795 2234 1823 1233.

1330 1850 1468 1886 Virgines
1484 1853 1666 1880 continentes
1688 1858 1855 1889 perpetuam
1873 1854 1934 1882 Deo
1952 1856 2124 1884 voventibus
2145 1857 2307 1885 castitatem

1293 1910 1344 1936 per
1359 1902 1550 1929 Theutoniam
1570 1904 1745 1931 constitutas
1761 1906 1816 1932 sub
1833 1906 1907 1933 beati
1926 1906 2002 1933 Petri
2019 1911 2047 1934 et
2062 1915 2114 1934 sua
2129 1909 2307 1943 protectione

1293 1950 1428 1986 suscipit.
1446 1966 1477 1970 —
1493 1951 1577 1984 (Rite.
1599 1953 1638 1985 17,
1657 1953 1674 1979 s.
1693 1953 1725 1980 43
1742 1959 1781 1986 νος
1799 1962 1865 1980 ann.
1890 1953 1960 1987 vn,
1977 1963 2003 1981 c.
2024 1955 2090 1989 1503
2112 1971 2144 1975 -—
2161 1955 2307 1984 Por'rflasr

1292 1999 1385 2032 9212.)

1335 2113 1348 2128 «
1386 2102 1562 2139 Virginibus
1591 2103 1819 2134 conaminibus
1843 2110 2019 2142 perpetuam
2050 2106 2103 2135 lico
2132 2108 2306 2137 voventibus

1292 2155 1461 2188 castitatem
1482 2163 1538 2191 per
1569 2154 1745 2183 Teutoniam
1772 2157 1954 2185 constitutis.
1981 2156 2128 2187 Gloriam
2159 2158 2306 2197 virgina-

1292 2205 1357 2236 lem
1374 2210 1403 2236 et
1420 2224 1469 2235 —.
1487 2207 1561 2236 Dat.
1582 2207 1748 2242 Laterani.r
1771 2209 1820 2238 111
1836 2208 1994 2239 kalendas
2007 2210 2107 2249 junii.
2128 2220 2215 2240 anno
2231 2220 2306 2250 sep-

1293 2259 1384 2289 timo.
1409 2271 1422 2285 »

1367 2431 1481 2460 ¹382
1913 2433 2026 2468 Latrau,
2043 2435 2058 2462 6
2071 2436 2135 2469 juin
2157 2435 2233 2463 1233.

1330 2493 1477 2528 Magistris
1493 2493 1620 2529 Hugoni,
1635 2494 1784 2528 Remensi,
1795 2498 1823 2521 et
1833 2494 1960 2522 Jobanni
1974 2495 2067 2528 Barat,
2081 2496 2305 2526 Cathalaunensi

1291 2541 1520 2576 archidiaconis,
1538 2545 1566 2569 et
1581 2542 1615 2569 G.
1634 2542 1707 2570 Goin
1718 2565 1724 2576 ,
1740 2544 1880 2570 canonico
1898 2544 2035 2572 Reinensi
2048 2566 2055 2579 ,
2074 2546 2188 2574 mandat
2204 2551 2306 2582 quate-

1292 2597 1358 2623 nus,
1370 2605 1404 2610 —
1415 2598 1481 2617 cum
1497 2590 1679 2618 Coloniensis
1695 2592 1933 2628 archiepiscopus
1950 2595 1977 2621 in
1995 2594 2135 2622 decanum
2151 2594 2306 2624 Colonien-

1292 2647 1354 2665 sem
1372 2642 1438 2674 post
1452 2640 1673 2675 appellationem
1688 2640 1722 2667 ad
1740 2640 1844 2668 Sedem
1865 2642 2062 2677 Apostolicam
2078 2645 2257 2679 iuter-Jectam
2276 2650 2305 2673 et

1291 2688 1346 2714 iter
1360 2691 1506 2723 arreptum
1521 2688 1556 2715 ad
1572 2688 1716 2721 eamdem,
1734 2694 1761 2716 et
1782 2693 1847 2725 post
1870 2698 1987 2717 causam
2012 2692 2084 2718 inter
2107 2694 2303 2728 praepositum

1291 2739 1320 2762 et
1334 2740 1480 2763 cantorem
1495 2737 1635 2764 ecclcsiae
1658 2737 1854 2769 Coloniensis,
1872 2747 1906 2764 ex
1931 2743 2009 2774 parte
2032 2748 2102 2774 una,
2121 2746 2148 2767 et
2169 2742 2302 2770 eumdem

1291 2784 1443 2816 decanum,
1455 2793 1491 2811 ex
1505 2785 1603 2817 altera,
1621 2793 1709 2820 super
1727 2786 1891 2812 detentione
1908 2787 1996 2821 sigilli
2013 2788 2143 2822 ejusdem
2161 2791 2302 2818 ecclesiae

1291 2836 1437 2868 exortam,
1467 2834 1639 2860 sententiam
1671 2834 1980 2862 excommunicationis
2012 2837 2243 2873 promulgasset,
2275 2843 2304 2867 et

1291 2882 1393 2919 optol.
1411 2883 1509 2910 Sancti
1522 2883 1631 2911 Nicolai
1649 2885 1676 2911 in
1693 2884 1814 2911 Carcere
1829 2884 1960 2912 Tulliano
1976 2886 2115 2914 diaconus
2135 2889 2300 2923 cardinalis,

1286 2931 1383 2961 -eidem
1408 2931 1517 2959 decano
1531 2932 1657 2966 {fecisset
1680 2932 1806 2967 impendi
1830 2933 2020 2961 absolutionis
2048 2935 2244 2969 beneficiumr
2264 2940 2302 2966 ita
