2498 3242
223 289 279 318 835

224 354 364 383 illustris
386 356 508 391 quanta
532 352 590 383 sit.
614 356 746 381 auctore
772 352 850 382 Deo,
871 351 1076 381 sublimitate
1099 350 1231 388 conspi-

224 415 305 435 cuus
333 411 360 433 et
389 404 533 442 potentia
565 403 744 441 gloriosus.
770 408 798 433 et
825 403 984 442 proximis
1009 403 1177 440 cognitum
1200 407 1231 432 et

226 458 359 487 remotis
381 458 479 487 t·tiam
503 462 549 486 est
572 461 734 494 apertum.
758 457 914 486 Debitum
936 456 1038 492 igitur
1058 456 1122 485 sibi
1141 456 1231 494 justo

221 512 294 549 jure
318 510 484 539 credintus
501 514 534 538 ut
553 510 592 538 sit
612 510 656 538 ita
678 510 834 539 continue
851 509 1024 547 probitatis
1042 508 1231 545 insignibus

226 563 414 593 redimitus.
435 562 521 600 quod
544 561 647 591 nichil
672 567 760 591 motu
787 562 916 600 proprio
943 562 993 590 vel
1022 562 1131 599 pravis
1154 570 1232 597 sug-

224 615 431 653 gestionibus
449 614 646 653 aliquorum.
666 615 748 644 sicut
765 614 902 653 pridem.
922 615 1052 644 etliciat.
1074 624 1130 652 per
1147 614 1232 653 quod

226 668 406 706 impictatis
432 667 598 705 exemplar
623 668 791 706 aliquibus
814 667 1034 706 derelinquat.
1062 669 1134 705 Ipse
1158 667 1233 705 qni—

224 721 313 750 dem.
334 729 407 749 cum
431 720 632 749 venerabilis
659 720 759 749 frater
784 725 894 749 noster
917 743 935 748 ..
964 719 1232 757 archiepiscopus

226 773 515 809 Rothomagsensis.
540 778 572 802 ut
597 773 744 811 ejusdem
766 772 861 801 nobis
882 772 1062 801 lamentum
1083 772 1233 810 exposuit

225 831 254 855 et
282 825 431 864 «merida.
461 826 494 854 in
523 825 754 863 spiritualibus
782 830 811 854 ct
844 825 1079 863 temporalibus
1105 824 1232 854 nullum

226 883 294 916 post
326 879 430 907 Deum
465 883 573 915 preter
607 887 665 907 nos
690 878 834 916 judicem
861 877 998 909 habeat,
1032 878 1069 906 de
1096 877 1233 916 antiqua

228 931 506 967 Rotltomasxensis
539 930 676 959 ecclesie
711 930 862 959 libertate
890 940 925 959 ac
958 930 1064 967 ipsius
1098 939 1233 959 consue-

227 984 339 1013 tudine
373 984 534 1013 hactenus
566 983 756 1013 observata.
793 983 999 1021 [piot-undam
1033 983 1233 1021 impulsibus

225 1037 426 1065 concitatus.
454 1036 699 1074 progenitorum
726 1045 861 1065 suorum
894 1036 1024 1066 tramite
1052 1035 1230 1066 declinato.

225 1089 294 1127 qui.
318 1094 473 1127 tanquam
498 1089 683 1118 devotionis
705 1093 732 1117 rt
756 1089 968 1118 rectitudinis
987 1094 1161 1124 amatores,
1181 1099 1233 1119 ec-

225 1140 344 1169 clesias
362 1146 390 1169 et
409 1141 496 1171 viros
514 1141 756 1171 ecclesiasticos
778 1142 901 1171 favoris
920 1142 1046 1171 assidui
1064 1147 1138 1171 sunt
1159 1152 1233 1180 spe-

225 1193 300 1222 ciali
319 1202 454 1222 munere
474 1194 651 1231 prosecuti.
674 1203 748 1223 eum
766 1194 806 1222 ad
823 1203 916 1223 suam
938 1195 1139 1232 presentiam
1158 1204 1233 1225 evo-

225 1250 334 1274 catum
351 1246 391 1274 ad
407 1245 467 1275 hoc
484 1246 640 1275 iuducere
658 1246 840 1276 nitebatur.
861 1251 897 1275 ut
913 1256 1012 1285 super
1032 1257 1069 1278 eo
1092 1249 1179 1286 quod
1198 1249 1233 1279 in

225 1298 383 1336 quosdam
401 1299 753 1328 excommunicationis
770 1300 970 1330 sententiani
991 1302 1230 1339 promulgarat,

224 1360 260 1380 ac
280 1351 478 1389 quibusdam
496 1351 571 1381 aliis
588 1351 749 1386 articulis,
768 1351 829 1381 sub
845 1353 916 1391 ejus
933 1353 1083 1383 examine
1098 1363 1234 1393 respon-

225 1404 332 1433 deret:
358 1404 415 1433 sed
440 1404 516 1442 quia
534 1404 620 1433 idem
644 1404 929 1442 archiepiscopus,
953 1415 1017 1435 non
1040 1406 1144 1436 solum
1166 1407 1233 1445 juri

225 1465 284 1485 suo
313 1456 513 1494 periculum.
544 1466 658 1486 verum
686 1457 785 1486 etiam
809 1458 1059 1488 subversionem
1082 1463 1234 1490 metuens

225 1508 450 1538 ecclesiastice
479 1509 661 1539 libertatis.
694 1509 727 1538 id
757 1510 885 1539 efficere
914 1511 1106 1549 denegavit.
1136 1522 1170 1543 se
1198 1522 1234 1543 ac

226 1561 310 1590 bona
333 1561 439 1599 ipsius
457 1561 595 1591 ecclesie
615 1562 811 1599 protectioni
834 1563 928 1592 Sedis
949 1563 1136 1601 Apostolice
1157 1574 1235 1603 sup-

225 1614 387 1651 ponendo.
406 1614 553 1651 prefatus
567 1623 634 1647 rex,
653 1619 765 1644 contra
782 1614 874 1644 illum
890 1624 927 1645 ex
943 1615 1004 1645 hoc
1020 1617 1130 1653 gravis
1147 1627 1235 1647 com-

225 1666 382 1695 motionis
399 1665 544 1695 stitnulis
562 1667 717 1703 agitatus.
737 1667 845 1705 ipsum
862 1667 1025 1698 domibus.
1045 1669 1144 1705 villis,
1169 1674 1235 1700 ter-

226 1719 289 1747 ris.
318 1718 502 1748 redditibus
526 1723 555 1749 et
581 1720 850 1757 possessionibus
875 1721 915 1750 ad
940 1721 1113 1751 ecclesiam
1141 1732 1235 1752 suam

225 1772 463 1809 spectantibus.
485 1772 624 1801 rationis
642 1772 791 1802 abdicato
807 1773 958 1804 consilio.
986 1774 1155 1812 spoliavit,
1178 1776 1236 1806 illa

226 1832 289 1853 non
311 1824 434 1862 absque
451 1825 586 1862 superni
603 1825 690 1861 reg-ris
709 1825 834 1855 offensa
854 1829 885 1855 ct-
901 1826 951 1856 sui
972 1827 1117 1856 nominis
1133 1828 1235 1857 detri-

225 1881 335 1905 mento
352 1885 409 1913 per
424 1876 596 1905 ministros
614 1886 690 1905 suos
708 1877 834 1907 faciens
851 1878 1005 1908 detineri.
1023 1880 1144 1909 Verum
1161 1890 1235 1910 cum

225 1929 265 1957 ad
285 1928 425 1958 eundem
443 1938 552 1965 ref-vem
570 1938 714 1959 amorem
732 1930 812 1960 adeo
831 1931 1022 1969 precipuum
1039 1932 1233 1969 habeamus,

225 1981 310 2019 quod
338 1981 498 2011 vellemus
531 1982 639 2019 ipsum
665 1983 792 2012 cunctis
818 1984 1004 2021 preminere
1028 1986 1235 2024 principibus

226 2039 290 2063 tam
313 2034 471 2063 virtutum
496 2035 663 2064 affluentia
687 2044 785 2073 quam
809 2045 919 2065 rerum
943 2038 1042 2067 etiam
1065 2038 1232 2075 ubertate,

226 2087 380 2116 timentes
396 2087 586 2125 hujusmodi
599 2096 769 2117 excessum
784 2088 906 2127 injurie
918 2089 1082 2120 ultionum
1095 2092 1235 2122 Domino

225 2139 411 2176 displicere.
430 2140 643 2169 serenitatem
662 2140 787 2177 regiam
805 2141 994 2179 apostolicis
1010 2142 1131 2173 litteris
1147 2144 1234 2174 exci-

225 2197 333 2220 tamus
347 2196 393 2220 ut.
410 2196 484 2221 vota
499 2196 610 2221 nostra
624 2192 711 2221 circa
727 2194 944 2223 reverentiam
960 2195 1075 2225 matris
1088 2196 1234 2227 Ecclesie

225 2244 397 2273 devotione
415 2253 618 2282 prosequens
642 2244 747 2279 filiali,
766 2254 879 2283 preces
899 2234 927 2276 et
946 2248 1071 2277 monita
1089 2258 1153 2287 que
1169 2249 1234 2278 sibi

225 2306 282 2334 pro
298 2296 384 2325 «licto
403 2296 651 2334 archiepiscopo
675 2306 791 2326 secura
817 2298 937 2328 fiducia
954 2300 1163 2338 replicamus,
1187 2302 1234 2331 sic

226 2349 483 2387 promptitudine
503 2349 663 2387 compleat
685 2351 827 2385 efficaci,
850 2356 883 2380 ut
906 2352 1030 2391 absque
1052 2363 1141 2385 more
1166 2355 1234 2385 dis-

226 2402 345 2440 pendio
365 2402 429 2431 sibi
446 2407 474 2431 et
499 2402 638 2432 ecclesie
655 2412 713 2433 sue
732 2403 819 2433 bona
840 2404 969 2434 sublata
986 2406 1139 2436 restituat
1157 2409 1234 2437 uni-

226 2463 338 2483 versa:
357 2454 530 2492 presertim
547 2464 632 2490 cum⁷
649 2464 686 2485 ex
703 2456 814 2486 animo
830 2457 1000 2495 cupientes
1015 2460 1085 2489 suis
1101 2470 1235 2491 conser-

226 2508 343 2536 vandis
356 2507 489 2545 juribus
510 2516 575 2537 non
592 2508 718 2543 deesse,
745 2509 850 2547 parati
873 2519 1003 2545 sumus,
1027 2512 1054 2541 si
1076 2512 1234 2544 adversus

226 2560 366 2589 eundem
385 2560 670 2599 archiepiscopum
683 2562 782 2600 sejus
801 2561 934 2601 aliquod
948 2563 1070 2595 hahere
1087 2566 1232 2601 confidit,

226 2612 381 2642 exhibere
403 2612 466 2641 sibi
486 2613 616 2651 justitie
637 2613 934 2652 complementum3
960 2616 1105 2647 volentes
1128 2619 1235 2648 nichi-

226 2664 369 2693 lominus
388 2665 426 2693 ad
447 2665 669 2695 exauditionis
690 2667 853 2705 condigne
876 2668 1015 2705 gratiam
1037 2670 1235 2701 sublimitati

227 2725 285 2746 sue
310 2717 382 2745 sieri
406 2717 583 2753 debitores,
613 2718 658 2751 si,
688 2718 819 2749 sublata
844 2721 981 2750 materia
1005 2723 1235 2754 scandalorum

227 2778 290 2807 que
311 2774 445 2806 possent
467 2770 616 2800 accidere
641 2770 680 2800 de
701 2780 859 2809 oppressa
878 2773 1156 2812 Rothomagensis
1182 2786 1235 2807 ec-

227 2821 326 2851 clesie
352 2821 520 2854 libertate,
546 2831 639 2852 suam
665 2822 876 2854 clementiam
897 2826 1071 2857 audiamus
1098 2838 1235 2867 propere

227 2883 289 2912 que
312 2883 369 2911 pro
395 2883 532 2905 munere
553 2875 690 2913 speciali
715 2876 938 2914 deposcimus,
963 2880 1124 2911 effecisse.
1147 2883 1235 2918 Quo-

227 2926 314 2955 circa
329 2927 522 2957 discretioni
536 2932 643 2958 vestre
658 2938 716 2967 per
730 2930 909 2967 apostolica
923 2932 1098 2970 scripta‚in
1115 2935 1235 2966 virtute

947 285 1187 316 Raeisrnns
1209 285 1264 314 DE
1287 277 1509 315 GREGOIRE
1532 287 1590 316 ix.

2263 286 2321 318 836

1313 350 1517 385 obedientie,
1542 352 1754 390 precipiendo
1782 353 1978 382 mandamus
2005 357 2169 392 quatenus
2196 361 2322 383 memo-

1314 406 1422 432 ratum
1447 412 1557 441 regem
1580 403 1619 433 ad
1642 404 1871 443 complendum
1893 414 1992 443 super
2013 405 2224 435 restitutione
2246 414 2322 443 pre-

1314 454 1401 484 dicta
1424 459 1570 485 nostram
1600 456 1651 485 vel
1682 457 1828 486 divinam
1857 457 1966 494 potius
1991 457 2209 493 voluntatem,
2236 457 2321 487 sicut

1314 507 1480 537 efficacius
1496 508 1659 545 poteritis,
1677 508 1854 544 inducatis,
1870 518 1969 547 super
1984 509 2174 548 hujusmodi
2190 510 2322 547 negotio

1314 559 1496 589 secundnm
1520 564 1667 590 tenorem
1685 560 1872 591 litterarum
1895 561 2141 591 venerabilibus
2162 562 2322 592 fratribus

1315 612 1438 641 nostris
1457 635 1475 641 ..
1495 613 1680 643 Parisiensi
1696 617 1727 642 et
1745 636 1764 642 ..
1784 613 2027 643 Silvanectensi
2041 614 2203 652 episcopis
2223 618 2254 645 et
2272 615 2322 644 di-

1314 664 1398 694 lecto
1422 664 1488 694 lilio
1507 665 1666 703 magistro
1681 667 1712 696 J.
1730 666 1769 696 de
1786 666 1896 696 Monte
1913 666 2071 702 Mirabili,
2090 667 2322 697 archidiacono

1315 718 1517 753 Parisiensi,
1549 727 1606 756 pro
1634 719 1748 748 eodem
1778 718 2025 757 archiepiscopo
2052 719 2268 755 directarum,
2294 719 2323 749 si

1315 771 1399 800 sorte
1422 770 1471 800 illi
1499 765 1691 801 mandatum
1721 771 1937 809 apostolicum
1962 771 2051 801 infra
2074 772 2233 810 prefixum
2259 771 2324 802 sibi

1316 823 1495 853 terminum
1515 824 1631 862 exequi
1651 823 1868 861 neglexerint,
1887 824 1977 854 omni
1997 825 2169 854 occasione
2193 828 2324 863 postpo-

1316 876 1380 905 sita
1398 876 1598 914 processuri.
1622 877 1695 906 Dat.
1714 877 1876 914 Anagnie,
1893 877 1923 907 X
1939 877 2098 907 kalendas
2115 877 2322 915 septembris,

1316 938 1402 959 anno
1421 929 1572 967 septimo.
1593 941 1605 955 n

1390 1122 1510 1152 15¹0

1352 1183 1493 1209 Abbatem
1512 1183 1758 1215 Sminiacensem,
1777 1182 1968 1210 Abi-incensis
1984 1183 2138 1216 dioecesis,
2155 1186 2183 1209 et
2199 1183 2323 1217 priorem

1315 1232 1433 1258 fratrum
1453 1231 1683 1258 l’raedicatorum
1701 1231 1907 1258 Parisiensium
1928 1236 2010 1265 rogat
2031 1235 2058 1259 et
2078 1233 2207 1258 hortatur
2223 1235 2323 1267 quate-

1900 1121 2024 1155 Anagni‚
2041 1121 2074 1149 23
2089 1122 2157 1147 auat
2174 1120 2251 1149 1233.

1316 1289 1371 1307 nus
1386 1288 1484 1314 regem
1496 1279 1670 1307 Francorum
1687 1281 1824 1307 inducant
1837 1284 1866 1307 ut
1877 1281 2043 1315 depressam
2058 1281 2323 1315 Rothomagensem
2371 1304 2376 1308 .

1315 1330 1467 1356 ecclesiam
1489 1330 1516 1356 in
1534 1333 1638 1356 statum
1657 1329 1809 1364 pristinum
1827 1330 1919 1364 erigat
1934 1332 1962 1355 et
1978 1329 2196 1364 archiepiscopo
2211 1328 2324 1356 Rotho-

1316 1379 1445 1412 magensi
1470 1378 1579 1405 sublata
1600 1379 1694 1404 onmia
1717 1378 1860 1405 restituat.
1882 1393 1915 1398 —
1939 1378 2020 1408 (Rue.
2044 1378 2085 1410 17,
2107 1378 2125 1405 t‘.
2144 1378 2174 1405 81
2193 1383 2238 1412 v⁰;
2255 1385 2321 1404 ann.

1317 1426 1382 1458 VII,
1401 1434 1426 1453 c.
1443 1426 1510 1460 ‘2823
1531 1441 1560 1445 —
1579 1427 1698 1454 Monam
1716 1426 1793 1459 1188,
1810 1427 1828 1453 f.
1851 1427 1914 1456 179:
1931 1440 1967 1447 —
1982 1426 2128 1453 Porrffls'r
2141 1426 2210 1454 9279
2223 1426 2253 1460 ί.)

1359 1540 1371 1552 «
1397 1550 1414 1555 ..
1438 1527 1540 1556 abbati
1559 1527 1788 1562 Saviniacensi,
1817 1528 2024 1558 Cisterciensis
2050 1528 2185 1560 ordinis,
2209 1527 2323 1556 Abrin-

1317 1581 1412 1609 censis
1442 1580 1583 1613 diocesis„
1615 1585 1641 1609 et
1670 1603 1688 1608 ..
1714 1581 1817 1618 priori
1845 1581 1981 1616 framtm
2012 1580 2243 1609 Predicalorum
2269 1580 2323 1609 Pa-

1315 1633 1511 1661 risiensium.
1537 1633 1665 1669 Regum
1689 1632 1776 1662 clare
1798 1633 1956 1662 memorie
1979 1632 2035 1671 qui
2061 1632 2178 1662 diebus
2201 1632 2324 1662 nostris

1317 1684 1426 1714 aulam
1461 1685 1555 1721 regni
1585 1685 1724 1714 Franeie
1758 1684 1850 1715 felici
1880 1685 2043 1722 regimine
2072 1685 2322 1723 gubernarunt,

1317 1741 1424 1773 tanta⁷
1460 1742 1495 1767 ut
1529 1737 1587 1767 leti
1626 1737 1821 1773 recolimus,
1856 1738 1964 1768 extitit
1994 1737 2218 1776 preminentia
2249 1746 2325 1776 pro-

1317 1789 1451 1824 bitatis,
1490 1790 1577 1828 quod
1613 1790 1678 1828 ipsi
1712 1790 1835 1820 mundo
1869 1790 2016 1820 celebres
2048 1793 2125 1820 sunt
2157 1790 2265 1820 effecti
2295 1793 2327 1820 et

1318 1843 1442 1872 eternis
1463 1842 1608 1879 gaudiis,
1634 1847 1669 1872 ut
1691 1843 1731 1872 de
1753 1842 1875 1880 pietate
1901 1842 2014 1872 divina
2036 1842 2250 1878 confidimus,
2270 1842 2327 1872 de-

1318 1895 1434 1933 putati.
1463 1895 1597 1925 Studuit
1623 1895 1757 1934 quidem
1783 1895 1931 1933 ipsorum
1957 1894 2153 1925 excellentia
2181 1895 2327 1933 gratiosa

1318 1951 1430 1977 notam
1454 1947 1489 1976 in
1511 1947 1642 1985 populis
1666 1957 1760 1977 suam
1782 1947 1940 1977 virtutem
1964 1947 2108 1983 efficere,
2130 1947 2245 1978 multis
2269 1956 2328 1978 cu-

1318 1999 1420 2030 rando
1436 1999 1606 2030 laboribus
1623 1999 1761 2037 gloriam
1779 2000 1885 2030 divini
1904 2000 2050 2030 nominis
2069 1999 2244 2039 ampliare3
2259 2000 2328 2030 fue-

1317 2057 1395 2082 runt
1411 2053 1511 2083 iidem
1530 2053 1688 2083 zelatores
1701 2053 1832 2092 justitie
1849 2053 1969 2083 fervidi
1986 2058 2017 2083 et
2034 2053 2177 2084 cultores
2194 2053 2328 2083 miseri-

1318 2105 1428 2135 cordie
1450 2114 1515 2135 non
1539 2105 1684 2135 remissi.
1709 2105 1825 2135 Extitit
1847 2106 1985 2144 insuper
2007 2106 2046 2135 de
2071 2109 2162 2136 tanto
2179 2106 2329 2144 ipsorum

1304 2156 1451 2189 'dextera
1466 2159 1634 2194 liberalis,
1654 2159 1742 2198 quod
1759 2159 1881 2189 nedum
1897 2158 2037 2189 ecclesie
2058 2158 2154 2196 regni
2169 2158 2325 2194 Francie,

1318 2212 1375 2242 sed
1390 2211 1425 2241 in
1440 2211 1633 2250 longinquis
1650 2211 1829 2242 constitute
1844 2211 1995 2250 partibus
2009 2215 2087 2242 sunt
2102 2220 2215 2241 eorum
2230 2210 2328 2241 hene-

1317 2264 1403 2294 ficiis
1422 2263 1589 2302 ampliate.
1608 2264 1695 2301 Quid
1710 2264 1819 2294 ultra?
1841 2264 1966 2294 eisdem
1987 2264 2122 2302 regibus
2138 2272 2204 2293 non
2221 2262 2329 2294 solum

1317 2317 1382 2346 sibi
1411 2317 1630 2355 regnantibus
1662 2317 1720 2347 sed
1752 2325 1930 2355 regnorum
1960 2316 2109 2347 omnium
2134 2314 2305 2347 Cond'itori
2318 2338 2325 2351 ‚

1317 2368 1397 2399 adeo
1415 2369 1552 2399 libertas
1566 2369 1794 2399 ecclesiastica
1809 2369 1931 2405 floruit,
1950 2369 2036 2408 quod
2050 2368 2252 2408 prelatorum
2270 2367 2328 2398 ali-

1317 2422 1392 2460 quis
1414 2431 1489 2451 raro
1508 2421 1569 2452 sub
1594 2421 1726 2452 illorum
1746 2422 1909 2460 regimine
1929 2421 2121 2460 suspiravit.
2146 2422 2228 2451 Ecce
2244 2420 2328 2451 side

1316 2474 1473 2512 predictis
1490 2466 1626 2511 regibus
1644 2477 1734 2503 tanta
1749 2474 1910 2503 virtutum
1933 2473 2094 2512 processit
2109 2472 2281 2511 congeries
2297 2475 2330 2502 et

1316 2527 1462 2562 ubertas,
1485 2527 1566 2566 quid
1589 2531 1639 2557 est
1663 2527 1758 2557 nobis
1783 2527 1823 2557 de
1848 2527 2022 2557 carissimo
2044 2526 2079 2556 in
2104 2525 2238 2557 Christo
2259 2523 2329 2554 filio

1317 2583 1429 2609 nostro
1448 2602 1466 2608 ..
1485 2588 1562 2617 rege
1579 2580 1781 2609 Francorum
1797 2579 1944 2609 illustri²
1956 2578 2082 2618 jugiter
2095 2576 2326 2616 appetendum,

1318 2631 1385 2661 nisi
1404 2635 1440 2660 ut
1460 2631 1688 2669 progenitores
1707 2640 1785 2661 suos
1808 2634 1967 2670 sequatur
1986 2629 2143 2668 operibus
2160 2632 2191 2659 et
2206 2627 2329 2666 effigiet

1317 2683 1352 2713 in
1369 2683 1514 2714 virtute?
1534 2685 1636 2714 Porro
1646 2683 1719 2723 pati
1735 2684 1939 2715 contrarium
1958 2683 2084 2722 absque
2105 2680 2329 2713 amaritudine
2357 2674 2361 2678 ’

1318 2736 1423 2766 nimia
1435 2745 1500 2767 non
1512 2746 1695 2775 possemus,
1704 2738 1880 2776 presertim
1890 2746 1964 2768 cum
1975 2736 2094 2767 leviter
2103 2735 2143 2766 ad
2154 2734 2329 2766 hominum

1316 2788 1514 2826 patientiam
1539 2798 1604 2820 non
1628 2790 1760 2820 accedat
1787 2790 1900 2828 spinas
1925 2789 2002 2819 inde
2027 2788 2213 2827 percipere,
2239 2785 2328 2816 unde

1351 2906 1372 2931 1.
1389 2906 1464 2930 Avec
1479 2907 1504 2930 la
1520 2907 1582 2932 date
1602 2910 1663 2932 V111
1681 2909 1817 2932 kalendas
1832 2908 2001 2937 septembris
2017 2906 2058 2936 (=
2072 2905 2102 2929 25
2117 2905 2202 2934 aout).

1350 2949 1372 2974 2.
1387 2953 1436 2974 Με,
1455 2959 1461 2974 ;
1478 2951 1593 2976 illustre.
