2498 3242
154 288 212 318 625
1027 277 1208 315 SIXIEME
1230 276 1390 314 ANNEE.
2205 290 2262 319 526

226 351 363 388 [1⁰881
694 351 875 387 Pordenone,
893 352 925 380 10
942 352 998 379 mai
1016 350 1092 378 1232.

188 413 241 442 111.
260 429 294 434 —
314 413 494 445 Fridericus,
513 412 711 440 Romanorum
728 414 898 449 imperator,
916 414 1051 440 omnibus
1067 416 1166 439 notum

153 462 220 490 facit
235 470 267 489 se
283 461 491 493 Hei-mannum,
509 462 680 496 magistrum
697 461 934 494 Teutonicorum,
952 465 1166 497 procuratorem

153 518 240 538 suum
262 510 292 537 in
315 509 452 536 omnibus
475 511 683 537 controversiis
704 511 778 537 inter
799 511 894 546 ipsum
915 514 944 537 et
963 510 1166 540 Mediolanum,

154 558 339 589 Placentiam,
357 557 497 592 Brixiam,
515 557 674 593 Mantuam,
687 558 857 592 Ferrariam,
870 559 1040 593 Bononiam,
1058 557 1169 585 Faven-

154 607 224 634 tiam
245 610 273 633 et
295 607 455 641 complices
477 615 575 633 earum
594 607 799 641 constituisse,
823 609 906 642 eique
928 611 1098 642 potestatem
1120 606 1169 633 de-

154 654 235 682 disse
256 654 508 690 compromittendi
524 655 552 682 in
568 654 726 687 Jacobum,
745 656 964 683 Praenestinum
985 656 1106 682 electum
1117 675 1124 686 ,
1141 658 1169 682 et

154 701 300 734 Ottonem,
319 702 417 730 Sancti
439 702 550 730 Nicolai
571 704 598 731 in
620 703 742 731 Carcere
756 704 886 731 Tulliano
907 704 1059 731 diaconum
1076 702 1168 730 cardi-

157 751 261 785 nalem,
287 751 474 786 Apostolicae
499 751 584 779 Sedis
606 753 726 787 legatos.
747 766 784 773 -
806 753 918 787 (ΡΕῃτΖ,
942 756 962 780 t.
983 752 1021 783 ΙΙ,
1046 761 1074 787 p.
1095 751 1166 786 ‘298;

157 813 191 820 —
205 800 243 826 cf.
260 799 432 827 Roneis-usna
450 800 509 832 466,
526 799 584 834 111;
599 815 632 820 —
648 800 887 828 Bonum-menan
904 801 994 833 1981.)

197 912 211 927 ι(
235 901 467 940 Transcriptum
488 902 764 931 instrwnentorum
780 904 983 939 confectorum
1005 903 1087 931 inter
1102 902 1168 930 Fri-

155 953 292 983 dericum
321 955 533 992 imperatorem
557 960 582 984 el
608 959 734 984 rectores
749 955 906 984 societatis
922 954 1106 984 Lombardie.
1129 954 1168 984 In

156 1006 290 1036 nomine
308 1006 454 1036 Domini.
478 1008 595 1037 Amen.
618 1008 714 1037 Anno
740 1007 887 1046 ejusdem
910 1006 1170 1037 M⁰CC⁰XXXII⁰

155 1075 204 1087 -—.
219 1058 270 1088 Ad
288 1058 448 1089 honorem
463 1059 700 1098 omnipotentis
719 1059 780 1089 Dei
794 1076 842 1088 —.
858 1059 942 1089 Cum
960 1058 1168 1089 venerabiles

155 1111 342 1142 cardinales
363 1129 412 1140 —.
433 1112 500 1149 Ego
524 1111 706 1142 Jacobinus
729 1129 768 1133 -
790 1111 974 1149 subscripsi
1001 1115 1031 1140 et
1059 1110 1169 1149 publi-

156 1163 240 1194 cavi.
261 1175 275 1190 »

198 1228 212 1244 «
232 1217 271 1247 In
292 1217 425 1247 nomine
448 1217 594 1246 Domini.
618 1218 735 1247 Amen.
760 1218 856 1246 Anno
884 1216 1033 1255 ejusdem
1057 1215 1170 1246 M⁰CC⁰

155 1269 302 1300 XXXII⁰
319 1287 368 1298 —.
389 1270 473 1300 Cum
493 1269 533 1299 ad
550 1269 810 1307 postulationem
826 1286 876 1298 —.
898 1281 911 1295 »

199 1334 213 1349 α
232 1323 272 1352 In
296 1322 430 1352 nomine
453 1321 599 1352 Domini.
625 1322 743 1351 Amen.
769 1322 866 1351 Anno
891 1321 1039 1360 ejusdem
1053 1312 1170 1352 'M0CC0

155 1375 302 1406 ΧΧΧΙΙο
318 1392 357 1397 —-
372 1385 378 1404 :

199 1440 212 1455 ι(
236 1428 442 1463 Fridericus,
462 1428 523 1458 Dei
548 1427 655 1466 gratia
676 1428 901 1458 Romanorum
923 1427 1103 1466 imperator
1118 1444 1167 1455 —.

158 1494 172 1508 »
195 1481 261 1512 Per
277 1489 415 1520 presens
433 1481 595 1520 scriptum
607 1498 656 1509 —.
675 1481 750 1511 Dat.
771 1480 857 1519 apud
874 1481 1011 1510 Portum
1028 1479 1167 1515 Naonis,

159 1547 172 1562 »
195 1535 228 1564 X
243 1533 358 1570 madii,
377 1534 407 1564 V
424 1533 619 1564 indictione.
641 1545 654 1559 »
800 1530 804 1535 '

198 1600 212 1615 «
232 1588 300 1626 Ego
317 1587 500 1618 Jacobinus
519 1586 687 1626 quondam
704 1604 743 1609 —
759 1587 866 1617 variet
884 1590 940 1617 aut
954 1590 1071 1616 mutet.
1093 1598 1106 1613 1>

230 1773 250 1800 Ι
256 1771 346 1800 084

191 1833 368 1868 Tripolitano
383 1838 411 1861 et
426 1833 620 1860 Antei-adeusi
637 1833 794 1868 episcopis,
807 1837 835 1859 et
851 1833 960 1860 cantori
975 1833 1169 1860 Antei-odensi

157 1882 311 1909 committit
322 1881 494 1908 audiendam
510 1885 538 1908 et
550 1881 758 1908 terminandam
774 1889 890 1908 causam
907 1882 981 1908 inter
996 1882 1127 1908 abbatem
1142 1885 1170 1908 et

158 1934 333 1958 conventum
350 1930 516 1957 monasterii
529 1929 609 1956 -Belli
630 1929 738 1957 Montis
759 1931 797 1963 (in
815 1929 908 1964 Syria)
925 1934 953 1956 et
967 1929 1032 1964 W.‚
1050 1930 1167 1957 militem

156 1979 192 2006 de
207 1978 322 2011 Riveto,
339 1979 398 2014 qui,
416 1978 442 2005 in
460 1978 592 2013 ejusdem
610 1978 777 2005 monasterii
793 1978 1012 2013 praeiudicium,
1027 1979 1120 2005 casale
1133 1979 1168 2005 de

156 2027 268 2062 Pet-ego
282 2027 454 2060 detinuerat,
467 2028 527 2061 jam
542 2026 651 2053 dudum
667 2030 809 2053 exortam.
827 2042 860 2046 -
877 2026 959 2061 (Rso.
979 2026 1021 2060 16,
1038 2027 1055 2052 f.
1073 2026 1106 2053 85
1122 2033 1167 2060 v⁰;

155 2084 222 2103 ann.
242 2074 282 2101 VI
294 2098 300 2109 ,
316 2083 342 2103 c.
358 2075 433 2108 281.)

698 1770 824 1805 Anagni,
841 1770 874 1797 28
888 1770 1000 1805 janvier
1020 1770 1095 1797 1‘233.

197 2189 211 2203 «
233 2200 253 2206 ..
275 2177 465 2215 Tripolitana
482 2182 508 2205 et
525 2199 544 2204 ..
566 2176 768 2205 :inter-aderisi
784 2177 944 2214 episcopis,
964 2181 990 2205 et
1009 2199 1027 2204 ..
1048 2177 1169 2205 cantori

154 2230 366 2260 Anteradensi.
385 2229 491 2268 Super
509 2228 666 2266 gravibus
684 2228 856 2259 laboribus
875 2237 957 2267 quos
976 2228 1088 2258 dilecti
1106 2228 1169 2258 filii

158 2306 178 2313 ..
196 2282 298 2314 abbas
317 2286 349 2312 et
371 2285 553 2312 conventus
569 2281 765 2312 monasterii
784 2281 868 2312 Belli
888 2281 1022 2316 Montis,
1043 2281 1169 2312 Cister-

155 2335 279 2366 ciensis
297 2334 442 2370 ordinis,
462 2342 521 2372 pro
539 2333 765 2372 recuperando
785 2333 889 2364 casali
907 2334 1032 2372 Perego
1053 2333 1168 2371 vulga-

155 2388 236 2418 riter
258 2386 436 2426 appellat0‚
463 2386 666 2416 sustinuisse
689 2386 861 2422 dicuntur,
891 2387 978 2426 quod
1001 2386 1169 2426 quondam

154 2441 224 2475 W..
237 2439 333 2469 miles
347 2439 386 2469 de
395 2439 525 2474 RivetQ
536 2438 571 2468 in
581 2447 706 2474 eorum,
719 2443 754 2468 ut
763 2439 936 2474 asseritur,
946 2438 1168 2478 prejudicium

155 2492 336 2528 detinebat,
353 2496 490 2531 paterno
510 2491 558 2522 eis
575 2492 694 2521 affectu
708 2492 926 2530 compatimur
944 2496 975 2522 et
993 2501 1031 2522 ex
1048 2491 1168 2522 intimo

156 2545 380 2576 condolemus.
399 2545 492 2576 Sicut
509 2545 599 2575 enim
612 2553 650 2574 ex
668 2549 760 2583 parte
774 2544 921 2582 ipsorum
937 2544 1001 2574 fuit
1018 2544 1168 2583 proposi-

156 2602 228 2628 tum
244 2605 355 2628 coram
372 2597 483 2632 nobis,
502 2601 548 2627 tot
570 2596 680 2627 littere
705 2601 775 2626 tum
793 2605 811 2626 a
829 2596 914 2627 bone
933 2597 1092 2627 memorie
1111 2598 1147 2627 P.
1159 2620 1166 2632 ,

156 2651 310 2690 episcopo
331 2649 515 2680 Albanensi
528 2651 550 2685 ¹,
571 2653 648 2680 tunc
666 2649 702 2679 in
723 2649 874 2688 partibus
892 2648 961 2680 illis
978 2649 1168 2688 Apostolice

188 2770 209 2794 1.
229 2769 366 2800 L'eveque
382 2768 518 2793 d'Albano
533 2767 646 2799 designe
658 2767 695 2792 ici
713 2774 747 2792 ne
761 2772 827 2799 peut
840 2768 907 2798 etro.
919 2769 1097 2798 semble-t-il,
1114 2775 1167 2800 que

154 2815 180 2839 le
193 2814 316 2838 cardinal
332 2813 449 2844 Pelage;
465 2813 533 2837 mais
549 2813 571 2836 si
592 2813 706 2837 celui-ci
729 2815 771 2837 est
791 2815 863 2837 mort.
882 2819 918 2837 au
938 2813 1128 2838 Mont-Cassin
1142 2813 1168 2838 le

154 2859 186 2884 29
197 2859 306 2890 janvier
324 2857 392 2889 ¹2⁴0,
409 2870 437 2875 —
453 2857 519 2882 c’est
534 2857 560 2881 la
576 2856 639 2881 date
655 2856 764 2881 donnee
780 2859 950 2881 notammont
964 2864 1014 2888 par
1029 2856 1122 2888 Gams,
1138 2871 1168 2876 —

154 2909 192 2928 on
207 2902 360 2934 s’exptique
376 2902 443 2931 mal,
464 2907 499 2926 en
520 2900 594 2931 ¹233.
613 2901 640 2924 ta
658 2901 777 2924 formula
798 2901 868 2925 bone
888 2902 1042 2931 memorie,
1062 2901 1110 2932 qui
1128 2901 1168 2926 lui

154 2950 196 2973 ost
208 2948 245 2972 ici
260 2946 416 2978 appliquee.

280 2995 467 3028 onnoomss
486 3002 537 3032 1x,
555 3005 574 3027 t.
593 3002 614 3027 1.

1250 349 1345 380 Sedis
1363 349 1486 388 legato,
1509 354 1577 379 tum
1599 359 1616 380 a
1635 350 1718 380 Sede
1738 351 1926 389 Apostolica
1950 361 2049 390 super
2067 352 2127 383 hoc
2151 354 2190 383 ad
2212 355 2263 384 ‹li-

1249 410 1362 432 versos
1377 402 1506 441 J'udices
1521 407 1597 432 sunt
1616 402 1760 439 obtento,
1776 404 1862 442 quod
1881 405 1933 434 vix
1950 405 2121 435 invenitur
2133 406 2168 436 in
2188 417 2263 445 par-

1250 454 1338 483 tibus
1356 454 1590 484 transmarinis
1609 455 1661 484 cui
1680 455 1865 493 predictum
1886 457 2055 495 negotium
2075 460 2262 489 committa-

1250 509 1314 535 tur.
1341 506 1443 536 Nam.
1473 506 1551 536 licet
1579 507 1691 537 decem
1720 508 1818 538 annis
1845 513 1876 538 et
1904 509 2062 547 amplius,
2095 520 2159 541 non
2190 512 2262 543 sine

1249 559 1380 596 magnis
1406 558 1575 589 doloribus
1601 563 1631 589 et
1651 553 1820 598 expensis,
1842 570 1940 599 super
1963 561 2023 591 hoc
2046 563 2146 593 fuerit
2172 564 2263 594 labo-

1249 615 1373 646 ratum,
1395 616 1426 640 et
1446 611 1619 641 inductum
1637 613 1875 642 monasterium
1895 613 1928 642 in
1950 615 2192 651 possessionem
2213 617 2263 655 ip-

1250 664 1320 694 sius
1352 664 1490 699 casalis,
1521 664 1628 702 primo
1657 673 1757 695 causa
1789 665 1953 697 custodie.
1990 668 2093 704 partis
2125 668 2263 699 alterius

1250 717 1457 746 contumacia
1474 717 1637 754 exigente,
1659 726 1694 746 ac
1711 717 1859 753 demum,
1878 718 1984 756 ipsius
2002 726 2170 751 crescente
2189 731 2263 759 per-

1251 769 1373 799 tinacia
1401 769 1623 804 contumacis,
1654 778 1764 799 verum
1801 770 1948 809 ejusdem
1985 772 2122 807 casalis,
2153 773 2263 812 elapso

1251 830 1352 857 anno,
1374 821 1474 852 suerit
1498 822 1744 860 possessionem
1767 822 1973 862 ademptum.
1998 829 2131 863 propter
2153 830 2261 856 tamen

1250 875 1544 913 tergiversationes
1570 875 1676 913 ipsius
1701 875 1820 904 militis
1843 885 2014 915 nunquan]
2041 878 2079 907 ad
2099 883 2264 909 contestu-

1252 927 1374 958 tionem
1390 927 1460 957 litis
1479 936 1579 966 super
1597 928 1773 966 principali
1794 929 1899 966 potuit
1921 930 2100 967 perveniri.
2118 931 2261 962 Deinde.

1250 980 1401 1018 partibus
1418 984 1551 1018 propter
1567 979 1628 1010 hoc
1645 980 1685 1009 ud
1703 980 1821 1011 Sedent
1840 981 2063 1019 Apostolicam
2083 984 2263 1014 accedenti—

1250 1032 1327 1067 bus,
1351 1042 1425 1062 cum
1443 1032 1561 1062 fuisset
1586 1041 1696 1063 coram
1713 1034 1840 1072 prefato
1859 1034 2022 1073 ‹spis-copo,
2043 1035 2091 1065 eis
2114 1036 2264 1066 auditore¹

1251 1094 1422 1120 concesso,
1451 1094 1550 1123 super
1573 1085 1748 1124 premissis
1773 1086 1967 1124 aliquandiu
1992 1087 2176 1125 litigatum.
2205 1098 2264 1119 nos

1252 1138 1420 1175 negotium
1440 1138 1548 1176 ipsum
1568 1138 1629 1168 sul»
1648 1143 1734 1167 certa
1756 1140 1859 1168 forma
1879 1139 2078 1178 quibusdum
2093 1141 2263 1179 Judicibus

1251 1190 1285 1219 in
1305 1190 1372 1219 illis
1390 1190 1541 1229 partibus
1563 1191 1602 1221 de
1625 1191 1792 1220 communi
1812 1200 1977 1222 consensu
2006 1193 2150 1231 partium
2169 1194 2264 1224 duxi-

1251 1252 1325 1273 mus.
1350 1243 1640 1276 comniittendum;
1661 1253 1801 1282 quorum
1827 1244 1966 1275 duobus.
1992 1246 2048 1284 qui
2071 1250 2147 1276 tunc
2170 1252 2262 1277 erant

1252 1295 1338 1333 apud
1356 1296 1473 1325 Sedent
1492 1296 1726 1334 Apostoliruni.
1746 1297 1785 1325 ad
1804 1302 1912 1335 partes
1933 1298 2022 1336 ipsas
2039 1299 2179 1330 ulterius
2199 1309 2262 1330 non

1253 1347 1558 1383 transfretantibus,
1578 1353 1605 1377 et
1625 1349 1722 1378 tertio
1741 1349 1929 1385 decedente,
1952 1360 2016 1380 non
2035 1352 2139 1389 potuit
2159 1352 2192 1381 in
2210 1362 2264 1382 eo-

1251 1399 1326 1429 dem
1340 1400 1472 1437 negotio
1486 1400 1602 1430 haberi
1617 1410 1808 1439 processu&
1829 1403 1909 1440 quin
1929 1403 2040 1438 immo.
2057 1406 2184 1442 prefato
2201 1406 2263 1434 mi-

1251 1451 1309 1482 lite
1342 1462 1378 1482 ac
1405 1454 1474 1483 sere
1505 1457 1569 1482 tota
1600 1454 1671 1492 ejus
1700 1455 1850 1493 projenie
1880 1457 1941 1493 (sic,
1973 1457 2072 1487 rebus
2108 1458 2264 1488 humanis

1253 1505 1428 1544 exemptis,
1450 1506 1490 1535 ad
1509 1506 1602 1545 cujus
1619 1516 1737 1537 manus
1757 1508 1865 1538 casale
1888 1508 1971 1538 illud
1989 1509 2174 1540 devenerit.
2195 1510 2265 1549 ple—

1252 1566 1330 1587 nam
1356 1558 1435 1587 dicti
1465 1558 1566 1588 abbas
1594 1563 1623 1589 et
1654 1560 1851 1595 convensus.
1881 1566 2013 1600 propter
2041 1562 2263 1593 turin-itionem

1251 1610 1346 1648 regni
1363 1610 1476 1649 Cypri.
1497 1611 1730 1641 certitudinem
1749 1621 1782 1641 se
1801 1618 1952 1643 usserunt
1974 1623 2038 1643 non
2055 1614 2189 1645 habere.
2210 1615 2265 1645 Fi-

1252 1672 1328 1693 nem
1347 1663 1450 1701 igitur
1468 1663 1583 1693 litibus
1603 1664 1775 1702 cupientes
1799 1665 1941 1704 imponi,
1967 1667 2163 1697 mandamus
2183 1677 2264 1706 qua-

1252 1721 1359 1751 tenus.
1379 1717 1503 1747 vocatis
1522 1717 1578 1755 qui
1597 1722 1730 1756 propter
1749 1718 1808 1748 hoc
1828 1720 1951 1749 tuerint
1972 1720 2141 1750 evocandi.
2160 1721 2263 1751 saria-

1251 1769 1294 1799 tis
1307 1770 1403 1799 vohis
1420 1779 1534 1799 omnes
1551 1770 1720 1800 hincinde
1735 1771 1887 1801 obtentas
1901 1771 2030 1802 litteras
2044 1778 2072 1802 et
2089 1782 2264 1810 processus

1250 1831 1309 1860 per
1328 1831 1383 1853 eas
1401 1822 1533 1852 habitos
1552 1823 1718 1859 exhiberi,
1739 1828 1767 1853 et
1789 1834 1870 1862 quos
1890 1825 1928 1855 de
1944 1825 2018 1863 jure.
2035 1825 2186 1855 videritis
2208 1836 2265 1865 ap-

1251 1875 1455 1914 probandos,
1476 1874 1615 1913 reliquis
1638 1876 1771 1914 penitus
1794 1876 1950 1907 irritatis.
1972 1877 2101 1907 sublato
2120 1879 2265 1917 appella-

1251 1927 1353 1957 tionis
1371 1927 1525 1965 diffugio⁷
1547 1928 1754 1966 approbetis3
1776 1928 1803 1957 si
1828 1938 1904 1959 vero
1928 1929 2057 1959 nullum
2080 1939 2194 1960 eorum
2215 1931 2265 1960 vi-

1252 1980 1368 2010 deritis
1383 1979 1642 2018 approbandum,
1658 1985 1856 2010 memoratos
1873 1990 2049 2020 processus
2061 1987 2091 2012 et
2106 1983 2265 2021 quicquid

1252 2042 1290 2063 ex
1305 2032 1352 2063 eis
1372 2036 1522 2062 secutum
1541 2036 1589 2062 est
1606 2032 1656 2062 vel
1676 2033 1716 2062 ob
1734 2033 1835 2071 ipsos,
1851 2034 1986 2064 omnino
2002 2039 2184 2066 cassantes,
2205 2044 2264 2065 au-

1251 2085 1351 2115 diatis
1370 2093 1502 2114 causam
1523 2089 1583 2114 etc.
1601 2102 1640 2106 —
1655 2085 1827 2115 facientes.
1847 2086 1961 2116 Testes
1979 2090 2089 2116 autem
2107 2092 2168 2117 etc.
2190 2088 2262 2117 Non

1252 2138 1403 2167 obstante
1428 2137 1665 2166 ronstitutione
1691 2137 1729 2167 de
1759 2138 1887 2167 duabus
1912 2138 2010 2168 dietis
2034 2143 2095 2168 etc.
2119 2139 2213 2175 Quod
2235 2139 2264 2169 si

1252 2199 1318 2220 non
1336 2198 1451 2220 omnes
1476 2194 1536 2219 etc.
1558 2190 1632 2219 Dat.
1656 2190 1823 2227 Anagnie,
1848 2191 1877 2221 V
1898 2190 2058 2221 kalendas
2083 2192 2261 2222 februarii.

1252 2251 1340 2273 anno
1358 2247 1460 2272 sexto.
1483 2254 1496 2269 »

1326 2421 1443 2451 1⁰85
1820 2421 1947 2456 Anagni,
1961 2422 1977 2449 9
1992 2422 2098 2449 sevrier
2114 2423 2194 2450 1‘233.

1286 2483 1380 2511 Fratri
1402 2483 1559 2515 Bernardo,
1582 2483 1616 2510 de
1639 2483 1739 2509 ordine
1762 2482 2006 2518 Praedicator-um,
2028 2484 2161 2510 concedit
2182 2488 2212 2511 ut
2235 2486 2263 2511 in

1250 2531 1422 2559 Trevereusi
1441 2537 1470 2558 et
1489 2531 1653 2558 Coloniensi
1671 2531 1826 2566 provinciis
1841 2532 1963 2558 clericos
1979 2531 2043 2558 illos
2058 2540 2132 2566 quos
2148 2533 2173 2558 ei
2189 2540 2262 2559 con-

1251 2581 1358 2608 stiterit
1380 2582 1522 2608 incestum
1547 2581 1731 2608 commisisse
1760 2588 1827 2607 cum
1859 2580 2032 2606 monialibus
2060 2586 2088 2606 et
2113 2580 2263 2608 sororibus

1250 2639 1324 2665 quae
1339 2638 1371 2657 se
1386 2630 1541 2657 canonicas
1556 2630 1720 2656 saeculares
1735 2629 1871 2664 appellari
1887 2628 2005 2660 faciunt,
2019 2629 2054 2655 ab
2066 2628 2158 2655 officio
2175 2629 2263 2656 bene—

1251 2679 1375 2714 ficioque
1395 2678 1565 2714 suspendat.
1587 2693 1622 2699 —
1644 2678 1726 2710 (Rso.
1752 2678 1800 2710 16,
1821 2677 1840 2704 f.
1862 2677 1896 2704 85
1912 2683 1956 2710 v⁰;
1973 2685 2040 2703 ann.
2067 2676 2123 2712 VI,
2146 2685 2172 2705 c.
2191 2677 2260 2709 2823

1249 2742 1287 2749 —
1301 2727 1449 2755 Porrfflsr
1464 2725 1558 2762 9086.)

1295 2842 1308 2857 α
1327 2830 1434 2860 Fratri
1451 2829 1620 2864 Bernardo,
1641 2828 1674 2857 de
1689 2828 1796 2857 ordine
1811 2827 2054 2856 Predicatorum.
2074 2826 2121 2856 De
2137 2826 2262 2857 discre—

1252 2882 1342 2913 tione
1361 2886 1482 2913 tua·—.
1503 2883 1577 2912 Dat.
1597 2880 1764 2918 Anagnie.
1784 2880 1813 2910 V
1830 2879 1905 2909 idus
1929 2878 2109 2913 februarii,
2128 2878 2263 2917 pontifi-

1253 2939 1347 2967 catus
1367 2935 1473 2966 nostri
1491 2943 1579 2966 anno
1595 2938 1697 2965 sexto.
1719 2946 1732 2960 »

2109 2997 2139 3021 ⁴0
