2498 3242
198 314 254 345 533
1069 300 1250 339 sixnssnffl
1273 298 1433 336 ammi.
2250 308 2302 335 3:54

198 380 335 419 gremio,
357 383 388 409 et
410 378 499 416 ignis
514 378 549 407 in
573 377 650 407 sinu
666 377 736 407 suis
757 382 1001 408 consueverunt
1023 374 1211 414 hospitibus

198 432 366 463 exhibere.
384 431 468 462 Cum
482 431 571 461 enim
588 430 728 460 dilectus
743 430 832 461 tilius
849 435 961 460 noster
976 432 1027 461 R..
1046 427 1212 459 Ostiensis

199 485 339 519 electus.
367 484 460 514 vobis
486 483 525 513 de
554 483 690 521 speciali
721 483 875 513 mandato
904 487 1015 513 nostro
1041 481 1102 511 sul>
1130 490 1213 519 pcna

198 538 290 568 mille
311 546 499 567 marcarum
525 537 673 567 districte
699 537 826 567 duxerit
850 536 1088 566 inliilwndnm.
1114 544 1153 564 ne
1180 534 1213 562 in

198 590 281 621 locis
296 591 354 620 ubi
371 590 493 619 dicitur
509 589 617 620 Colle.
634 590 871 627 presnincretis
888 589 1041 618 ‹alilicarc
1056 588 1094 617 de
1113 596 1194 616 novo
1206 609 1212 620 ,

186 644 312 674 >ferens
333 642 686 673 excommunicationis
706 643 905 672 sententiam
924 646 988 671 tam
1007 641 1039 670 in
1057 639 1215 670 cditican-

199 700 267 731 tes,
294 695 524 725 auxiliatores,
549 694 779 725 consiliatores
801 699 831 724 et
857 695 890 724 in
916 695 975 723 hoc
995 695 1139 723 t'autores
1160 700 1215 720 eo-

199 758 290 781 rum,
309 758 409 788 quam
424 749 459 777 in
474 757 588 778 omnes
603 748 659 786 qui
677 748 717 777 ad
734 748 952 777 habitandum
968 745 1215 785 presumptione

200 801 406 840 dampnabili
422 801 500 830 illuc
518 801 616 831 irent.
635 810 671 830 ac
691 805 846 839 perpetue
864 798 1094 838 suspensionis
1112 797 1145 826 in
1163 806 1216 826 sa-

200 855 348 885 cerdotes
365 859 395 883 et
419 854 557 884 clericos
579 854 617 883 ad
639 853 707 883 loca
727 853 842 883 eadem
859 853 1068 883 accedentes.
1087 850 1216 880 denun-

200 908 314 938 tiando
332 916 387 938 eos
408 907 504 937 bonis
519 906 675 937 omnibns
692 916 755 945 que
772 907 836 945 ipsi
853 906 886 935 in
906 905 1051 935 Ecclesie
1068 905 1216 934 Romane

200 966 288 991 terra
305 961 467 994 obtinent,
485 961 557 999 ipso
570 961 645 1000 jure
659 960 816 999 privatos,
835 964 866 990 et
883 959 997 990 eadem
1016 958 1101 987 bona
1117 956 1218 988 Curie

201 1014 412 1053 applicanda,
439 1023 514 1049 vos,
542 1014 628 1043 sicut
656 1013 864 1052 accepimus,
892 1011 1065 1051 premissis
1090 1009 1218 1039 inhibi-

200 1067 309 1102 tione,
334 1066 687 1097 excommunicationis
710 1070 740 1096 et
766 1064 998 1104 suspensionis
1021 1062 1215 1096 sententiis,

202 1129 237 1150 ac
264 1119 517 1150 denuntiatione
539 1119 673 1157 penitus
698 1117 888 1156 vilipensis,
916 1117 1040 1147 ibidem
1065 1115 1219 1145 edificare

202 1173 379 1204 temerario
402 1181 486 1202 ausu
508 1171 720 1210 presumitis,
745 1171 780 1200 in
804 1175 950 1201 nostram
976 1174 1006 1199 et
1029 1167 1217 1207 Apostolice

203 1226 299 1257 Sedis
321 1225 481 1265 injuriam
503 1229 534 1255 et
557 1228 793 1263 contemptum.
819 1223 1035 1254 Considerate
1060 1221 1163 1259 igitur
1187 1224 1218 1250 et

204 1279 366 1309 advertite
383 1277 576 1315 diligenter,
596 1278 624 1307 si
641 1286 679 1307 ex
695 1277 762 1306 hiis
776 1285 841 1315 que
857 1276 971 1314 agitis,
990 1279 1078 1305 recte
1091 1273 1219 1303 incedi-

204 1331 247 1361 tis
264 1335 377 1361 contra
393 1331 520 1365 Deum,
544 1334 575 1359 et
597 1329 626 1359 si
648 1339 664 1359 a
690 1329 784 1359 vobis
806 1328 1039 1358 debuissemus
1060 1326 1139 1357 talia
1164 1335 1220 1355 ex-

203 1388 364 1423 pectasse.
391 1383 477 1420 Quia
497 1392 574 1413 vero
600 1392 659 1412 nec
688 1392 747 1411 nos
774 1381 951 1421 beneficia,
980 1390 1043 1419 que
1069 1379 1161 1409 vobis
1189 1382 1221 1408 et

204 1437 333 1467 civitati
361 1440 469 1466 vestre
489 1435 687 1474 .Apostolica
711 1435 812 1465 Sedes
838 1434 1006 1465 exhibuit,
1034 1433 1220 1463 ammittere

203 1489 373 1524 volumus,
392 1497 451 1519 nec
467 1488 620 1519 obtamus
636 1492 671 1517 ut
687 1497 744 1518 vos
758 1487 919 1526 obsequia
935 1496 998 1526 que
1015 1486 1132 1515 civitas
1149 1485 1222 1523 ipsa

203 1541 496 1581 predecessoribus
513 1541 636 1571 nostris
658 1545 688 1571 et
709 1540 805 1571 nobis
822 1540 988 1575 exhibuit,
1008 1538 1219 1573 ammittatis,

203 1595 417 1625 universitati
447 1598 556 1625 vestre
584 1594 645 1624 sub
674 1594 785 1624 debito
815 1593 986 1624 fidelitatis
1016 1597 1047 1622 et
1074 1592 1222 1630 predicta

203 1657 289 1687 pena
311 1648 402 1678 mille
422 1657 611 1678 marcarum
630 1647 780 1677 districte
795 1647 1008 1686 precipiendo
1024 1646 1222 1675 mandamus

205 1707 388 1741 quatenus,
411 1701 451 1732 ab
465 1701 658 1740 hujusmodi
674 1701 808 1739 penitus
828 1700 1043 1730 desistentes.
1063 1697 1223 1737 quicquid

205 1754 252 1784 ihi
269 1754 459 1785 edificatum
472 1758 532 1789 est,
551 1753 683 1784 faciatis
704 1753 777 1783 sine
793 1762 883 1783 more
899 1752 1073 1791 dispendio
1088 1751 1222 1790 penitus

206 1806 371 1837 demoliri.
405 1806 565 1845 Alioquin
595 1810 901 1844 quantumcumque
931 1814 988 1835 vos
1019 1803 1223 1834 sinceritatis

206 1859 354 1890 brachiis
380 1859 623 1897 amplexemur,
650 1867 725 1888 cum
747 1858 892 1888 nolimus
916 1857 1131 1888 insolentiam
1153 1866 1223 1887 ves-

206 1917 292 1942 tram
316 1921 382 1942 non
407 1912 515 1942 solum
540 1912 575 1941 in
597 1916 760 1947 vestram,
784 1911 842 1942 sed
862 1911 963 1942 etiam
985 1911 1020 1940 in
1042 1910 1224 1940 multorum

207 1965 439 1995 confusionem
454 1965 581 1995 diutius
601 1964 768 1995 sustinere
779 1987 786 2000 ,
804 1964 973 1994 civitatem
990 1964 1129 1994 eandem
1145 1972 1224 2001 sup-

206 2028 368 2058 ponemus
383 2018 608 2049 ecclesiastico
624 2018 816 2053 interdicto,
835 2022 865 2048 et
882 2017 981 2052 alias,
1000 2021 1108 2055 preter
1129 2026 1224 2047 exac-

206 2072 332 2102 tionem
353 2080 436 2110 pene
458 2071 621 2109 predicte,
640 2075 754 2101 contra
774 2079 831 2100 vos
855 2070 1075 2109 spiritualiter
1093 2073 1123 2099 et
1140 2073 1224 2099 tem-

206 2124 366 2164 poraliter
401 2124 613 2162 gravabimus
648 2123 760 2154 taliter
795 2133 914 2153 manus
949 2127 1098 2157 nostras,
1137 2121 1225 2161 quod

208 2176 475 2216 quibuscumque
489 2176 585 2215 culpa
601 2180 711 2206 vestra
727 2176 792 2206 fuit
808 2176 842 2206 in
857 2176 1062 2211 scandalum,
1082 2185 1165 2214 pena
1182 2175 1224 2204 sit

207 2230 243 2259 in
272 2229 470 2268 exemplum.
502 2229 553 2259 Ad
581 2229 660 2260 hec.
690 2234 725 2259 ut
752 2229 856 2259 nichil
886 2229 925 2260 de
952 2229 1224 2266 contingentibus

208 2283 396 2317 omittatur,
423 2282 608 2312 venerabili
635 2283 731 2312 fratri
752 2287 865 2313 nostro
887 2306 906 2312 ..
925 2283 1077 2321 episcopo
1099 2282 1225 2312 Tuder-

208 2336 278 2366 tino
298 2336 414 2365 damus
438 2336 561 2365 nostris
582 2335 703 2366 litteris
724 2336 864 2365 firmiter
886 2336 920 2365 in
944 2336 1106 2374 preceptis
1125 2340 1171 2370 ut,
1190 2335 1224 2365 in

208 2389 290 2420 locis
314 2389 349 2418 in
375 2389 497 2428 quibus
513 2389 633 2419 viderit
657 2389 828 2428 expedire,
852 2389 1018 2428 predictas
1041 2388 1225 2419 sententias

209 2451 246 2472 ac
271 2442 557 2472 denuntiationem
581 2441 810 2480 sollempniter
833 2441 1025 2480 publicans,
1054 2451 1088 2471 ar
1115 2442 1225 2471 ferens

212 2495 565 2525 excommunicationis
586 2495 787 2525 sententiam
807 2495 842 2525 in
866 2495 1053 2525 sacerdotes
1076 2499 1108 2525 et
1128 2495 1226 2525 cleri-

211 2556 266 2578 cos
283 2535 501 2586 supradictos,
520 2548 704 2578 sententias
720 2548 810 2587 ipsas
828 2548 971 2587 singulis
987 2548 1105 2579 diebus
1121 2548 1227 2578 domi-

211 2601 297 2631 nicis
320 2605 350 2631 et
374 2601 505 2631 festivis
527 2601 643 2638 faciat,
669 2601 811 2640 pulsatis
834 2601 1004 2641 campanis
1025 2606 1057 2631 et
1079 2601 1227 2632 candelis

212 2653 373 2688 accensis,
391 2663 497 2692 usque
514 2654 554 2684 ad
570 2654 834 2685 satisfactionem
847 2655 1057 2693 condignam.
1075 2655 1227 2685 submoto

213 2705 445 2745 appellationis
470 2706 657 2743 obstaculo,
682 2706 923 2738 inviolabiliter
947 2707 1129 2738 observari.
1151 2708 1225 2737 Dat.

212 2759 382 2797 Anagnie,
397 2759 428 2789 X
443 2759 603 2789 kalendas
617 2760 777 2796 octobris,
793 2769 880 2791 anno
897 2765 999 2792 sexto.
1020 2774 1032 2788 »

248 2882 326 2907 επ,
344 2894 378 2898 -
393 2878 425 2905 In
441 2879 564 2906 eundem
581 2879 640 2906 fere
656 2880 772 2907 modum
789 2881 930 2916 scriptum
947 2886 992 2908 est
1009 2903 1026 2909 ..
1043 2883 1187 2917 Perusino,
1207 2904 1226 2912 ..

212 2929 351 2955 Asisinati
365 2929 388 2954 et
407 2947 426 2954 ..
445 2927 595 2954 Tudertino
610 2929 738 2962 episcopis
754 2930 931 2957 executorie.

1368 373 1455 401 828

1332 434 1438 460 Abbati
1459 436 1487 459 et
1507 432 1662 459 conventui
1684 433 1849 459 monasterii
1871 433 2058 459 Sublacensis
2078 438 2176 459 notum
2194 434 2260 459 facit
2275 442 2306 459 se

1780 372 1905 405 Anagni.
1924 372 1954 397 ‘24
1973 372 2136 406 septembre
2158 372 2233 399 1232.

1296 483 1426 509 inhibere
1439 481 1590 508 nemilites
1601 481 1635 507 de
1647 485 1721 508 terra
1734 482 1826 515 ipsius
1840 483 2004 507 monasterii
2018 482 2147 508 minuere
2162 482 2246 508 feuda
2259 487 2305 508 aut

1297 531 1452 557 tenimenta
1470 531 1658 556 vassallorum
1676 538 1750 564 quos
1766 530 1900 556 tenebant
1917 531 1950 556 ab
1970 532 2032 565 ipso
2054 532 2228 556 monasterio
2240 551 2246 562 ,
2265 531 2307 556 vel

1296 588 1346 607 eos
1363 580 1498 606 indebitis
1515 579 1651 605 oneribus
1667 587 1824 613 aggravare
1841 583 2034 613 praesumant,
2048 579 2096 605 sed
2111 580 2237 605 contenti
2250 580 2307 605 sint

1298 629 1353 655 illis
1371 628 1498 655 servitiis
1516 628 1550 654 ad
1571 636 1644 662 qnae
1661 628 1788 662 ipsorum
1807 628 1921 653 vassalli
1938 629 2028 654 teneri
2046 629 2253 659 noscebantur,
2273 638 2306 654 ex

1297 677 1487 704 concessione
1506 676 1672 702 monasterii
1691 676 1856 709 memorati3
1875 684 1922 701 res
1937 677 2022 701 etiam
2041 677 2160 702 mobiles
2177 677 2308 702 vassallo-

1298 734 1361 751 rum
1384 733 1504 751 suorum
1527 725 1728 751 decedentium
1751 732 1807 750 non
1828 724 1952 751 audeant
1973 726 2009 751 illi
2031 734 2189 759 occupat-Q
2208 727 2309 752 statuit

1297 782 1412 809 quoquc
1426 778 1465 805 ut,
1481 773 1638 800 decedente
1651 774 1713 799 sine
1725 773 1853 807 legitimo
1869 773 1989 799 haerede
2001 774 2094 808 aliquo
2107 775 2306 807 vassallorum,

1299 823 1416 850 sendum
1433 824 1497 857 ejus
1509 822 1543 849 ad
1560 823 1710 849 servitium
1724 822 1891 848 monasterii
1906 826 1934 848 et
1950 822 2048 848 militis
2063 823 2238 849 coucedatur
2252 823 2307 853 alii,

1298 872 1347 906 qui
1364 876 1419 898 tam
1438 871 1613 898 monasterio
1629 880 1714 905 quam
1732 870 1824 903 militi,
1843 871 1919 896 sicut
1931 870 2015 904 isqui
2027 871 2310 900 decessit.exliibere

1299 923 1438 946 consucta
1463 920 1582 946 servitia
1603 923 1743 945 teneatur.
1767 932 1803 939 —
1823 918 1906 952 (Rau.
1930 919 1971 952 16,
1998 919 2017 946 f.
2044 920 2076 946 35
2101 926 2146 951 r⁰;
2171 928 2237 945 ann.
2258 919 2309 951 Vl,

1299 977 1325 995 c.
1342 968 1398 1003 92³.)

1342 1095 1354 1108 α
1376 1105 1394 1111 ..
1412 1083 1513 1112 abbati
1533 1088 1558 1112 et
1574 1083 1738 1112 concentui
1753 1083 1934 1110 monasterii
1948 1082 2150 1111 Sublacensis.
2176 1082 2309 1112 Sincera

1300 1135 1381 1165 fides
1398 1135 1500 1173 exigit
1518 1152 1568 1164 —-.
1587 1136 1661 1164 Dat.
1682 1134 1852 1172 Anagnie,
1870 1135 1952 1165 VIII
1967 1134 2127 1165 kalendas
2150 1135 2309 1165 octobris,

1301 1198 1388 1219 anno
1403 1192 1506 1219 sexto.
1526 1200 1538 1215 »
2303 1184 2306 1187 '

1373 1375 1461 1403 829

1338 1436 1600 1471 Archipresbytero
1616 1441 1644 1462 et
1659 1436 1784 1471 capitulo
1796 1437 1930 1462 basilicae
1943 1436 2066 1462 Sanctae
2079 1435 2183 1462 Mariae
2197 1435 2314 1469 Majoris

1304 1484 1339 1510 de
1350 1484 1429 1511 Urbe
1441 1484 1552 1510 inhibet
1564 1492 1598 1510 ne
1609 1484 1676 1518 quis
1690 1484 1831 1518 ipsorum,
1845 1484 1878 1510 ad
1890 1485 2005 1510 scholas
2017 1485 2024 1501 ¹
2041 1484 2193 1517 accedens,
2205 1483 2314 1509 deloco

1304 1533 1464 1559 dormitorii
1484 1536 1513 1559 et
1532 1532 1667 1558 domibus
1683 1533 1776 1567 ipsius
1791 1533 1930 1558 ecclesiae
1945 1532 2111 1566 sumptibus
2126 1533 2314 1564 constructis,

1304 1581 1415 1613 vineis,
1432 1581 1524 1608 hortis
1545 1585 1574 1608 et
1593 1582 1657 1608 aliis
1679 1590 1753 1616 quae
1773 1581 1808 1607 ab
1829 1581 1952 1607 ecclesia
1973 1581 2087 1607 tenebat
2102 1581 2200 1607 eadem
2212 1601 2218 1612 ,
2236 1586 2263 1607 et
2281 1580 2315 1607 de

1304 1631 1412 1666 quibus
1429 1631 1524 1657 nullus
1544 1630 1657 1657 fructus
1673 1630 1701 1656 in
1718 1630 1827 1656 scholis
1844 1630 2065 1664 percipiebatur,
2083 1629 2237 1663 quidquam
2254 1629 2316 1655 dis-

1305 1688 1413 1715 ponere
1438 1680 1483 1706 vel
1503 1679 1636 1706 ordinare
1660 1682 1840 1714 praesumat,
1866 1679 1917 1705 sed
1942 1687 1975 1704 ea
1998 1678 2095 1713 potius
2121 1678 2317 1712 relinquantur

1305 1730 1431 1764 capitulo
1447 1728 1637 1764 disponenda.
1654 1743 1687 1747 —
1704 1728 1786 1762 (Rae.
1806 1728 1853 1761 16,
1870 1728 1888 1754 f.
1908 1728 1940 1754 35
1957 1734 2002 1761 νος
2019 1735 2086 1754 ann.
2105 1726 2156 1761 VI,
2174 1735 2199 1753 c.
2216 1726 2266 1760 93;
2281 1740 2316 1746 —

1305 1778 1425 1806 Monam
1444 1778 1522 1813 1187,
1538 1778 1557 1805 f.
1574 1778 1647 1811 252.)

1787 1374 1914 1416 Anagni,
1929 1374 1964 1401 ‘29
1980 1374 2144 1408 septembre
2165 1373 2241 1401 1232.

1349 1907 1362 1922 «
1397 1917 1416 1923 ..
1442 1894 1695 1932 archipresbitero
1725 1898 1750 1922 et
1780 1893 1915 1930 capitulo
1941 1893 2064 1921 basilice
2090 1892 2198 1921 Sancte
2224 1892 2318 1920 Mara

1305 1948 1432 1986 Majoris
1456 1947 1489 1976 de
1518 1947 1598 1976 L'rbe.
1627 1946 1698 1982 Quo
1723 1945 1866 1984 amplius
1890 1954 1949 1983 pro
1971 1962 2020 1973 ——.
2046 1945 2120 1974 Dat.
2147 1943 2315 1979 Anae-nie.

1307 2001 1357 2030 III
1373 1999 1534 2030 kalendas
1547 1998 1706 2034 octobris,
1724 1998 1937 2036 pontificatus
1957 1997 2062 2027 nostri
2079 2005 2165 2026 anno
2182 2000 2283 2026 sexto.
2304 2008 2316 2021 ιι

1378 2185 1467 2214 880

1343 2247 1486 2275 Consules
1509 2251 1538 2273 et
1562 2247 1700 2282 populum
1726 2245 1900 2279 Perusinos,
1924 2244 1974 2279 qui
1995 2247 2094 2271 contra
2119 2244 2317 2270 inhibitionem

1309 2297 1460 2331 R1aina1di]
1470 2319 1476 2331 ‚
1488 2295 1634 2323 Ostiensis
1650 2295 1742 2326 electi,
1756 2295 1783 2321 in
1796 2295 1867 2320 locis
1881 2294 1928 2320 ubi
1944 2293 2021 2320 Colle
2036 2293 2152 2326 dicitur,
2168 2292 2319 2319 aedificare

1307 2351 1471 2382 coeperant,
1483 2350 1598 2382 propter
1609 2352 1692 2371 suam
1703 2343 1927 2370 inobedientiam
1939 2347 1967 2368 et
1980 2341 2215 2376 ingratitudinem
2228 2342 2320 2367 incre-

1790 2182 1917 2216 Anagni,
1932 2182 1966 2208 27
1984 2181 2148 2216 septembre
2169 2181 2246 2208 1232.

1308 2400 1366 2431 pat,
1383 2396 1484 2430 eisque
1501 2394 1616 2421 mandat
1631 2397 1776 2428 quatenus
1791 2391 1922 2426 magistri
1940 2390 1985 2425 13„
1997 2391 2098 2417 notarii
2114 2390 2208 2426 ipsius
2220 2398 2318 2425 papae,

1309 2444 1343 2471 ad
1364 2445 1445 2479 ipsos
1459 2447 1578 2479 propter
1593 2443 1648 2469 hoc
1663 2441 1827 2477 specialiter
1846 2439 1991 2472 destinati,
2009 2440 2139 2466 consiliis
2155 2443 2183 2466 et.
2204 2438 2321 2465 monitis

1310 2497 1437 2529 pareant.
1455 2508 1488 2512 —
1506 2492 1590 2526 (Reg.
1609 2491 1651 2525 16,
1668 2492 1687 2518 f.
1707 2491 1739 2518 35
1755 2496 1801 2522 v⁰;
1818 2498 1885 2517 ann.
1904 2488 1954 2523 Vl,
1972 2497 1997 2516 c.
2016 2489 2072 2521 94.)

1352 2622 1364 2635 «
1383 2608 1563 2639 Consulibus
1579 2612 1604 2636 c!
1617 2607 1729 2644 populo
1745 2605 1903 2635 Perusinis
1915 2605 2061 2642 spiritum
2079 2604 2202 2632 consilii
2217 2604 2321 2632 sanfo-

1309 2663 1363 2691 ris.
1380 2662 1443 2692 Per
1456 2669 1554 2691 usum
1568 2659 1673 2698 gratie
1688 2676 1737 2688 —.
1753 2658 1853 2689 Scitis
1867 2657 1968 2691 enim,
1987 2656 2051 2685 nisi
2065 2656 2151 2685 serio
2168 2656 2320 2693 ignorare

1310 2714 1432 2750 velitis,
1442 2714 1539 2754 quod,
1549 2722 1623 2743 cuni
1632 2712 1817 2752 perditione
1826 2719 1948 2743 rerum,
1957 2718 2173 2748 personarum
2182 2708 2319 2738 interitu

1310 2773 1342 2799 et
1358 2768 1546 2799 animarum
1561 2765 1720 2806 periculis
1736 2764 1855 2795 essetis
1876 2763 1957 2793 adeo
1973 2761 2211 2792 miserabiliter
2226 2761 2320 2790 invo-

1344 2896 1363 2919 l.
1381 2895 1456 2919 Pour
1472 2900 1526 2925 quo
1542 2893 1567 2916 la
1583 2892 1660 2923 picco
1675 2892 1713 2915 ait
1731 2897 1769 2914 un
1784 2896 1848 2914 sens
1864 2889 1998 2913 vraiment
2014 2888 2197 2915 satistnisant,
2214 2887 2231 2910 il
2248 2886 2320 2913 faut,

1309 2939 1493 2968 semble-t-il,
1513 2938 1647 2962 enteudre
1663 2936 1728 2967 qu'il
1747 2935 1827 2965 s'agit
1843 2933 1907 2957 d'un
1925 2933 2018 2963 sejour
2039 2931 2170 2962 prolonge
2187 2931 2255 2954 dans
2273 2930 2320 2954 des

1312 2986 1404 3011 ecoles
1420 2984 1611 3009 relativement
1627 2980 1768 3011 etoignees
1783 2979 1927 3009 (Bologne,
1942 2984 1991 3008 par
2007 2976 2150 3007 exemplo).
