2498 3242
165 268 240 299 1169

162 334 254 373 prior
276 342 391 364 omnes
419 333 476 373 qui
505 337 619 364 contra
645 335 799 365 venirent
826 332 1178 365 excommunicationis

164 386 331 417 sententia
352 386 541 422 innodavit3
560 390 590 416 et
608 386 655 417 sic
672 387 760 417 idem
778 388 817 417 R.
839 387 906 417 sere
925 396 981 425 per
998 386 1179 425 quadrien-

165 438 260 468 nium
283 439 467 477 prioratum
489 443 519 468 et
540 438 706 469 redditum
731 439 872 469 detinuit
895 438 1119 478 supradictos,
1144 438 1177 467 in

166 499 232 521 non
259 490 426 521 modicum
447 491 554 529 ipsius
578 492 772 521 monasterii
796 492 1048 522 detrimentum.
1074 499 1180 530 quan—

167 552 267 583 quam
292 543 484 573 visitatores
513 544 650 582 prefati,
678 545 887 575 attendentes
912 545 998 583 quod
1023 544 1110 574 idem
1138 545 1178 573 R.

168 604 234 626 non
247 600 333 626 esset
347 596 465 634 gratia,
481 597 537 626 sed
550 597 659 635 potius.
672 606 756 635 pena
769 597 901 634 (lignus,
915 597 1036 627 dictam
1051 606 1180 627 excom-

168 649 408 678 municationis
425 649 625 679 sententiam
643 654 671 679 ct
686 650 925 689 juramentum,
946 655 1111 689 quatenus
1127 658 1179 688 po-

168 705 288 736 terant,
308 701 497 731 relaxarint.
522 703 631 739 Quare
649 703 756 733 dictus
775 703 876 733 abbas
894 703 989 732 nobis
1007 702 1180 732 humiliter

170 753 369 792 supplicavit
389 758 424 783 ut
449 763 548 792 super
571 754 631 784 hoc
655 754 761 784 eidem
783 755 984 785 monasterio
1008 755 1179 793 providere

168 806 433 837 misericorditer
449 807 675 845 dignaremur.
690 808 758 838 Nos
775 808 887 845 igitur,
906 808 1013 846 ipsius
1030 808 1180 846 indemp-

168 860 267 890 nitati
298 864 436 898 paterna
466 860 693 891 sollicitudine
723 861 951 899 providentes,
986 860 1180 891 discretioni

167 917 277 943 vestre
302 922 360 951 per
384 913 563 952 apostolica
586 914 708 953 scripta
730 915 927 944 mandamus
950 918 1126 953 quatenus,
1151 913 1180 943 si

168 969 218 996 est
239 966 301 1001 ita,
326 975 483 1004 processu
507 967 697 997 corumdem
721 967 948 1002 visitatorum,
975 966 1083 1006 quoad
1106 975 1181 1004 pre-

168 1018 266 1050 dicta.
290 1023 362 1049 rato
382 1023 548 1051 manente,
574 1020 700 1058 prefato
723 1021 775 1055 R,
799 1020 860 1050 sub
881 1020 1028 1059 ejusdem
1051 1019 1181 1049 abbatis

168 1071 358 1102 obedientia
375 1073 604 1103 commoranti.
620 1073 751 1103 faciatis
765 1074 796 1102 in
812 1073 877 1103 vite
894 1073 1092 1103 necessariis
1110 1081 1180 1111 pro-

168 1123 290 1159 videri,
318 1125 476 1163 predictis
499 1125 647 1164 prioratu
674 1130 703 1155 et
730 1126 915 1156 redditibus
938 1126 977 1155 ad
1001 1126 1181 1164 pristinum

167 1185 268 1206 usum
290 1178 485 1208 monasterii
510 1179 684 1209 revocatis.
711 1179 979 1209 Contradictores
1003 1183 1064 1209 etc.
1088 1178 1183 1215 Quod

170 1229 199 1259 si
215 1238 281 1259 non
297 1238 412 1260 omnes
429 1235 491 1260 etc.
509 1231 582 1260 Dat.
601 1231 743 1266 Perusii,
760 1232 860 1262 VIIII
872 1231 1031 1262 kalendas
1047 1240 1182 1261 noveni-

170 1281 251 1318 hris,
270 1283 494 1321 pontificatus,
510 1287 546 1313 ut
561 1293 672 1322 supra.
692 1296 705 1311 »

241 1488 359 1516 21⁵2ss

207 1549 324 1576 Decano
341 1549 464 1577 Sanctae
480 1550 588 1578 Mariae
612 1552 638 1578 in
656 1550 772 1586 Campis
794 1551 994 1585 Magantinae,
1012 1555 1040 1578 et
1063 1551 1096 1579 V.
1118 1554 1183 1587 ejus

169 1598 260 1626 fratri.
276 1599 415 1625 canonico
433 1598 530 1626 Sancti
545 1599 689 1626 Johannis
707 1599 879 1634 Magunssni,
898 1601 972 1627 natis
989 1601 1118 1635 magistri
1137 1600 1182 1634 ss.‚

169 1646 313 1681 quondam
333 1647 367 1673 ad
385 1647 469 1674 fidem
491 1647 675 1674 christianam
691 1648 727 1675 de
739 1649 886 1682 judaismo
903 1649 1052 1681 conversi,
1070 1665 1102 1668 —
1119 1650 1184 1684 qui-

169 1695 226 1722 bus
241 1703 295 1722 nec
312 1704 367 1722 non
387 1700 414 1722 et
435 1696 555 1731 reliquis
571 1696 606 1723 de
622 1697 727 1723 familia
744 1697 876 1732 ejusdem
894 1697 927 1724 B.
945 1698 1006 1733 ipse
1023 1698 1184 1733 Gregorius

169 1752 243 1779 papa
261 1744 417 1778 quondam,
437 1745 464 1771 in
489 1745 592 1772 minori
613 1745 705 1771 officio
730 1745 920 1779 constitutus,
944 1750 973 1773 et
991 1746 1082 1781 Lleol,
1108 1748 1183 1774 tituli

169 1791 293 1819 Sanctae
305 1791 407 1819 Crucis
423 1794 576 1828 presbyter
589 1794 753 1829 cardinalis,
770 1794 882 1821 fructus
900 1796 986 1822 unius
1003 1796 1183 1830 praebendae

169 1840 198 1867 in
216 1840 384 1875 Magantina
405 1842 529 1868 ecclesia
550 1843 736 1869 obtinuerant
756 1843 914 1877 assignari,
932 1859 965 1864 —
985 1845 1130 1879 significat
1151 1853 1183 1872 se

169 1893 236 1924 post
250 1889 353 1924 longos
365 1898 523 1925 processus
535 1891 686 1925 indulgere
699 1895 729 1918 ut
742 1892 796 1926 ipsi
811 1896 839 1919 et
854 1892 901 1919 alii
917 1893 952 1919 de
968 1893 1072 1919 familia
1090 1895 1183 1920 nomi-

171 1941 236 1964 nata
264 1938 378 1965 fructus
408 1939 540 1973 ejusdem
571 1939 769 1974 praebendae,
799 1940 892 1974 quoad
924 1942 1063 1973 vixerint,
1094 1942 1182 1969 libere

168 1986 302 2014 habeant.
318 2002 351 2007 —·
366 1986 448 2021 (Rae.
470 1988 510 2019 17,
527 1987 546 2015 f.
563 1987 614 2014 ‘227
633 1995 675 2019 r0;
693 1997 760 2015 ann.
780 1988 861 2021 VIII,
879 1998 904 2016 c.
922 1989 996 2022 300.)

692 1488 830 1520 peuense,
848 1488 881 1515 20
897 1490 1014 1516 octobre
1034 1490 1110 1517 ¹234.

210 2113 223 2128 α
251 2125 270 2130 ..
297 2102 409 2131 decano
436 2103 546 2132 Sancte
571 2103 668 2132 Marie
696 2105 731 2133 in
757 2104 879 2141 Campis
909 2110 934 2133 ec
963 2106 1004 2140 12,
1035 2107 1183 2136 canonico

166 2154 436 2184 SanctiJoltannis
449 2156 468 2190 ¹,
482 2157 646 2192 fratribus,
661 2157 864 2194 Mayumt'nis,
885 2159 966 2186 natis
977 2159 1122 2195 wizagyt'stri
1135 2160 1180 2194 B„

168 2209 322 2246 quondam
336 2209 437 2246 judei.
453 2209 653 2239 Constitutis
671 2209 757 2247 apud
769 2209 887 2239 Sedem
902 2210 1126 2248 Apostolicam
1139 2215 1180 2243 te.

167 2260 216 2290 fili
234 2261 368 2296 decane,
383 2265 414 2291 et
432 2261 598 2300 quondam
618 2261 666 2296 C.,
686 2262 788 2293 fratre
806 2266 926 2298 vestro,
944 2272 980 2293 ae
997 2264 1047 2298 13„
1064 2273 1182 2302 procu-

168 2318 277 2345 ratore
297 2315 534 2344 canonicorum
555 2315 694 2345 ecclesie
711 2315 922 2353 Magilntine,
947 2316 1056 2347 felicis
1072 2326 1183 2348 recor-

168 2368 313 2398 dationis
324 2368 541 2398 Innocentius
554 2378 647 2407 papa,
663 2368 877 2407 predecessor
889 2373 1011 2405 noster,
1025 2370 1183 2401 dilectum

168 2420 276 2451 filium
288 2425 439 2451 nostrum
453 2421 679 2461 J[0hannem],
693 2421 779 2451 tituli
793 2422 912 2452 Sancte
926 2423 1084 2453 Praxedis
1093 2433 1183 2462 pres-

168 2473 313 2504 biterum
330 2473 546 2509 cardinalem,
562 2474 747 2504 auditorem
762 2474 927 2505 concessit
944 2475 1105 2514 utrisque.
1119 2476 1182 2507 Co-

169 2535 241 2556 ram
252 2535 317 2565 quo
330 2526 393 2556 suit
407 2535 445 2556 ex
459 2530 550 2564 parte
565 2531 674 2557 vestra
690 2527 894 2565 propositum
907 2527 1004 2566 quod,
1018 2537 1093 2558 cum
1109 2537 1180 2565 nos,

171 2579 250 2609 dum
267 2579 302 2608 in
318 2579 441 2609 minori
457 2579 615 2619 [eramus]
633 2580 740 2609 officio
758 2580 942 2616 constituti,
964 2585 995 2611 et
1013 2581 1097 2612 bone
1113 2590 1183 2613 me-

169 2632 274 2662 morie
289 2633 338 2668 L.,
358 2631 446 2662 tituli
464 2633 583 2663 Sancte
604 2632 721 2663 Crucis
742 2632 907 2671 presbiter
922 2633 1114 2670 cardinalis,
1134 2634 1183 2665 le-

170 2685 303 2724 gatione
323 2685 358 2714 in
379 2685 448 2715 illis
464 2685 615 2724 partibus
631 2685 859 2723 fungeremur,
878 2685 972 2716 vobis
991 2691 1022 2717 et
1042 2686 1183 2727 reliquis

171 2737 209 2768 de
226 2737 356 2768 familia
374 2737 527 2775 magistri
543 2738 594 2773 B„
614 2738 779 2777 quondam
790 2738 895 2777 judei,
911 2739 952 2768 ad
964 2739 1063 2770 tidem
1079 2739 1182 2771 chris-

203 2883 225 2907 1.
238 2883 276 2907 Ici
292 2883 317 2906 le
337 2883 462 2913 aegisti-e
480 2885 559 2914 porte
575 2890 631 2908 une
648 2884 769 2909 secondo
786 2885 839 2909 sois
856 2886 887 2909 in
903 2887 1031 2915 campis,
1049 2887 1117 2910 mais
1133 2893 1182 2911 ex-

170 2927 301 2959 ponctue.

293 2976 481 3009 Gneoomn
499 2984 550 3016 1x,
569 2987 587 3010 t.
607 2985 628 3010 1.

1020 259 1236 298 nU1Tn‘3ME
1258 259 1418 298 ANNEE.

2198 274 2272 304 1170

1263 332 1386 362 tianam
1405 333 1442 364 de
1456 334 1625 374 judaismo
1641 335 1811 370 conversi,
1836 336 1962 365 fructus
1986 337 2086 366 unius
2107 339 2272 376 prebende

1263 385 1297 414 in
1315 387 1510 423 Maguntina
1531 387 1670 418 ecclesia
1688 388 1933 418 obtinuerimus
1951 389 2127 427 assignari,
2148 392 2274 422 tamdiu

1262 439 1491 477 percipiendos
1509 450 1525 469 a
1546 440 1650 475 vobis,
1670 441 1772 470 donec
1789 443 2077 480 conscqtterentini
2099 449 2273 482 perpetuos

1263 491 1411 521 redditus
1428 497 1499 522 octo
1515 502 1711 528 marcarum,
1731 503 1788 531 per
1806 494 2029 523 venerabilem
2044 495 2180 525 fratrem
2197 506 2274 527 nos-

1264 547 1349 572 trum
1363 567 1380 572 ..
1396 545 1682 583 archiepiscopuin
1697 545 1746 575 vcl
1759 546 1939 583 capitulum
1955 548 2187 584 Maguntinum
2203 559 2208 578 :
2225 550 2274 580 eis

1262 596 1468 634 postmodum
1481 597 1607 627 fructus
1621 597 1896 627 subtrahentibus
1909 599 2103 629 antedictos,
2116 610 2183 630 vos.
2198 601 2275 632 licet

1262 648 1409 678 restituti
1431 649 1563 679 fueritis
1583 650 1621 678 ad
1639 650 1782 684 eosdem,
1803 650 1879 688 quia
1901 655 2009 680 tamen
2027 653 2075 681 E..
2094 654 2274 684 canonicus

1265 701 1502 738 Maguntinus,
1536 706 1788 740 prosecuturum
1821 712 1855 731 se
1889 703 2143 740 appellationem
2175 715 2275 744 quam

1264 754 1436 787 emiserat,
1458 754 1674 792 proponebat,
1695 759 1725 784 ct
1747 764 1802 792 pro
1819 759 1909 793 parte
1928 760 2036 785 vestra
2052 758 2224 794 petebatur
2241 763 2276 788 ut

1264 816 1362 845 super
1378 807 1439 836 hoc
1456 807 1548 837 vobis
1572 807 1604 836 in
1627 812 1794 846 postet-tun
1817 813 1999 844 caveretur,
2021 810 2060 838 ad
2085 833 2103 838 ..
2122 811 2275 841 abbatem

1263 859 1302 889 dc
1316 859 1432 890 Castro
1447 861 1538 890 Novo
1555 870 1699 899 suosque
1716 861 1905 899 conjudices
1919 863 2123 892 cxeciutorias
2136 868 2167 893 et
2179 865 2275 902 quasi

1263 913 1526 942 conservatorias
1548 913 1588 942 al)
1617 913 1731 943 eodem
1755 914 1986 951 pretlecesstzwe
2011 920 2122 945 nostro
2146 916 2274 947 litteras

1264 965 1486 1003 impetrastis,
1514 966 1582 1001 sed,
1615 975 1689 995 cum
1718 966 1818 995 iidem
1849 967 2001 996 canonici
2034 968 2274 1000 nichilominus

1263 1017 1392 1047 fructus
1409 1018 1635 1048 subtraxerint
1653 1019 1857 1054 nominatos,
1875 1029 1967 1058 (pios,
1987 1020 2027 1049 ab
2044 1022 2275 1053 executoribus

1263 1070 1346 1108 ipsis
1363 1071 1548 1107 ammoniti,
1568 1071 1743 1101 restituere
1759 1081 1822 1101 non
1836 1077 2005 1103 curarunt.
2020 1073 2275 1112 appellationem

1264 1123 1512 1153 frustratoriam
1530 1124 1775 1162 pretendentes.
1792 1125 1856 1163 ipsi
1870 1127 2223 1157 excommunicationis
2240 1128 2275 1158 in

1265 1186 1320 1207 eos
1337 1177 1537 1207 sententiani
1555 1178 1781 1216 protulerunt:
1801 1188 1864 1217 qua
1881 1184 2067 1218 contempta
2085 1180 2276 1211 nichilomi-

1265 1238 1327 1259 nus
1344 1229 1565 1259 celebrarunt.
1587 1232 1783 1261 Procurator
1800 1240 1876 1261 vero
1898 1231 2066 1269 predictus
2083 1242 2121 1262 cx
2137 1233 2276 1264 adverso

1264 1282 1434 1320 respondit
1450 1283 1536 1321 quod
1550 1287 1676 1313 tantuin
1692 1284 1730 1313 ad
1743 1284 2006 1323 prosequeudam
2020 1285 2276 1323 appellationem

1265 1339 1457 1372 procurator
1473 1340 1539 1365 erat
1562 1345 1579 1365 a
1598 1336 1742 1374 capitulo
1763 1336 1959 1372 destinatus,
1982 1343 2114 1376 propter
2131 1339 2218 1378 quod
2234 1339 2277 1368 li-

1265 1391 1331 1417 tent
1352 1397 1450 1425 super
1471 1388 1646 1427 principali
1669 1389 1848 1419 contestari
1873 1398 1936 1419 non
1961 1395 2085 1428 poterat
2110 1400 2168 1421 nec
2188 1392 2277 1422 vole-

1263 1439 1319 1469 bat
1335 1457 1382 1468 -.
1404 1441 1504 1470 Porro
1522 1441 1689 1479 predictus
1706 1442 1920 1479 predecessor
1937 1448 2059 1478 noster,
2078 1444 2144 1473 hiis
2157 1450 2186 1473 et
2200 1445 2276 1475 aliis

1265 1502 1328 1531 que
1346 1502 1455 1522 corani
1481 1494 1641 1523 cardinali
1666 1495 1779 1523 eodeni
1804 1496 1939 1524 suc-runt
1963 1497 2127 1534 proposita
2144 1497 2276 1535 plenius

1264 1545 1460 1576 intellectis.
1486 1547 1532 1575 ita
1559 1533 1701 1584 providit
1721 1548 1929 1577 ut‘vitlelicet
1953 1549 2048 1586 plena
2071 1550 2163 1579 vobis
2185 1552 2278 1581 tieret

1264 1598 1433 1627 restitutio
1449 1598 1487 1627 de
1505 1598 1695 1629 subtractis.
1708 1604 1737 1628 et
1751 1600 1874 1629 tamdiu
1889 1602 2098 1639 perceptione
2110 1603 2277 1632 fructuum

1264 1650 1403 1688 predicti
1422 1651 1581 1688 stipendii
1604 1652 1812 1689 gauderetis.
1833 1653 1934 1681 donec
1957 1654 2226 1693 archiepiscopus
2243 1656 2277 1685 in

1265 1706 1407 1741 quatuor
1426 1712 1611 1733 marcarum
1634 1704 1819 1734 redditibus
1843 1710 1870 1734 ct
1892 1706 2073 1744 capitulum
2091 1707 2125 1736 in
2143 1708 2278 1738 totidem

1264 1756 1358 1786 vobis
1374 1757 1547 1795 providere
1564 1762 1736 1794 curarent,
1756 1763 1786 1788 et
1809 1767 1848 1788 ne
1866 1759 1953 1797 quod
1974 1768 2073 1798 super
2089 1760 2148 1790 hoc
2169 1762 2278 1799 provi-

1265 1817 1338 1838 sum
1355 1814 1425 1839 erat
1441 1809 1481 1839 ab
1494 1819 1542 1845 eo,
1561 1810 1737 1849 cujuslibet
1755 1811 1890 1841 auderet
1909 1813 2077 1842 temeritas
2094 1813 2275 1849 infirmare,

1263 1862 1351 1891 idem
1367 1862 1581 1900 predecessor
1597 1873 1654 1901 per
1665 1863 1794 1892 litteras
1809 1873 1920 1893 suas..
1940 1865 2050 1894 abbati
2065 1866 2103 1895 dc
2118 1867 2278 1896 Henster-

1264 1914 1368 1943 bach¹
1383 1919 1413 1944 et
1431 1915 1662 1954 conjudicilms
1676 1916 1746 1945 suis
1763 1917 1975 1954 precipiendo
1992 1918 2160 1948 mandavit
2176 1923 2209 1947 ut
2224 1928 2276 1948 ar-

1264 1967 1512 2005 chiepiscopum
1531 1972 1559 1997 et
1580 1968 1763 2006 capitulum
1780 1969 1819 1997 ad
1840 1969 2080 2007 providendum
2097 1971 2191 2010 juxta
2210 1972 2278 2001 sor-

1263 2029 1351 2050 mam
1374 2020 1574 2058 predictam,
1595 2026 1625 2051 ct
1644 2021 1826 2059 capitulum
1850 2022 1889 2051 ad
1912 2023 2158 2053 restitutionem
2182 2024 2276 2054 vobis

1263 2072 1448 2111 plenariam
1462 2073 1658 2107 faciendam,
1671 2074 1831 2104 attentius
1842 2074 2036 2104 inducerent
2050 2080 2275 2112 &monet-ent,

1264 2125 1353 2164 ipsos
1373 2126 1412 2155 ad
1429 2127 1473 2156 id.
1495 2127 1522 2155 si
1542 2136 1677 2157 neeesse
1698 2128 1791 2163 foret,
1811 2136 1868 2166 per
1884 2137 2058 2158 censuram
2077 2129 2277 2160 ecclesiasti-

1264 2188 1346 2213 cam,
1367 2179 1587 2217 appellatione
1604 2181 1797 2218 postposita,
1813 2181 2061 2218 compescendo.
2076 2182 2143 2211 Nos
2154 2188 2274 2219 autem,

1263 2231 1455 2271 hujusmodi
1477 2232 1630 2269 gratiani,
1660 2242 1759 2271 quani
1785 2233 1935 2263 obtinere
1964 2234 2134 2264 meruistis
2167 2244 2278 2266 amore

1264 2284 1341 2315 fidei
1365 2285 1565 2320 christiane,
1593 2295 1681 2315 nunc.
1707 2286 1805 2316 etiam
1835 2286 1940 2324 ipsius
1966 2287 2091 2317 intuitu
2119 2288 2278 2326 ampliare

1264 2337 1428 2372 volentes,
1447 2338 1614 2367 devotioni
1634 2343 1740 2369 vestre
1763 2338 1801 2368 de
1825 2339 2030 2376 benignitate
2053 2340 2150 2370 solita
2167 2341 2279 2370 indul-

1263 2399 1379 2428 gemus
1397 2394 1431 2420 ut
1449 2399 1515 2426 vos,
1534 2391 1666 2427 fratres,
1684 2396 1714 2421 et
1732 2391 1789 2421 alii
1808 2392 1865 2430 qui
1886 2392 2011 2422 residui
2031 2397 2107 2422 sunt
2124 2393 2162 2423 de
2178 2393 2278 2423 fami-

1262 2442 1309 2473 lia
1325 2443 1497 2473 nominata
1515 2444 1643 2474 fructus
1660 2444 1808 2483 ejusdem
1825 2444 1988 2482 prebende
2006 2445 2158 2475 habeatis
2173 2445 2277 2476 libere

1263 2496 1331 2526 vita
1351 2501 1478 2532 vestra,
1506 2497 1551 2527 ita
1575 2497 1662 2536 quod
1685 2497 1886 2536 quicumque
1909 2503 2055 2528 vestrum
2080 2499 2276 2537 superstites

1263 2549 1314 2580 vel
1326 2555 1495 2589 superstes
1512 2551 1670 2586 existunt,
1684 2560 1758 2581 cum
1770 2551 1861 2581 omni
1875 2551 2066 2587 integritate
2078 2552 2274 2590 percipiant,

1263 2604 1371 2642 quoad
1387 2604 1541 2635 vixerint.
1560 2605 1688 2634 fructus
1704 2604 1862 2643 stipendii
1877 2604 2069 2642 supradicti.
2090 2605 2181 2635 Nulli
2199 2614 2276 2643 ergo

1263 2657 1398 2686 omnino
1420 2657 1594 2686 hominum
1614 2661 1675 2686 etc.
1695 2661 1805 2687 nostre
1821 2657 2047 2687 concessionis
2065 2661 2125 2687 etc.
2145 2658 2180 2688 Si
2199 2658 2274 2696 quis

1265 2713 1375 2739 aut-em
1388 2714 1449 2740 etc.
1464 2711 1537 2739 Dat.
1552 2710 1695 2745 Perusii,
1709 2710 1793 2740 XIII
1808 2709 1968 2739 kalendas
1984 2710 2183 2746 novembris,
2199 2719 2276 2749 pon-

1265 2761 1411 2793 tificatus
1428 2763 1533 2793 nostri
1547 2772 1634 2793 anno
1651 2767 1773 2793 octavo.
1797 2775 1808 2788 υ

1299 2934 1320 2958 1,
1339 2933 1414 2958 Pour
1430 2936 1618 2959 llctsterbaclt.

2123 2991 2154 3016 7⁴
