2498 3242
257 268 328 296 1155
977 267 1216 298 REGISTRES
1238 266 1294 296 DE
1317 259 1538 298 GREGOIRE
1561 269 1620 299 IX.
2275 273 2352 303 1156

253 333 430 362 efficaciter
444 333 478 362 in
495 333 555 362 hac
572 338 662 371 parte
675 350 712 354 -
724 338 932 371 cog«)11tes,et
951 333 1142 363 invocantes
1160 341 1259 370 super

253 386 323 415 hoc.
341 386 368 415 si
387 395 520 415 necesse
534 386 644 415 suerit.
659 385 818 415 auxilium
834 386 963 415 brachii
980 386 1151 415 secularis.
1166 385 1259 422 Quod

255 438 282 466 si
302 447 366 467 non
386 447 499 467 omnes
519 444 578 467 etc.
600 439 672 467 Dat.
693 438 840 468 perusii.
863 439 925 468 &⁷11
945 438 1103 468 kalendas
1124 447 1258 468 noveni-

253 490 331 520 l=ris.
352 490 562 529 pontiticatus
580 491 683 520 nostri
704 499 790 520 anno
807 496 932 520 octavo.
954 503 966 517 ·›

323 673 436 701 2¹5¹

287 736 526 771 Arclticpiscopis
548 742 575 763 et
596 738 741 772 episcopis
758 737 944 764 Lombardiae
960 738 987 763 in
1004 746 1125 772 quorum
1143 737 1260 764 dioece-

770 674 908 705 potense,
925 675 958 701 26
973 675 1091 701 octobre
1113 675 1186 702 1232.

251 787 333 811 sibus
351 787 523 812 {nonasteria
535 786 645 812 ordinis
661 785 861 812 Cluuiaccnsis
877 787 1014 814 existunt,
1032 786 1145 812 mandat
1157 791 1259 820 quate-

252 842 306 859 nus
323 836 482 860 sententias
498 835 533 860 ab
549 835 681 868 ejusdem
700 835 809 861 ordinis
828 835 1040 866 visitatoribus,
1058 836 1106 870 qui
1124 836 1259 870 pleraque

252 884 426 908 monasteria
447 883 558 908 ordinis
579 883 716 917 praedicti
739 884 766 909 in
788 883 956 909 Lombardia
972 884 998 909 in
1017 883 1215 918 spiritualibus
1231 887 1259 910 et

252 931 459 965 «·-1nporalit=us
480 931 604 965 collapsa
622 932 806 963 invenerant,
824 932 851 957 in
868 932 1090 966 apostolicorum
1108 936 1135 958 et
1151 933 1260 959 ordinis

251 979 450 1004 cluniacensis
474 984 646 1005 statutorum
672 984 888 1014 contemptores
912 982 1117 1014 promulgatas.
1142 985 1260 1007 servent

250 1033 277 1053 vt
295 1027 397 1052 faciant
414 1027 576 1057 observari,
595 1036 627 1053 ac
650 1028 847 1053 visitatoribus
866 1028 1038 1062 supradictis
1061 1029 1209 1055 assistant.
1227 1045 1259 1048 —

250 1075 332 1105 (Usu.
356 1075 640 1105 t†.f.-311]r⁰;ann.
660 1075 870 1109 x·111‚c.27‡.)

292 1193 302 1202 u
315 1177 564 1214 :t1·4·l›1'cpz'si'opis
581 1183 605 1205 c!
624 1178 769 1215 episcopis
789 1179 965 1207 Lombardie
987 1180 1017 1207 in
1038 1188 1167 1216 qnorum
1193 1180 1259 1207 dio-

249 1230 361 1258 vis-ibus
380 1231 562 1258 monastcria
580 1231 699 1258 ordinis
716 1231 791 1259 Clun
800 1232 926 1259 incensis
943 1232 1088 1260 esistunt.
1106 1232 1151 1261 Ex
1173 1232 1258 1261 rela-

251 1282 337 1311 tione
369 1282 480 1311 dil-:cti
511 1282 571 1310 tilii
602 1305 622 1310 ..

249 1334 346 1372 quod.
366 1335 464 1371 jann]
484 1334 564 1372 ipse.
582 1335 765 1364 secundum
781 1339 902 1364 statuta
923 1340 1050 1371 nostra,
1070 1337 1258 1367 visitatores

249 1387 286 1416 zie
305 1387 463 1415 fratribus
481 1387 531 1416 sui
548 1387 686 1417 ordinis.
708 1387 766 1426 qui
783 1387 985 1417 visitationis
1002 1392 1033 1418 et
1049 1389 1259 1419 reformatio—

651 1282 780 1311 aldmtis
811 1282 1044 1313 Cluniae-ensis
1071 1285 1258 1322 accepimus

251 1439 301 1468 nis
321 1439 465 1468 ollii-iuni
487 1439 645 1469 memhris
671 1439 809 1470 ecclesie
833 1439 1065 1471 Cluniaccnsis
1088 1442 1259 1480 impende-

250 1497 337 1521 rent.
356 1501 413 1529 per
432 1492 582 1529 singulas
602 1492 790 1530 provincias
803 1493 967 1550 goinarit
979 1517 985 1528 ,
1003 1494 1137 1532 quidam
1155 1504 1192 1524 ex
1208 1495 1259 1533 ip-

250 1545 307 1573 sis.
326 1545 363 1573 ad
377 1549 486 1582 fun-tes
503 1545 698 1573 Lombardie
711 1554 768 1583 pro
780 1545 955 1575 Visitandis
968 1547 1114 1585 ejusdem
1131 1547 1259 1577 ordinis

249 1597 401 1626 «lontibus
419 1597 602 1632 venientes,
624 1597 659 1626 in
676 1597 845 1636 plerisque
866 1599 1079 1629 monasteriis
1097 1600 1162 1629 sibi
1181 1600 1259 1630 sul]-

246 1650 360 1688 jectis.
388 1654 416 1679 et
435 1650 576 1679 maxime
599 1650 633 1679 in
659 1651 862 1680 monasterio
885 1651 923 1681 do
946 1652 1085 1681 pontida
1100 1653 1120 1683 Ι,
1139 1653 1259 1691 prefati

248 1702 391 1731 ordinis.
420 1702 618 1731 inm-nerunt
641 1703 798 1741 [piosdam
825 1704 1003 1733 monachos
1029 1709 1059 1734 ct
1083 1715 1259 1736 conversos

249 1754 479 1789 iri-‘JJ-rulm-iter
489 1759 516 1783 et
533 1754 692 1784 dissolute
705 1755 865 1790 viventes,
879 1766 936 1794 per
947 1766 1087 1795 quorum
1098 1758 1259 1788 malitiam

250 1811 278 1835 et
310 1806 547 1843 neglig-rentiam
576 1807 777 1837 monasteria
805 1808 877 1845 ipsa
904 1809 938 1837 in
966 1809 1198 1846 spiritualibus
1229 1816 1259 1841 et:

250 1859 487 1896 humpen-atibus
512 1864 587 1889 sunt
615 1859 757 1897 collapsa
781 1861 950 1899 multoque
971 1863 1143 1901 subjacent
1165 1865 1258 1894 oneri

250 1911 435 1941 «tubum-1111]
446 1908 468 1946 ²,
486 1912 528 1941 ita
549 1913 635 1951 quod
648 1913 712 1950 ipsi
726 1914 804 1942 sacti
822 1918 898 1943 sunt
910 1914 986 1944 aliis
1000 1915 1034 1944 in
1047 1917 1259 1954 opprobrium

249 1970 278 1994 et
296 1965 454 1994 derisum.
473 1971 502 1995 et
518 1975 555 1995 ex
570 1965 630 1995 hoc
650 1967 896 2004 contempnitur
912 1968 990 1997 ordo
1006 1970 1209 2000 monasticus
1222 1980 1259 2000 ac

250 2027 368 2047 nomen
401 2017 634 2048 Cluniacensis
669 2019 808 2049 ecclesie
841 2019 1099 2059 l‘ilasphematur.
1134 2024 1258 2053 Verum

248 2071 326 2108 quia
346 2070 444 2099 iidem
463 2071 651 2101 visitatores
668 2071 728 2100 hai·
746 2072 816 2102 rice
836 2073 1058 2111 nequiwrrnnt
1079 2084 1178 2113 super
1190 2075 1258 2106 hiis

248 2132 431 2156 congruunt
455 2124 638 2153 remedium
662 2124 838 2161 adhibere,
865 2129 935 2154 turn
958 2126 1037 2164 quia
1062 2127 1197 2166 quidam
1219 2128 1258 2159 de

249 2175 346 2205 dictis
362 2175 535 2205 monachis
553 2181 581 2206 et
599 2177 780 2211 conversis,
799 2177 838 2207 de
852 2177 1012 2208 laicorum
1025 2181 1171 2217 potentia
1188 2190 1258 2219 pre-

250 2232 431 2257 sumentes.
451 2228 627 2257 noluerunt
647 2229 688 2258 ad
706 2238 818 2259 eorum
837 2231 1027 2260 mandatum
1044 2233 1210 2270 prioratus
1227 2238 1258 2264 et

249 2279 318 2308 loca
338 2279 371 2308 in
395 2279 516 2317 quibus
534 2280 672 2317 degunt,
696 2281 803 2315 exire,
827 2291 885 2311 nec
907 2283 947 2311 ad
974 2283 1039 2313 alia
1055 2284 1258 2316 districtiora

250 2332 451 2361 monasteria
474 2333 656 2371 supradicti
675 2333 802 2364 ordinis
825 2334 876 2364 vel
899 2335 999 2365 etiam
1019 2337 1105 2375 apud
1121 2337 1258 2368 Clunia-

249 2393 335 2419 cum,
352 2384 392 2413 ad
408 2385 569 2421 agendam
586 2386 624 2415 de
645 2387 832 2417 commissis
848 2388 1078 2425 penitentiam,
1097 2399 1131 2420 se
1150 2395 1258 2422 trans-

249 2437 354 2471 ferre,
373 2437 449 2467 licet
466 2437 613 2467 locorum
629 2439 768 2469 mutatio
785 2440 937 2470 credatur
953 2441 1074 2472 talibus
1091 2444 1255 2481 expedire,

250 2498 285 2518 ac
309 2490 343 2518 in
365 2498 419 2519 eos
441 2495 573 2528 propter
595 2491 657 2521 1100
682 2493 1034 2524 excommunicationis
1057 2496 1257 2526 sententiam

249 2542 477 2580 protulissent,
496 2543 582 2573 idem
597 2544 698 2574 abhas
716 2549 864 2574 nostrum
879 2546 1041 2576 auxilium
1056 2548 1255 2586 imploravit,

249 2604 322 2624 cun]
340 2595 530 2625 visitatores
546 2596 611 2634 ipsi
629 2597 810 2635 superbiis
832 2598 961 2629 utiliter
977 2608 1043 2629 non
1060 2601 1189 2638 possint
1204 2602 1258 2631 in-

248 2648 401 2683 tendere,
427 2649 491 2678 nisi
515 2649 563 2678 eis
584 2649 618 2679 in
643 2649 705 2680 hac
732 2655 823 2689 parte
846 2652 1023 2683 efficaciter
1047 2654 1255 2685 assistamus.

249 2700 411 2736 Quocirca
427 2700 580 2731 fidelitati
595 2706 703 2733 vestre
721 2711 779 2741 per
794 2704 973 2742 apostolica
989 2705 1111 2744 scripta
1124 2707 1256 2737 manda-

249 2761 323 2782 mus
340 2757 521 2791 quatenus,
541 2754 569 2784 si
588 2759 637 2785 est
652 2755 714 2790 ita,
737 2756 919 2786 sententias
941 2757 980 2786 ab
999 2757 1125 2788 eisdem
1140 2759 1257 2790 visita-

283 2870 304 2893 1.
319 2873 367 2894 Ms.
385 2880 392 2894 .·
408 2870 537 2896 Pontido.

280 2913 304 2936 2.
318 2913 359 2938 Ct’.
375 2921 472 2944 supr-a,
486 2919 514 2938 n·
531 2915 600 2940 2136.

1343 332 1468 363 toribus
1490 333 1523 362 in
1547 333 1629 364 tales
1651 339 1850 366 statutorum
1876 341 2064 367 nostrorum
2088 342 2119 368 et
2144 338 2196 368 sui
2219 338 2347 368 ordinis

1341 390 1582 423 contemptores
1603 387 1800 425 regulariter
1816 389 2057 427 promulgatas,
2079 395 2109 421 ct
2125 400 2182 421 vos
2198 391 2262 429 ipsi
2279 400 2351 421 ser—

1341 438 1426 467 vetis
1442 442 1471 467 et
1489 439 1620 469 faciatis
1637 441 1831 471 auctoritate
1852 446 1964 472 nostra
1981 452 2039 481 per
2056 447 2183 473 vest-ras
2199 443 2348 474 dioceses

1341 498 1446 528 usque
1464 491 1503 520 ad
1521 492 1782 523 satisfactionem
1803 494 2016 532 condignam,
2036 495 2186 526 submoto
2204 496 2350 535 appella-

1342 543 1442 573 tionis
1467 544 1653 581 obstaculo,
1678 546 1918 577 inviolabiliter
1941 547 2128 585 observari3
2154 550 2350 580 assistentes

1342 595 1592 632 nichilominus,
1605 603 1766 636 quantum
1779 608 1852 629 cum
1870 600 1938 629 Deo
1953 600 2102 638 potestis,
2121 601 2350 631 visitatoribus

1342 649 1552 687 supradietis,
1571 659 1645 679 cum
1661 651 1701 680 al)
1717 651 1800 689 ipsis
1818 652 1950 682 fueritis
1969 653 2137 691 requisiti,
2160 656 2196 682 ut
2216 662 2351 683 monas-

1342 701 1404 731 tice
1421 702 1596 740 discipline
1610 703 1752 741 rigorem
1764 704 1867 734 libere
1884 705 2011 743 possint
2026 705 2059 734 in
2073 714 2139 741 eas,
2158 705 2350 744 5101110190-

1341 754 1411 784 dire
1428 755 1581 792 viderint,
1601 765 1763 787 exercere.
1779 758 1852 787 Dat.
1870 758 2014 793 Perusii,
2030 762 2067 787 ut
2083 766 2194 796 supra.
2214 770 2227 784 »

1414 933 1538 961 2152

1377 994 1539 1021 Canonicos
1553 996 1669 1029 capituli
1690 995 1890 1022 Laudunensis
1908 1000 1986 1031 rogat
2008 1002 2035 1023 et
2057 997 2186 1023 hortatur
2207 1000 2351 1032 quatenus

1343 1044 1511 1077 magistrum
1534 1043 1561 1070 J.
1586 1044 1620 1070 de
1644 1043 1772 1079 Templo,
1796 1045 1943 1071 officialem
1968 1045 2200 1080 Laudunensem‚
2223 1047 2271 1073 cui
2290 1047 2353 1082 epi-

1342 1100 1449 1126 scopus
1463 1091 1663 1119 liaudunensis
1676 1093 1867 1128 praebendam
1884 1094 1912 1120 in
1927 1094 2053 1128 ipsorum
2067 1095 2191 1121 ecclesia
2202 1098 2351 1121 vacantem

1341 1144 1538 1173 concesserat,
1562 1141 1588 1166 in
1613 1141 1727 1167 fratrem
1749 1145 1778 1167 et
1797 1142 1985 1175 canonicum,
2003 1150 2068 1168 cum
2090 1146 2170 1168 esset
2191 1146 2308 1176 paratus
2322 1143 2351 1170 in

1342 1188 1441 1214 eadem
1457 1189 1580 1215 eeclesia
1597 1189 1782 1216 residentiam
1799 1190 1892 1216 facere
1910 1191 2101 1225 personalem,
2118 1190 2279 1225 admittant,
2294 1199 2351 1218 non

1341 1237 1474 1263 obstante
1503 1237 1617 1263 defectu
1650 1237 1677 1263 in
1709 1238 1799 1264 forma
1827 1238 1918 1271 pedis.
1945 1253 1981 1258 —
2008 1237 2089 1271 (Rue.
2118 1239 2159 1271 17,
2188 1238 2206 1265 f.
2234 1238 2284 1267 219
2307 1246 2351 1271 r⁰;

1341 1294 1406 1312 ann.
1426 1285 1505 1318 VIII,
1523 1294 1548 1312 c.
1565 1286 1634 1318 ⁶27&
1653 1301 1684 1306 —
1702 1286 1820 1314 Monstro
1841 1287 1915 1319 1189,
1933 1287 1951 1314 f,
1970 1288 2040 1320 1851.)

1863 935 1999 968 l’erouse,
2017 935 2047 962 ‘21
2067 936 2183 962 octobre
2203 936 2279 963 1234.

1383 1399 1396 1414 «
1417 1411 1434 1416 ..
1455 1388 1589 1425 capitulo
1611 1388 1818 1417 Laudzmensi.
1843 1387 1926 1418 Cum
1948 1388 2150 1419 venerabilis
2172 1388 2276 1419 frater
2296 1405 2348 1418 —.

1341 1441 1413 1470 Dat.
1442 1440 1594 1476 Perusii,
1622 1441 1689 1470 XII
1714 1439 1873 1470 kalendas
1901 1441 2109 1477 novembris,
2135 1441 2349 1479 pontificatus

1342 1493 1447 1523 nostri
1464 1501 1550 1522 anno
1566 1497 1691 1523 octavo.
1711 1505 1724 1519 »

1412 1664 1532 1692 2153

1377 1725 1607 1760 Archiepiscopo
1634 1725 1862 1760 Rothomagensi
1890 1726 2004 1752 mandat
2028 1729 2172 1760 (prutenus
2196 1725 2349 1760 quamdam

1341 1774 1550 1800 ordinationem
1568 1783 1583 1800 3
1599 1774 1754 1800 Sabinensi
1777 1774 1917 1808 episcopo
1941 1782 1992 1808 pro
2012 1773 2086 1800 bono
2107 1774 2186 1808 pacis
2206 1774 2280 1800 inter
2296 1773 2350 1801 Sa-

1863 1663 2000 1696 l'erousQ
2016 1664 2050 1690 ‘20
2065 1664 2182 1691 octobre
2202 1664 2278 1692 1234.

1341 1824 1472 1857 giensetn
1495 1827 1522 1849 et
1545 1822 1810 1857 Rothomagensem
1842 1823 1984 1849 ecelesias
2014 1823 2135 1856 editam,
2161 1825 2293 1857 acceptet
2321 1826 2352 1850 et

1341 1872 1487 1897 observet.
1505 1887 1535 1890 —
1553 1871 1635 1904 (tiro.
1652 1871 1693 1901 17,
1711 1871 1730 1897 f.
1745 1871 1796 1898 ’219
1812 1878 1856 1904 v⁰;
1873 1880 1940 1897 ann.
1959 1870 2039 1902 thI,
2055 1879 2080 1898 c.
2097 1871 2165 1902 ‘279;
2182 1886 2215 1891 —
2229 1871 2351 1899 Monam

1344 1920 1421 1953 1189,
1438 1920 1456 1946 f.
1478 1920 1543 1952 183;
1561 1935 1593 1939 —
1609 1920 1645 1946 cs.
1661 1928 1758 1953 supra,
1779 1929 1804 1947 n.
1826 1920 1902 1953 1543,
1920 1919 1998 1952 1544,
2018 1920 2083 1947 1632
2100 1923 2129 1946 et
2146 1919 2235 1953 1696.)

1383 2034 1396 2049 α
1417 2044 1435 2050 ..
1453 2022 1678 2059 archiepiscopo
1696 2022 1937 2059 Rothomaqensi.
1950 2021 2143 2052 Venerabili
2161 2021 2261 2051 fratre
2277 2029 2352 2051 nos-

1342 2079 1391 2104 tro
1406 2098 1424 2103 ..
1438 2075 1617 2112 [Sagiensi]
1630 2075 1792 2113 episcopo,
1806 2084 1863 2113 pro
1878 2084 1912 2104 se
1928 2083 1964 2104 30
1977 2073 2203 2113 procuratorio
2216 2073 2352 2104 nomine

1341 2136 1399 2165 pro
1418 2126 1616 2166 quibusdam
1634 2126 1777 2156 subditis
1792 2127 1874 2162 suis,
1892 2135 1952 2156 nec
1967 2135 2031 2156 non
2049 2131 2079 2156 et
2093 2126 2283 2162 Laurentio,
2302 2134 2352 2156 ar-

1341 2178 1535 2208 chidiacono
1552 2179 1783 2214 Bellismcnsi,
1805 2179 1963 2216 [nomine]
1988 2178 2183 2208 dilectorum
2205 2178 2354 2208 filiorum

1342 2231 1478 2270 capituli
1499 2236 1529 2261 et
1553 2231 1693 2261 aliorum
1718 2231 2029 2261 archidiaconorum
2058 2231 2287 2269 Sagiensiur'm
2313 2239 2353 2261 ac

1342 2284 1560 2322 quorumdam
1591 2283 1853 2322 presbiterorum
1890 2288 1920 2314 et-
1950 2283 2146 2313 clericorum
2179 2283 2352 2322 Sagiensis

1341 2336 1500 2371 diocesis,
1520 2345 1557 2366 ex
1572 2340 1664 2374 parte
1680 2345 1764 2372 una,
1783 2340 1815 2366 et
1830 2337 2001 2375 magistris
2021 2336 2192 2367 Willelmo
2212 2345 2249 2366 ac
2269 2336 2352 2367 Rai-

1341 2389 1446 2424 nerio,
1461 2388 1604 2424 clericis,
1619 2389 1697 2424 tuis,
1712 2398 1750 2419 ex
1763 2388 1877 2424 altera,
1891 2389 2171 2427 procuratoribus,
2187 2389 2223 2419 in
2236 2392 2351 2420 nostra

1339 2441 1510 2480 presentia
1538 2441 1729 2472 constitutis
1759 2451 1796 2471 30
1823 2451 1922 2480 super
1951 2441 2092 2472 diversis
2116 2441 2350 2480 questionibus

1340 2494 1529 2524 volentibus
1554 2494 1594 2524 ad
1618 2494 1762 2524 invicem
1784 2494 1933 2531 litigare,
1961 2493 2187 2524 venerabilem
2211 2494 2350 2524 fratrem

1341 2551 1490 2577 nostrum
1516 2571 1536 2577 ..
1562 2549 1752 2587 episcopum
1777 2547 1997 2577 Sabinensem
2022 2546 2095 2585 [eis]
2122 2546 2349 2576 concessimus

1341 2601 1536 2636 auditorem,
1554 2601 1767 2639 injungentes
1784 2599 1891 2629 eidem
1904 2602 1940 2628 ut
1955 2599 2043 2628 inter
2059 2606 2126 2634 eos,
2144 2599 2172 2628 si
2188 2598 2261 2629 fieri
2277 2607 2350 2637 pos-

1340 2657 1404 2689 set,
1427 2653 1518 2692 pacis
1539 2653 1652 2683 federa
1673 2653 1877 2682 reformaret.
1904 2651 1969 2687 Qui
1993 2651 2033 2681 de
2057 2650 2212 2680 mandato
2235 2654 2350 2681 nostro

1340 2705 1462 2735 auditis
1481 2707 1570 2744 [que]
1583 2714 1601 2735 a
1615 2704 1765 2743 partibus
1782 2708 1849 2733 tam
1862 2703 1937 2733 viva
1952 2711 2030 2733 voce
2045 2712 2144 2742 quam
2162 2703 2198 2732 in
2214 2703 2349 2742 scriptis

1340 2767 1439 2796 super
1449 2758 1591 2787 diversis
1603 2757 1753 2787 articulis
1766 2756 1846 2786 hinc
1861 2756 1938 2786 inde
1952 2756 2045 2786 suere
2058 2755 2226 2794 proposita
2237 2763 2350 2785 coram

1340 2819 1388 2846 eo,
1407 2814 1438 2840 et
1453 2810 1585 2848 plenius
1602 2809 1792 2845 intellectis,
1814 2808 1955 2848 quedam
1978 2817 2077 2846 super
2096 2807 2270 2846 premissis
2288 2815 2350 2846 pro

1338 2862 1424 2893 bono
1437 2862 1527 2901 pacis
1538 2862 1627 2892 inter
1639 2870 1694 2892 eas
1707 2861 1861 2892 ordinare
1875 2859 2013 2896 curavit,
2030 2864 2128 2898 prout
2143 2868 2182 2890 ex
2198 2859 2349 2899 ejusdem

1340 2915 1536 2946 Sabinensis
1556 2915 1678 2945 litteris
1700 2914 1903 2953 perpendere
1918 2913 2042 2952 poteris
2061 2913 2259 2949 manifeste3
2282 2921 2348 2951 que
