2498 3242
258 297 313 328 821
1116 285 1331 324 SEPTIEME
1352 284 1513 322 ANNEE.
2310 292 2367 322 822

260 366 292 393 et
317 361 521 400 suffraganei
543 361 596 391 sui
618 361 730 392 debita
756 361 872 391 volunt
893 360 1108 391 meditatione
1134 366 1273 397 pensare

259 423 360 455 quam
372 414 600 445 necessarium
615 418 646 444 et
661 423 761 453 quam
774 413 857 444 utile
872 413 914 444 sit
928 413 976 444 eis
994 417 1024 443 et
1038 412 1114 442 aliis
1130 410 1274 441 111111111-

260 467 374 506 gensis
399 471 488 497 terra
513 466 548 496 in
576 467 768 498 sinceritate
790 467 868 497 fidei
888 466 1059 501 solidetur,
1087 463 1275 503 irrequisiti

261 520 362 551 etiam
374 523 555 558 spontanee
567 523 598 550 et
608 519 785 549 efficaciter
796 519 857 548 tibi
868 519 1025 549 assistere
1037 516 1272 556 procurabunt,

258 572 327 608 'cui‚
339 581 414 602 cum
428 576 534 602 status
547 576 633 602 terre
648 572 795 610 predicte
808 572 950 602 diversis
964 571 1071 601 adhuc
1084 574 1114 600 et
1126 568 1275 599 adversis

261 624 463 662 impulsibus
486 624 667 663 quatiatur,
694 624 871 663 legationis
893 624 1037 655 officium
1061 623 1215 652 duximus
1240 621 1276 650 in

261 676 330 706 illis
346 676 497 715 partibus
514 677 799 707 committendum.
818 677 984 716 Denique,
1003 676 1031 706 si
1049 675 1181 706 salubre
1198 682 1277 704 con-

263 730 378 760 silium
397 733 447 760 est
467 716 699 760 inundationis
722 730 881 768 impetum
903 730 937 759 in
956 729 1058 759 vicini
1075 728 1178 758 fundo
1198 735 1276 757 con-

263 783 355 821 gruis
371 782 553 813 obstaculis
574 783 764 821 prevenire,
783 783 811 813 si
828 787 936 814 tutum
956 783 1141 821 propinquo
1157 780 1277 819 parieti

263 835 393 865 ardenti
412 836 421 856 ¹
453 845 663 871 succurrere,
693 840 728 865 ut
758 836 891 874 propria
920 834 1067 874 pericula
1097 834 1275 868 evitentur,

260 887 389 927 liquido
412 892 501 927 patet
523 888 610 927 quod
636 889 671 918 in
693 887 755 919 hoc
778 892 888 927 preter
913 896 1123 918 communem
1150 885 1277 916 utilita-

260 943 327 971 tem
352 945 596 980 prosequentur
617 941 789 980 proprium
814 942 993 975 interesse,
1021 944 1117 979 prout
1145 938 1277 977 plenius

262 993 433 1024 advertere
457 998 612 1032 poterunt
633 1003 732 1033 quam
753 994 792 1024 ad
813 1002 951 1032 presens
975 1002 1034 1023 nos
1054 995 1202 1031 oporteat
1226 1000 1277 1021 ex-

260 1045 397 1085 plicare.
416 1046 507 1076 Licet
522 1047 626 1083 igitur
648 1047 713 1085 ipsi
734 1056 771 1076 ex
792 1046 902 1077 debito
920 1050 1096 1076 teneantur
1111 1043 1278 1074 mandatis

263 1098 454 1137 apostolicis
470 1099 622 1133 obedire,
641 1103 852 1137 expectantes
869 1103 979 1129 tamen
996 1103 1031 1128 ut
1052 1098 1155 1127 multo
1171 1096 1277 1134 magis

263 1160 301 1181 ex
315 1151 389 1187 fide,
406 1161 469 1190 que
482 1152 762 1190 perdilectionem
776 1151 989 1181 laudabiliter
1000 1155 1165 1189 operatur,
1182 1149 1278 1179 nobis

263 1203 298 1233 in
315 1203 376 1234 hoc
393 1204 547 1234 studeant
563 1204 737 1234 devotione
755 1204 899 1242 gratuita
915 1204 1129 1242 complacere,
1148 1203 1278 1233 univer-

264 1256 397 1287 sitatem
417 1266 531 1287 eorum
549 1257 704 1287 duximus
727 1257 1001 1291 ammonendam,
1021 1266 1079 1295 per
1099 1256 1279 1295 apostolica

265 1309 314 1339 eis
335 1309 458 1347 scripta
475 1309 672 1339 mandantes
694 1313 730 1339 ut
752 1309 787 1338 in
808 1309 930 1348 quibus
951 1319 969 1339 a
990 1313 1020 1339 te
1038 1310 1164 1339 suerint
1180 1319 1280 1348 super

264 1361 397 1399 negotio
418 1362 510 1400 pacis
531 1366 562 1392 et
584 1362 662 1392 fidei
684 1362 855 1401 requisiti,
882 1362 943 1391 tibi
964 1362 1141 1392 efficaciter
1163 1362 1279 1393 adesse

265 1418 459 1453 procurent,
478 1414 525 1444 ita
540 1414 644 1453 quod,
665 1415 713 1444 eis
729 1415 985 1453 cooperantibus
1002 1415 1036 1444 in
1053 1415 1279 1445 sollicitudine

264 1467 326 1496 tibi
345 1467 540 1502 commissa,
558 1471 594 1497 tu
610 1467 651 1497 ad
663 1467 823 1498 honorem
839 1468 901 1498 Dei
917 1472 948 1498 et
964 1468 1112 1498 Ecclesie
1126 1468 1279 1497 ministe-

264 1519 353 1549 rium
376 1524 470 1550 tuum
492 1519 636 1550 feliciter
659 1520 777 1559 exequi
801 1520 928 1556 valeas,
957 1525 987 1551 et
1007 1521 1072 1559 ipsi
1095 1530 1113 1550 a
1137 1520 1280 1550 Domino

263 1572 430 1611 premium
449 1576 481 1603 et
502 1581 520 1602 a
542 1572 638 1602 nobis
660 1576 853 1603 mereantur
877 1573 1019 1611 gratiam
1038 1577 1218 1612 reportare.
1243 1573 1279 1603 Si

261 1634 340 1656 vero
356 1625 459 1655 iidem
478 1625 672 1655 mandatum
691 1629 842 1656 nostrum
860 1626 1085 1664 neglexerint,
1106 1626 1193 1665 quod
1213 1634 1279 1656 non

264 1677 449 1713 credimus,
473 1677 653 1716 adimplere
665 1701 672 1714 ,
694 1682 730 1708 tu
749 1688 804 1709 eos
826 1679 867 1709 ad
885 1679 919 1708 id
939 1696 978 1701 —
995 1679 1184 1718 compellas.
1202 1680 1275 1709 Dat.

263 1730 428 1768 Anagnie,
445 1731 491 1761 VI
506 1731 667 1761 kalendas
685 1732 830 1769 augusti,
849 1740 936 1762 anno
953 1732 1103 1770 septimo.
1123 1744 1135 1759 »

301 1853 456 1878 1419.-
471 1849 618 1885 Scriptum
642 1854 792 1886 estsuper
807 1851 862 1878 hoc
885 1852 910 1878 in
932 1851 1056 1878 eundem
1077 1852 1138 1878 sere
1161 1851 1278 1878 modum

263 1899 351 1924 eidem
370 1899 570 1932 archiepiscopo
586 1901 727 1926 Auatitano
740 1902 764 1925 ec
780 1901 964 1934 suffraganeis
979 1902 1046 1934 ejus.

300 1950 404 1974 148⁰.
422 1961 455 1966 —
472 1947 503 1973 Et
526 1947 727 1982 archiepiscopo
747 1948 938 1974 Ebredunensi
959 1951 983 1974 et
1007 1950 1189 1982 suffraqaneis
1210 1950 1277 1982 ejus.

338 2141 450 2170 148¹

299 2202 401 2229 Eidem
418 2202 588 2229 absolvendi
613 2205 642 2228 et
666 2202 854 2237 dispensandi
873 2203 899 2229 in
923 2211 993 2230 suae
1015 2204 1168 2238 legationis
1188 2204 1280 2231 officio

264 2252 401 2279 concedit
422 2252 598 2278 facultatem.
613 2265 649 2271 —
666 2251 749 2286 (Rieu.
770 2252 818 2285 17,
841 2252 862 2280 f.
879 2252 912 2279 73
929 2259 974 2284 v⁰;
993 2262 1058 2279 ann.
1082 2252 1149 2286 VH,
1167 2262 1193 2282 e.
1210 2254 1278 2286 2543

263 2314 300 2322 —
315 2300 436 2328 1110113Αο
456 2300 532 2332 1188,
550 2301 568 2327 f.
582 2301 653 2333 15²2.)

821 2141 950 2176 Anagni,
969 2141 1000 2168 ‘27
1015 2143 1111 2177 juillet
1131 2142 1206 2169 1233.

307 2415 319 2429 ιι
341 2425 360 2431 ..
379 2403 606 2440 archiepiscopo
627 2404 804 2438 Viennensi,
822 2406 987 2442 Apostolice
1006 2406 1090 2434 Sedis
1110 2406 1216 2443 legato.
1234 2406 1281 2436 De

264 2455 329 2486 fide
344 2464 381 2485 ac
392 2455 689 2494 circumspectione
704 2460 758 2486 tua
772 2456 905 2495 plenam
916 2458 950 2487 in
968 2458 1110 2488 Domino
1126 2459 1282 2489 iiduciam

267 2508 469 2543 obtinentes,
486 2518 541 2538 eos
555 2509 659 2547 quiin
676 2518 837 2539 canonem
850 2510 915 2541 late
930 2511 1095 2541 sententie
1108 2511 1158 2541 vel
1172 2512 1282 2550 damp-

266 2566 380 2592 natam
393 2560 540 2591 heresim
551 2561 753 2598 inciderunt,
767 2571 827 2592 nec
840 2572 905 2593 non
920 2563 1096 2599 1161611605,
1109 2565 1282 2595 credentes

266 2618 299 2645 et
315 2615 462 2644 fautores
479 2622 591 2644 eorum
609 2619 639 2644 et
656 2614 901 2651 incendiarios,
921 2626 957 2646 ac
973 2626 1028 2647 eos
1046 2618 1103 2656 qui
1120 2618 1283 2648 decimam

266 2666 318 2697 vel
346 2667 539 2697 vicesimam
564 2667 774 2705 integraliter
798 2678 864 2698 non
891 2669 1078 2705 solverunt,
1105 2670 1282 2706 dummodo

266 2719 394 2750 solvere
416 2719 481 2749 sint
503 2720 625 2758 parati,
640 2720 733 2759 juxta
751 2722 892 2751 sormam
909 2723 1057 2753 Ecclesie
1075 2723 1280 2759 absolvendi,

267 2776 298 2803 et
315 2781 390 2802 cum
412 2772 480 2802 illis
497 2772 554 2811 qui
575 2781 612 2803 ex
635 2773 849 2812 simplicitate
867 2775 917 2805 vel
933 2775 1134 2813 ignorantia,
1152 2785 1282 2806 excom-

266 2825 431 2855 municati
446 2825 498 2854 vel
520 2825 706 2861 interdicti,
725 2826 934 2858 celebravere
951 2828 1063 2859 diviua
1080 2829 1132 2859 vel
1147 2829 1282 2860 ordines

302 2957 323 2981 1.
341 2956 382 2982 Cf.
400 2957 518 2988 Bonna,
535 2959 634 2988 Epist,
650 2958 670 2988 1,
689 2964 771 2989 xvni,
786 2959 825 2984 84.

1357 362 1568 395 receperunt.
1598 357 1860 396 dispensationis
1888 356 1993 394 gratia
2021 365 2086 387 non
2109 356 2274 395 indignis,
2302 357 2369 387 nisi

1358 410 1437 440 adeo
1455 410 1556 440 fuerit
1572 410 1718 440 enormis
1739 418 1911 444 excessus,
1936 409 2023 448 quod
2039 413 2171 447 propter
2193 409 2254 439 hoc
2271 409 2313 438 sit
2330 409 2371 439 ad

1358 462 1476 492 Sedem
1492 462 1716 500 Apostolicam
1733 462 1986 496 recurrendum,
2005 461 2093 491 infra
2110 462 2192 491 fines
2209 466 2263 491 tue
2280 461 2371 499 lega-

1359 515 1460 545 tionis
1476 515 1610 553 providc
1627 514 1843 553 dispensandi
1866 514 2061 543 auctoritate
2082 514 2288 552 presentium
2309 514 2371 543 tibi

1359 567 1571 597 concedimus
1601 566 1805 597 facultatem.
1838 566 1872 596 Si
1905 566 1961 605 qui
1988 575 2065 596 vero
2095 566 2371 596 excommunicati

1359 620 1504 650 scienter
1519 619 1653 649 ordines
1670 623 1865 657 receperunt
1883 622 1937 647 aut
1955 618 2162 648 celebravere
2180 619 2303 649 divina.
2323 619 2371 649 eis

1359 681 1416 711 per
1444 672 1619 702 biennium
1655 672 1696 701 ab
1725 671 1879 701 ordinum
1913 671 2106 700 executione
2136 671 2308 709 suspensis
2341 675 2372 701 et

1359 725 1509 764 injuncta
1524 724 1708 763 penitentia
1723 723 1942 761 competenti.
1961 732 2034 752 cum
2052 723 2134 761 ipsis
2151 724 2370 761 postmodum,

1360 779 1389 809 si
1405 777 1531 808 suerint
1544 777 1628 807 bone
1645 775 1908 806 conversationis
1923 780 1953 805 et
1966 776 2043 809 vite,
2055 776 2250 805 auctoritate
2261 780 2373 805 nostra

1360 831 1545 870 dispenses,
1564 830 1650 860 sicut
1667 829 1791 859 videris
1808 828 1972 867 expedire.
1990 829 2064 858 Dat.
2082 832 2117 857 ut
2133 837 2243 866 supra.
2264 841 2276 854 ,ι

1434 1017 1454 1044 1
1461 1015 1550 1044 482

1396 1078 1497 1105 Eidem
1515 1077 1680 1103 mandatum
1697 1075 1745 1102 dat
1762 1075 1797 1101 de
1814 1074 2002 1101 instituendis
2014 1074 2176 1100 rectoribus
2189 1074 2216 1100 in
2229 1073 2372 1099 ecclesiis.

1361 1144 1393 1148 -
1411 1127 1495 1161 (Rea.
1515 1127 1556 1158 17,
1570 1126 1588 1153 f.
1601 1126 1632 1152 Tli
1652 1132 1694 1159 νος
1710 1133 1777 1151 ann.
1791 1123 1856 1155 VII,
1870 1132 1896 1163 (3ἲ
1909 1124 1960 1150 ’255
1972 1135 1979 1156 ;
1993 1139 2025 1142 —
2038 1123 2157 1150 Monam
2178 1122 2253 1154 1¹88,
2266 1122 2284 1149 s.
2302 1122 2374 1154 154.)

1917 1012 2047 1046 Anagni,
2065 1012 2096 1038 27
2112 1011 2205 1046 juillet
2224 1010 2299 1037 ¹233.

1404 1242 1417 1255 «
1436 1229 1552 1258 Eidem.
1568 1227 1653 1264 Quia
1665 1227 1721 1256 ubi
1736 1234 1800 1255 non
1815 1243 1863 1254 —-.
1877 1225 1959 1255 Cum
1976 1224 2089 1261 igitur,
2111 1224 2192 1254 sicut
2213 1223 2308 1253 nobis
2325 1227 2374 1253 est

1362 1291 1420 1321 pro
1436 1286 1525 1311 certo
1541 1280 1700 1315 relatum,
1719 1279 1853 1318 quidam
1873 1277 2022 1314 religiosi
2043 1277 2081 1307 de
2099 1277 2196 1306 terris
2215 1281 2267 1305 tue
2283 1275 2374 1313 lega-

1362 1335 1445 1365 tioni
1462 1333 1649 1363 commissis
1666 1332 1823 1361 ccclesias
1842 1330 2067 1369 parrochiales
2086 1329 2264 1360 habentes,
2283 1333 2317 1357 ut
2335 1328 2374 1358 de

1362 1387 1445 1426 ipsis
1457 1387 1634 1424 disponant
1646 1385 1686 1414 ad
1696 1384 1841 1414 libitum,
1851 1383 1954 1413 nolint
1969 1383 2002 1411 in
2016 1382 2064 1412 eis
2075 1386 2217 1411 rectoris
2228 1381 2372 1415 institui,

1363 1449 1434 1475 nos,
1449 1438 1599 1469 1101611165
1615 1438 1659 1472 id,
1676 1437 1762 1467 sicut
1778 1446 1837 1466 nee
1854 1436 2023 1465 dehemus.
2040 1434 2180 1464 ulterius
2195 1434 2372 1467 sustinere,

1362 1492 1560 1523 mandamus
1571 1495 1748 1529 quatenus,
1763 1489 1792 1519 51
1804 1489 1936 1518 casdem
1950 1487 2108 1517 ecclesias
2125 1491 2215 1516 tanto
2230 1491 2375 1524 tempore

1363 1554 1498 1575 vacasse
1521 1543 1715 1581 contigerit,
1733 1546 1768 1572 ut
1789 1542 1936 1579 ipsarum
1955 1540 2088 1570 donatio
2104 1540 2144 1568 ad
2160 1548 2237 1569 nos.
2256 1548 2375 1568 secun-

1363 1599 1441 1628 dum
1458 1595 1695 1627 Lateranensis
1711 1598 1834 1625 statuta
1851 1593 2001 1627 concilii,
2021 1592 2121 1621 suerit
2137 1591 2301 1620 ‹is-voluta.
2319 1600 2375 1620 eas

1362 1651 1434 1681 vice
1451 1653 1564 1679 nostra
1586 1648 1624 1678 de
1646 1647 1798 1686 personis
1821 1645 1950 1675 idoneis
1971 1654 2035 1674 non
2057 1644 2191 1673 differas
2208 1643 2374 1673 ordinare.

1363 1704 1399 1734 Si
1415 1712 1492 1733 vcro
1508 1702 1549 1732 ad
1569 1701 1652 1731 alios
1672 1699 1852 1731 earundem
1869 1697 2081 1728 collationem
2097 1696 2284 1726 devolutam
2303 1704 2376 1725 esse

1363 1755 1562 1789 constiterit,
1577 1763 1635 1793 per
1649 1754 1737 1791 ipsos
1752 1760 1910 1791 personas
1922 1751 2058 1780 idoneas
2073 1749 2205 1779 institui
2222 1749 2324 1778 facias
2341 1748 2376 1777 in

1363 1809 1501 1840 eisdem.
1520 1806 1679 1845 Alioquin
1692 1805 1867 1843 religiosos
1881 1804 1970 1842 ipsos
1984 1806 2019 1832 ut
2035 1802 2068 1831 in
2087 1801 2238 1832 ecclesiis
2257 1809 2319 1839 que
2337 1800 2377 1830 ad

1363 1870 1418 1892 eos
1434 1861 1532 1899 pleno
1544 1860 1619 1898 jure
1635 1858 1802 1897 pertinere
1816 1860 2008 1886 noscuntur.
2025 1859 2169 1884 rectores
2186 1853 2374 1887 instituant,

1362 1915 1397 1944 in
1416 1913 1493 1943 aliis
1510 1916 1621 1942 autem
1641 1909 1865 1940 instituendos
1881 1907 2069 1937 diocesanis
2085 1906 2249 1944 episcopis
2265 1914 2377 1943 repre-

1363 1970 1511 2001 sentent,
1536 1964 1618 2002 ipsis
1642 1964 1680 1993 de
1698 1962 1805 2001 plebis
1827 1970 1922 1993 cura,
1948 1959 2016 1989 illis
2042 1959 2175 1998 quidem
2200 1966 2256 1996 pro
2278 1957 2376 1987 rebus

1364 2017 1602 2057 temporalibus
1615 2024 1844 2054 responsuros,
1855 2012 2091 2051 ——compellas
2106 2012 2178 2041 Dat.
2193 2015 2346 2048 utsupra.
2360 2021 2374 2035 »

1439 2203 1556 2232 1483
1924 2196 2050 2231 Anagni.
2067 2197 2098 2223 27
2113 2195 2208 2230 juillet
2228 2194 2303 2221 1233.

1401 2267 1501 2293 Eidem
1527 2264 1640 2291 mandat
1663 2267 1808 2297 quatenus
1833 2261 1949 2287 studeat
1971 2264 2000 2285 ut
2020 2259 2046 2284 iu
2067 2257 2152 2284 terris
2173 2257 2320 2291 suspectis
2340 2255 2375 2281 de

1364 2315 1509 2342 haeretica
1526 2314 1665 2348 pravitate
1680 2320 1750 2338 suae
1767 2310 1903 2345 legationi
1918 2307 2085 2335 commissis
2097 2307 2254 2332 electiones
2267 2305 2377 2339 praela-

1364 2369 1458 2392 torum
1476 2371 1543 2390 cum
1559 2370 1613 2389 suo
1632 2362 1726 2396 ipsius
1747 2360 1869 2386 consilio
1887 2363 1915 2385 et
1935 2365 2058 2384 asseusu
2075 2356 2273 2382 celebrentur.
2293 2354 2329 2380 ita
2346 2358 2376 2379 ut

1365 2420 1505 2449 personae
1521 2411 1680 2438 catholicae
1699 2409 1853 2443 diligentes
1871 2407 2017 2441 negotium
2037 2405 2116 2440 pacis
2137 2408 2165 2429 et
2188 2403 2253 2429 snit-i
2277 2402 2309 2428 ad
2327 2410 2376 2429 ec-

1365 2463 1517 2490 clesiarum
1535 2460 1664 2494 regimen
1681 2462 1877 2485 assumantur.
1891 2471 1923 2475 -
1938 2455 2018 2488 (ltso.
2036 2455 2075 2483 17,
2091 2454 2108 2479 t.
2122 2453 2152 2478 isi
2171 2460 2210 2485 r⁰;
2228 2460 2294 2477 ann.
2310 2450 2374 2482 ΥΠ,

1365 2520 1391 2539 c.
1409 2512 1480 2542 ⁵25&
1497 2523 1533 2530 —-
1548 2509 1667 2536 Monsau
1687 2507 1763 2534 tiss.
1781 2506 1799 2532 l'.
1820 2506 1892 2537 155.)

1408 2626 1421 2639 ιι
1439 2612 1555 2642 Eidem.
1572 2609 1657 2646 Quia
1675 2607 1756 2638 tales
1773 2610 1847 2636 sunt
1866 2623 1914 2633 —.
1936 2605 2008 2634 Dat.
2030 2608 2063 2632 ut
2080 2610 2188 2639 supra.
2214 2617 2215 2620 =

1439 2796 1555 2825 ¹484
1925 2787 2050 2822 Anagni,
2067 2786 2098 2812 *Π
2114 2785 2207 2819 juillet
2229 2783 2303 2810 1233.

1401 2858 1502 2885 Eidem
1523 2856 1638 2883 mandat
1660 2859 1804 2889 quatenus
1824 2850 1970 2878 nonnullis
1991 2849 2026 2874 de
2047 2848 2131 2874 terris
2149 2854 2218 2872 sune
2240 2843 2374 2878 legationi

1366 2908 1544 2940 commissis,
1556 2906 1606 2942 qui
1619 2906 1788 2940 juraverant
1799 2909 1831 2927 se
1844 2899 1986 2934 Riomani}
1996 2919 2002 2925 ,
2017 2896 2187 2923 l‘ortuensis
2200 2894 2295 2920 electi.
2307 2897 2376 2919 tunc

1366 2957 1516 2994 apostolici
1533 2955 1630 2990 legati,
1649 2960 1701 2980 nec
1717 2959 1772 2978 non
1789 2953 1817 2976 et
1833 2947 1980 2975 Ecclesiae
1998 2945 2140 2972 mandatis
2155 2947 2282 2970 staturos
2298 2948 2374 2973 esse,
