2498 3242
158 298 217 329 985
1016 289 1230 328 SEPTOEME
1251 290 1412 328 ANNEE.
2210 299 2268 330 986

161 376 175 392 ι)
201 364 269 395 tulo
289 364 487 395 diffinitores
509 369 541 394 et
566 365 755 395 visitatores
779 369 960 399 mutentur,
980 363 1090 398 novis,
1117 362 1173 401 qui

161 429 178 444 ι)
199 417 361 455 religione
402 426 439 447 ac
480 417 681 448 discretione
723 418 969 457 preemineant,
1006 416 1174 447 veteribus

162 482 175 497 n
201 470 406 508 subrogatis.
427 470 473 500 ita
490 470 577 509 quod
597 471 785 501 visitatores
805 471 868 509 ipsi
892 470 930 500 de
949 480 1015 500 una
1034 469 1173 499 cit-caria

162 535 175 550 n
201 522 241 552 ad
255 522 354 552 aliam
369 527 583 553 assumantur
595 535 620 558 »‚
632 523 679 553 sic
693 523 837 561 intelligi
848 523 1000 553 volumus
1012 533 1017 551 :
1030 522 1173 560 exeeptis

160 575 314 606 videlicet
331 575 399 605 illis
416 576 597 614 provinciis
614 576 647 605 in
667 576 789 615 quihus
811 585 914 614 pauce
931 580 1008 605 sunt
1025 575 1172 610 abbatie,

160 637 244 668 quas
271 628 450 658 circatores
483 628 625 658 aliarum
651 629 898 667 provinciarum
926 637 991 658 non
1020 632 1175 666 poterunt

160 681 294 712 comode
318 679 483 716 visitar03'

203 748 216 762 ι(
241 735 280 764 Et
297 734 354 764 ubi
375 747 386 761 «
406 734 601 773 prohibetur
617 734 748 770 abbati,
772 735 932 764 canonico
948 734 999 764 vel
1015 743 1174 764 converso

163 800 176 814 »
201 787 324 817 habere
341 787 542 817 servientem
559 787 742 817 secularem
762 800 793 822 n,
813 787 1045 817 necessitatem
1067 786 1175 816 mani-

127 863 129 866 <
160 841 281 871 festam
297 844 328 870 et
347 839 534 870 evidentem
551 839 733 878 excipimus
750 850 756 875 ;
774 840 808 869 in
828 849 892 878 quo
909 848 987 869 casu
1004 849 1062 878 per
1078 839 1174 869 abba-

161 898 226 924 tem
258 894 602 924 Premonstratensem
632 892 683 923 vel
714 902 771 931 per
805 892 958 930 generale
993 892 1175 931 capitulum

159 945 374 976 concedimus
391 945 596 984 dispensari;

203 1012 215 1026 α
235 999 301 1030 L'bi
319 1008 396 1029 vero
414 1011 426 1025 α
441 998 658 1041 interdicitur
673 1002 709 1028 ut
730 998 843 1028 nullus
861 998 1026 1036 regularis
1050 998 1101 1028 vel
1122 1007 1175 1028 se-

163 1064 176 1078 »
201 1051 325 1081 cularis
355 1055 525 1089 presumat
553 1050 666 1080 domos
694 1059 845 1080 sororum
872 1051 1021 1090 ejusdem
1047 1051 1175 1081 ordinis

163 1116 176 1132 ι)
201 1104 340 1134 introire
356 1116 381 1138 »‚
400 1103 481 1133 illud
502 1103 642 1133 firmiter
654 1103 806 1133 volumus
823 1104 1004 1139 observari,
1023 1104 1089 1134 nisi
1107 1104 1176 1134 evi-

161 1158 243 1188 dens
258 1157 442 1187 necessitas
464 1157 632 1187 interdum
656 1157 746 1187 aliud
769 1157 877 1195 exigat
904 1157 954 1187 vel
979 1157 1107 1196 aliquid
1131 1158 1176 1187 fa-

161 1211 259 1241 brilis
275 1210 385 1249 operis
401 1209 602 1245 intercedam

205 1277 217 1291 «
236 1264 408 1298 Ceterum,
429 1272 503 1293 cum
524 1262 567 1292 sit
591 1275 603 1289 «
629 1262 828 1292 mulieribus
852 1263 1052 1301 generaliter
1073 1263 1178 1293 inter-

165 1327 179 1342 »
204 1315 329 1344 dictum
354 1323 393 1344 ne
415 1314 562 1352 ipsarum
586 1313 699 1352 aliqua
721 1313 919 1349 claustrum,
946 1314 1175 1349 refectorium,

166 1380 179 1395 n
204 1367 435 1398 dormitorium
457 1371 489 1396 et
511 1366 762 1396 infirmitorium
785 1367 1019 1397 canonicorum
1043 1368 1178 1398 omnino

166 1433 179 1448 »
204 1420 416 1459 permittatur
434 1419 560 1449 intrare
581 1431 608 1454 n,
629 1419 669 1448 ab
691 1419 753 1449 hoc
771 1419 990 1449 subducimus
1005 1420 1177 1450 domorum

163 1473 243 1504 dicti
269 1472 397 1503 ordinis
421 1471 643 1507 fundatrices,
672 1472 794 1511 quibus
821 1472 948 1502 intrare
975 1473 1173 1509 claustrumy

161 1526 332 1557 dumtaxat
351 1525 380 1554 si
395 1525 468 1555 sine
485 1524 641 1555 scandalo
657 1525 730 1555 fieri
748 1525 880 1563 poterit,
898 1526 1114 1562 concedatur3

203 1591 217 1606 «
231 1578 358 1617 thuia
373 1577 559 1616 periculum
572 1577 667 1617 sequi
679 1582 789 1616 posset
801 1578 829 1607 si
843 1578 979 1608 abbates
989 1579 1176 1609 residentes

160 1641 219 1671 pro
242 1636 389 1670 ternpore
415 1631 637 1670 quantitatem
657 1635 865 1669 receptorum
884 1636 915 1662 et
938 1641 1173 1671 expensarum,

160 1694 325 1716 summam
339 1693 471 1724 quoque
485 1683 671 1714 debitorum
686 1688 717 1715 et
729 1685 864 1714 nomina
875 1685 1088 1721 creditorum,
1102 1694 1175 1716 cau-

159 1747 214 1769 sas
231 1737 332 1768 etiam
348 1742 482 1776 propter
498 1746 581 1776 quas
598 1741 765 1767 contracta
783 1741 860 1768 sunt
876 1738 987 1768 debita
1001 1742 1031 1768 et
1044 1738 1080 1768 in
1093 1748 1175 1778 quas

159 1790 324 1821 utilitates
340 1799 517 1826 conversa,
535 1790 570 1819 in
588 1799 648 1820 suo
664 1790 808 1829 capitulo
830 1791 882 1821 bis
899 1791 933 1820 in
951 1800 1038 1821 anno
1059 1796 1090 1822 et
1110 1792 1176 1831 ipsi

161 1847 326 1882 exponant
343 1847 373 1873 et
390 1843 455 1872 sibi
469 1843 593 1873 saciant
610 1843 790 1882 diligenter
806 1845 936 1883 exponi,
954 1849 1049 1883 prout
1064 1845 1098 1874 in
1113 1850 1176 1876 sta·

162 1896 243 1926 tutis
257 1895 447 1926 continetur
461 1896 605 1926 eisdem:
620 1896 783 1932 volumus,
800 1897 839 1926 ad
853 1897 1036 1935 periculum
1052 1898 1176 1928 evitan-

163 1948 257 1983 dum,
290 1953 325 1978 ut
352 1949 514 1986 premissa
547 1958 656 1979 corani
685 1949 884 1979 officialibus
915 1950 1122 1981 solummodo
1147 1956 1178 1981 et

163 2001 354 2031 senioribus
370 2001 487 2031 doinus
508 2002 587 2031 fiant
602 2013 606 2036 ;

207 2066 219 2079 α
238 2053 288 2083 Ad
314 2053 386 2084 hcc.
415 2054 492 2092 quia
516 2058 645 2093 tempus
670 2055 710 2084 ad
733 2055 997 2085 uniformitatem
1016 2055 1178 2085 librorum

164 2106 289 2145 ubique
307 2107 519 2139 servandam,
541 2111 605 2136 tam
626 2107 660 2136 in
682 2112 779 2137 cantu
801 2117 899 2146 quam
922 2108 954 2137 in
977 2107 1178 2138 lectionibus

166 2164 196 2189 et
228 2159 438 2197 regularibus
472 2159 654 2195 institutis,
688 2159 830 2189 nimium
858 2160 892 2189 in
927 2161 1061 2190 statutis
1095 2161 1178 2199 ipsis

166 2212 360 2242 causabaris
381 2212 498 2247 artari,
526 2212 564 2241 de
591 2212 886 2250 circumspectione
910 2218 963 2242 tua
988 2213 1119 2251 plenam
1143 2214 1178 2243 in

167 2265 309 2295 Domino
326 2265 479 2294 fiduciam
497 2265 697 2300 obtinentes,
716 2265 909 2295 discretioni
929 2270 981 2296 tue
999 2267 1179 2296 cnnuuitti-

166 2327 240 2347 mus
264 2323 298 2347 ut
323 2318 362 2347 ad
387 2318 446 2347 hoc
472 2318 700 2356 exequendum
720 2318 880 2356 prefigere
904 2319 1011 2357 possis
1036 2323 1176 2357 tempus,

165 2375 272 2409 prout,
287 2370 506 2400 consideratis
518 2370 780 2400 circumstantiis
796 2371 931 2407 negotii.
947 2371 1069 2401 videris
1085 2382 1178 2410 cxpe—

165 2424 248 2453 dire.

208 2490 220 2503 α
241 2477 288 2506 Tu
307 2481 434 2506 antem.
454 2476 537 2505 sicut
556 2476 606 2505 vir
621 2476 785 2506 discretus
807 2481 835 2506 et
856 2477 1016 2515 prudens.
1036 2478 1082 2507 sic
1103 2487 1177 2516 prc-

164 2530 251 2560 dicta
271 2534 299 2558 et
319 2529 383 2558 alia
403 2538 466 2567 que
486 2529 692 2567 providentie
717 2534 770 2559 tue
793 2529 1036 2563 commisimus,
1057 2531 1175 2570 exequi

165 2583 299 2613 studeas
319 2583 493 2613 inott‘ense,
510 2582 607 2620 quod.
623 2582 832 2620 prudentiam
851 2587 939 2611 tnain
958 2583 1075 2613 merito
1091 2593 1175 2614 com-

165 2635 379 2666 mendantes.
407 2639 519 2664 contra
549 2639 578 2664 te
606 2635 731 2664 moveri
757 2635 874 2665 merito
903 2644 967 2665 non
996 2637 1174 2674 possimus.

166 2690 239 2719 Dat.
263 2689 434 2719 Laterani.
456 2689 532 2718 xvi
553 2687 713 2718 kalendas
731 2689 859 2718 martii.
879 2698 965 2719 anno
988 2690 1137 2728 septimo.
1161 2702 1174 2716 »

244 2893 263 2920 Ι
274 2893 359 2921 798

206 2955 455 2989 Arc-hiepiscopis,
481 2954 643 2989 episcopis.
666 2954 818 2981 abbatibus
843 2954 964 2990 aliisque
993 2957 1126 2990 praelatis
1151 2960 1179 2984 et

729 2891 840 2924 Latram
862 2892 891 2919 13
908 2893 1011 2920 sevi-ier
1032 2894 1106 2922 1234.

1259 363 1405 390 universis
1421 363 1554 390 fidelibus
1572 373 1621 398 per
1637 363 1803 391 carneotam
1814 386 1820 396 ‚
1839 364 1969 397 Isti-iam,
1988 364 2175 398 Dalmatiam,
2193 365 2269 392 Bos-

1259 420 1334 441 nam,
1351 411 1509 443 Oroatiam,
1527 412 1656 439 Sei-viam
1673 417 1702 440 et
1716 413 1786 439 alias
1803 413 1971 440 Sclaveniae
1989 418 2085 449 partes
2100 415 2268 442 constitutis

1258 460 1371 486 mandat
1391 464 1535 495 quatenus
1555 462 1677 495 priorem
1699 462 1864 488 monasterii
1886 462 1983 489 Sancti
2006 462 2216 490 Bartholomaei
2233 463 2269 490 de

1256 507 1398 540 Trisutto,
1416 508 1633 537 carthusiensis
1648 510 1768 538 ordinis.
1785 510 1831 536 cui
1852 511 1878 536 in
1898 511 2026 544 partibus
2043 511 2098 538 illis
2115 512 2269 546 legationis

1257 557 1380 583 officium
1407 561 1436 583 et.
1459 566 1555 584 curaui
1581 559 1678 585 crucis
1702 562 1802 585 contra
1824 559 1950 593 pet-lidos
1976 560 2182 594 praedicandae
2206 562 2269 596 ipse

1258 613 1329 639 papa
1345 606 1546 637 commiserat,
1564 607 1688 640 benigne
1709 607 1864 641 recipiant:
1880 609 2092 641 crucesignatis
2108 609 2207 636 eadem
2224 611 2270 637 in-

1257 653 1405 687 dulgentia
1424 663 1498 689 quae
1518 656 1545 681 in
1566 655 1671 682 Terrae
1693 656 1815 682 Sanctae
1831 657 1994 683 subsidium
2012 658 2149 684 euntibus
2164 667 2270 686 conce-

1257 702 1388 734 debatur.
1404 711 1555 730 concessa.
1569 717 1606 724 —
1620 704 1703 738 (Rae.
1724 705 1766 736 17,
1784 705 1801 731 s.
1824 704 1869 731 ¹47
1888 711 1932 735 νος
1948 714 2014 732 ann.
2031 706 2096 737 Vll,
2114 715 2140 733 c.
2153 707 2218 738 542;
2238 722 2270 728 —

1261 750 1406 778 PoTTaasr
1421 752 1507 784 9402;
1524 766 1560 772 —
1574 752 1744 780 Rouesnssnu
1761 753 1832 783 574.)

1300 872 1313 886 «
1326 861 1346 889 A
1354 861 1569 898 rchicpiscopis
1580 866 1605 890 et
1617 862 1771 898 episcopis,
1785 862 1942 891 abbatibus
1953 868 1978 892 el
1989 864 2063 892 aliis
2073 865 2271 893 ecclesiarum

1257 913 1384 950 prelatis
1406 921 1442 942 ac
1464 914 1620 943 universis
1643 914 1759 943 Christi
1779 915 1919 952 fidelibus
1936 925 1992 954 per
2012 916 2207 952 Car-neotum,
2225 919 2272 947 Is-

1259 967 1370 1001 triam‚
1389 967 1596 1002 Dalmatiam,
1616 968 1763 1002 Bosaam,
1785 968 1967 1004 Cruaciam,
1986 970 2125 999 Serviani
2146 977 2172 1000 et
2191 972 2272 1001 alias

1256 1024 1358 1056 partes
1384 1020 1544 1049 Sclavorzie
1566 1021 1751 1049 constitutis.
1779 1021 1934 1051 Miserias
1961 1026 1993 1051 ct
2017 1032 2195 1061 erumpnas
2220 1041 2267 1052 —.

1259 1071 1331 1100 Dat.
1352 1071 1518 1105 Laterani,
1535 1071 1647 1102 idibus
1663 1072 1838 1109 februarii,
1857 1082 1944 1104 anno
1962 1075 2113 1113 septimo.
2137 1088 2149 1103 ι)

1334 1271 1354 1298 Ι
1363 1270 1448 1299 ’799

1298 1332 1402 1359 Abbati
1424 1337 1452 1359 et
1469 1334 1625 1360 conventui
1645 1333 1984 1361 Praemonstratensibus
2001 1335 2145 1369 significat.
2162 1345 2194 1362 se
2210 1345 2274 1363 om-

1261 1381 1346 1407 nibus
1361 1381 1410 1415 qui
1426 1381 1460 1408 ad
1476 1390 1576 1408 eorum
1593 1382 1746 1409 ecclesiam
1765 1383 1838 1409 beati
1855 1382 1998 1410 Jotiannis
2015 1383 2162 1418 Baptistae
2180 1386 2205 1412 in
2220 1394 2274 1412 au-

1821 1271 1932 1303 Latran,
1955 1273 1984 1299 15
2001 1273 2104 1300 sevi-iei-
2123 1274 2199 1301 1234.

1261 1432 1430 1464 nivei-sario,
1443 1432 1516 1458 infra
1527 1438 1644 1459 octavas
1661 1433 1852 1460 dedicationis
1868 1434 1972 1468 ipsius,
1989 1435 2073 1461 annis
2089 1436 2214 1470 singulis
2224 1444 2274 1463 ac-

1259 1480 1420 1512 cesserint,
1455 1480 1644 1516 quadraginta
1677 1481 1741 1508 dies
1774 1482 1809 1508 de
1842 1482 1973 1516 injuncta
2006 1484 2060 1510 sibi
2096 1485 2272 1518 paenitentia

1258 1529 1399 1555 relaxare.
1415 1543 1450 1549 —
1464 1528 1549 1562 (Rau.
1570 1530 1616 1562 17,
1634 1530 1652 1556 f.
1674 1530 1777 1562 1481·0;
1795 1539 1861 1558 ann.
1880 1530 1946 1563 V11,
1963 1540 1988 1558 c.
2007 1532 2078 1566 543)

1301 1648 1313 1663 ι(
1334 1659 1354 1665 ..
1371 1637 1473 1666 abbaci
1490 1643 1515 1666 et
1539 1639 1704 1667 conventui
1726 1639 2068 1669 Premonstralensibus.
2093 1641 2137 1671 Ut
2156 1641 2272 1672 fideles

1257 1688 1385 1719 Christi
1407 1707 1456 1718 —.
1483 1690 1557 1720 Dat.
1582 1691 1758 1726 Laterani,
1780 1691 1842 1721 XV
1856 1691 2016 1723 kalendas
2032 1693 2161 1727 martii.
2183 1702 2271 1724 anno

1257 1742 1407 1781 septimo.
1429 1754 1442 1770 n

1335 1941 1354 1967 1
1363 1940 1453 1969 800

1298 2001 1402 2027 Abbati
1434 2005 1463 2028 et
1495 2003 1652 2029 conventui
1682 2004 1850 2030 monasterii
1882 2005 1917 2031 de
1950 2005 2188 2040 Pau-constanlee,
2214 2007 2271 2035 Co-

1260 2051 1425 2076 ventrensis
1445 2050 1601 2082 dioecesis,
1623 2052 1757 2078 concedit
1778 2052 1951 2085 facultatem,
1973 2062 2037 2081 cum
2058 2055 2187 2089 ipsorum
2211 2066 2273 2084 mo—

1261 2098 1379 2125 nasterii
1396 2099 1545 2125 facultates
1560 2100 1631 2126 adeo
1648 2104 1747 2127 essent
1764 2105 1878 2133 tenues,
1894 2103 1969 2136 quod
1986 2112 2020 2130 ex
2038 2113 2135 2131 earum
2153 2105 2271 2132 redditi-

1262 2147 1316 2173 bus
1342 2147 1387 2172 vix
1420 2151 1519 2182 posset
1549 2149 1677 2182 ipsorum
1710 2150 1934 2177 necessitatibus
1964 2153 2130 2180 subveniri.
2158 2154 2271 2181 tructus

1260 2194 1402 2221 ecclesiae
1426 2195 1460 2221 de
1485 2195 1692 2223 Chen-cliealum
1716 2199 1760 2231 (Ξ
1783 2197 2057 2233 Cliu1·ch-Hulme?).
2086 2201 2113 2227 in
2143 2211 2198 2237 qua
2220 2204 2271 2237 Jus

1260 2243 1390 2269 obtinere
1408 2244 1602 2271 noscebantur
1619 2249 1798 2280 patronatus»,
1815 2247 1843 2273 in
1861 2256 1932 2274 usus
1948 2249 2095 2283 proprios,
2114 2254 2269 2286 postquam

1260 2299 1362 2318 vacare
1384 2292 1550 2327 contigerit,
1568 2293 1721 2321 retinendi.
1741 2311 1770 2315 -
1788 2295 1871 2330 (Rae.
1894 2297 1934 2329 17,
1951 2298 1970 2324 s.
1991 2298 2039 2325 ¹48
2058 2304 2096 2331 10;
2116 2308 2183 2326 ann.
2203 2299 2270 2331 VII,

1260 2349 1285 2367 c.
1305 2341 1380 2373 541.)

1836 1942 1950 1976 Latran,
1969 1945 1983 1970 4
2000 1944 2104 1972 sevricr
2120 1945 2197 1972 1-234.

1302 2455 1314 2469 «
1349 2466 1368 2471 ..
1397 2444 1499 2473 abbati
1525 2449 1551 2473 et
1572 2447 1737 2475 conventui
1764 2449 1945 2477 monasterii
1971 2449 2004 2477 (ie
2027 2450 2269 2486 Par-constanza,

1259 2496 1551 2526 Premonslratensis
1574 2498 1710 2534 ordinis,
1736 2500 1946 2530 Conona-ensis
1968 2502 2103 2532 diocesis.
2124 2503 2272 2541 Religio-

1259 2557 1372 2578 sorum
1397 2550 1481 2580 votis
1506 2541 1649 2581 libentei·
1674 2569 1722 2580 —-.
1747 2553 1820 2582 Dat.
1844 2554 2014 2589 Laterani,
2043 2557 2073 2586 II
2097 2565 2200 2587 nouas
2221 2558 2271 2587 se-

1259 2601 1399 2637 bruarii,
1417 2611 1504 2633 anno
1520 2604 1671 2641 septimo.
1692 2617 1705 2630 υ

1337 2800 1450 2829 1801

1299 2861 1410 2896 Regem
1431 2862 1565 2890 [Manciae
1582 2865 1711 2891 hortatur
1728 2870 1754 2891 ut
1775 2873 1841 2892 cuni
1862 2875 1929 2900 rege
1952 2868 2073 2901 Angliae
2089 2870 2270 2897 concordiam

1262 2911 1417 2938 reformare
1440 2917 1571 2946 procuret
1597 2918 1624 2939 et
1645 2917 1783 2947 treuguas
1808 2922 1900 2949 usque
1920 2916 1953 2941 ad
1980 2916 2134 2944 triennium
2156 2919 2269 2945 studeat

1265 2966 1428 2994 prorogare.
1447 2975 1479 2979 —
1497 2960 1578 2994 (ltro.
1600 2962 1639 2993 17,
1663 2962 1680 2987 t.
1706 2962 1754 2989 148
1778 2968 1822 2993 v⁰;
1847 2971 1913 2989 aun.
1934 2963 1998 2992 VII,
2023 2973 2048 2990 c.
2074 2965 2139 2993 5452
2159 2981 2191 2986 —
2210 2967 2272 2995 Mo-

1822 2803 1932 2836 Lau-an,
1955 2805 1982 2831 Ιῗ
2000 2805 2104 2833 sevi-ier
2122 2807 2198 2835 1‘234.
