2498 3242
194 281 270 313 1125
1049 269 1266 308 HUITIEME
1288 270 1448 307 ANNEE.
2232 279 2304 309 1126

193 348 270 384 quis.
283 348 392 383 absque
409 348 523 374 abbatis
539 351 567 374 et
582 349 700 382 majoris
716 348 804 383 partis
820 346 936 382 capituli
954 346 999 372 sui
1017 343 1142 375 licentia,
1159 350 1209 378 pro

195 396 292 432 aliquo
309 395 466 430 fidejubeat
483 397 527 423 vel
545 397 579 423 ab
595 397 690 431 aliquo
707 400 807 423 mutuo
826 395 976 431 pecuniam
999 393 1117 428 recipiat
1138 393 1210 418 ultra

196 453 340 472 summam
371 446 518 472 communi
552 445 733 480 providentia
763 446 961 472 constitutam.
989 457 1025 464 —
1052 442 1136 476 (Rae.
1168 441 1209 474 17,

196 494 215 521 f.
232 493 284 520 206
301 500 343 524 r⁰;
361 502 427 520 ann.
446 493 531 525 VIII,
548 502 573 520 c.
590 493 658 525 ῗ16ς
674 493 843 520 -Μοιιεᾼυ
864 492 940 526 1189,
958 492 976 519 f.
997 491 1067 523 147.)

240 607 253 621 «
275 617 294 623 ..
312 595 446 632 episcopo
465 595 612 624 Trecensi.
633 594 909 632 Significantibus
923 593 1054 623 dilectis
1068 591 1147 622 filiis
1161 608 1210 620 ——.

198 648 273 677 Dat.
303 646 443 685 Spoleti,
469 647 535 677 XII
563 647 723 677 kalendas
751 647 969 685 septembris,
999 645 1212 685 pontificatus

200 700 303 731 nostri
322 708 409 729 anno
427 703 552 730 octavo.
573 712 585 726 >1

271 870 390 900 2082

235 932 334 960 Eiecto
357 937 385 959 et
410 933 574 967 praeposito
598 932 900 967 Magdeburgensibus
922 933 1036 959 mandat
1057 937 1212 967 quatenus,

199 996 233 1002 —
250 990 316 1008 cum
334 982 422 1008 multa
440 981 475 1008 de
493 981 576 1008 bonis
593 980 866 1016 Brandeburgensis
886 982 1027 1008 ecclesiae
1050 990 1099 1016 per
1122 980 1213 1008 Bran-

200 1030 414 1065 deburgensem
431 1031 601 1065 episcopum
617 1031 742 1064 obligata
758 1035 858 1057 essent
874 1039 924 1065 pro
939 1034 1017 1057 certa
1033 1038 1146 1056 summa
1164 1039 1210 1065 pe-

201 1077 321 1111 cuniae,
346 1082 373 1104 et
395 1078 536 1112 quaedam
562 1078 678 1105 vendita
698 1079 741 1105 vel
759 1078 912 1111 distracta,
936 1082 964 1105 et
987 1079 1014 1105 in
1039 1078 1214 1113 quibusdam

200 1126 307 1153 talibus
327 1127 535 1159 contractibus,
557 1127 634 1154 dicto
659 1128 798 1162 episcopo
821 1130 1006 1162 procurante,
1030 1127 1148 1162 capituli
1168 1127 1215 1154 sui

201 1183 365 1202 consensus
377 1176 563 1207 accessisset,
577 1177 603 1202 iu
621 1183 768 1202 enormem
780 1176 873 1210 ipsius
889 1177 1030 1202 ecclesiae
1046 1176 1214 1208 laesionem,

203 1239 236 1244 —
255 1229 361 1259 cogant
381 1225 444 1251 illos
465 1225 572 1259 quibus
597 1224 691 1259 aliqua
715 1224 779 1250 sine
804 1232 950 1252 consensu
975 1225 1092 1259 capituli
1117 1228 1217 1252 essent

204 1281 363 1305 concessa,
382 1278 428 1305 ut,
446 1274 591 1300 fructibus
606 1275 782 1308 computatis
798 1274 826 1300 in
843 1278 966 1306 sortem,
983 1274 1008 1301 si
1028 1274 1095 1308 quid
1118 1274 1218 1301 deerat

205 1322 276 1349 sorti
293 1326 423 1357 recepte,
447 1322 519 1349 alios
535 1330 603 1348 vero
626 1323 653 1349 in
677 1330 799 1357 quorum
823 1324 981 1358 emptione,
1004 1323 1129 1358 capitulo
1152 1323 1218 1350 licet

204 1372 393 1403 assentiente,
406 1371 679 1406 Brandeburgensis
691 1371 815 1398 ecclesia
827 1373 984 1398 enormiter
998 1372 1075 1398 laesa
1087 1375 1157 1402 erat,
1176 1375 1217 1404 ut,

206 1423 322 1455 recepta
338 1419 462 1455 pecunia
479 1428 529 1454 pro
542 1420 689 1454 emptione
708 1420 818 1453 soluta,
836 1420 935 1446 eadem
959 1420 1032 1446 bona
1055 1420 1218 1454 praedictae

205 1469 348 1496 ecclesiae
362 1469 526 1496 restituant.
544 1484 577 1488 —
593 1468 677 1502 (Res.
698 1469 739 1501 17,
756 1468 774 1495 s.
791 1468 843 1496 ‘206
861 1476 903 1500 νος
921 1477 988 1495 anu.
1009 1468 1086 1501 VIII,
1102 1477 1126 1495 c.
1144 1469 1219 1502 217.)

682 870 808 906 Spolete.
828 872 864 898 1⁴³r
879 871 1044 906 septembre
1062 870 1139 897 1234.

247 1583 260 1598 a
281 1594 298 1600 ..
318 1572 406 1601 electo
424 1576 451 1600 et
468 1594 486 1600 ..
507 1572 659 1609 preposito
674 1571 990 1609 itiaqdeburyensibus.
1012 1571 1096 1601 Cum
1114 1571 1220 1602 eccle-

205 1623 332 1654 siarum
348 1624 501 1663 dampnis
520 1642 569 1653 —.
586 1625 661 1654 Dat.
680 1623 816 1662 Spoleti,
835 1624 989 1654 kalendis
1007 1624 1217 1663 septembris,

204 1677 418 1716 pontificatus
434 1677 540 1707 nostri
555 1686 642 1707 anno
658 1681 784 1707 octavo.
804 1689 817 1703 »

278 1848 396 1877 2083

245 1910 420 1937 Ductoribus
439 1914 468 1937 et
483 1911 666 1937 scholaribus
683 1910 900 1938 Parisiensibus
917 1913 1030 1938 nuntiat
1046 1921 1078 1939 se
1094 1912 1222 1939 edidisse

206 1960 341 1986 volumen
361 1958 566 1991 Decretalium‚
583 1968 599 1985 a
617 1959 702 1985 fratre
719 1959 891 1995 Raymundo
911 1961 955 1994 [de
975 1960 1154 1996 Pennaforte]
1174 1970 1222 1988 re-

205 2008 322 2035 dactum
334 2030 340 2042 ,
369 2013 397 2034 et
425 2008 565 2043 praecipit
593 2013 623 2034 ut
649 2008 702 2034 hac
725 2012 836 2035 tantum
863 2009 1066 2044 compilatione
1093 2010 1222 2037 universi

206 2062 324 2085 utantur
336 2058 362 2084 in
376 2057 494 2092 judiciis
506 2061 534 2083 et
546 2058 573 2083 in
587 2057 706 2084 scholis.
720 2072 752 2076 —
763 2058 845 2090 (Rea.
859 2059 901 2090 17,
914 2058 932 2084 f.
943 2058 994 2086 20ss
1005 2064 1048 2090 vo,
1061 2068 1128 2086 aun.
1140 2059 1221 2092 VIII,

207 2115 233 2134 c.
250 2107 316 2138 2183
333 2120 370 2127 —
383 2106 504 2133 Monam
524 2106 600 2138 1189,
618 2106 636 2132 f.
657 2105 720 2137 154;
736 2120 773 2126 —
789 2106 936 2133 porrum
952 2107 1084 2138 9693;-
1101 2108 1222 2135 Duxit-ts

208 2159 237 2182 et
259 2154 432 2187 Cffi'rsmm,
457 2155 672 2182 Chartularz'um
699 2155 892 2181 Isnz'versitatt's
915 2157 1126 2188 Parz'siensis...,
1152 2161 1172 2184 t.
1200 2156 1221 2189 1,

209 2212 237 2239 p.
256 2203 317 2235 154,
336 2209 366 2229 n⁰
384 2203 454 2235 104.)

720 1848 847 1883 Spolete,
860 1849 874 1876 5
890 1850 1056 1884 septembre
1073 1850 1148 1877 t234.

252 2318 265 2332 α
292 2306 414 2335 Dilectis
431 2305 508 2342 filiis
526 2305 697 2334 doctoribus
717 2310 743 2334 et
764 2306 933 2335 scolaribus
959 2307 1114 2338 universis
1131 2308 1224 2336 Pari-

209 2360 275 2389 sius
287 2359 560 2388 commorantibus.
579 2359 647 2388 Rex
670 2358 828 2396 pacificus
845 2358 899 2396 pia
919 2359 1135 2390 miseratione
1155 2360 1224 2391 dis-

210 2412 322 2452 posuit
336 2412 401 2442 sihi
418 2411 569 2442 subditos
583 2412 653 2441 fore
669 2411 983 2450 pudicos,pacificos
1000 2417 1031 2442 et
1045 2413 1222 2445 modestos.

211 2465 270 2496 sed
286 2465 447 2496 effrenata
471 2464 647 2503 cupiditas,
666 2464 718 2494 sui
735 2464 882 2502 prodiga,
900 2465 991 2503 pacis
1008 2465 1134 2502 emula,
1158 2475 1225 2496 ma-

212 2523 263 2549 ter
283 2517 410 2554 litium,
433 2518 575 2548 materia
593 2517 793 2557 jurgiorum,
814 2521 860 2548 tot
875 2518 995 2549 cotidie
1017 2528 1102 2549 nova
1117 2519 1226 2558 litigia

213 2575 350 2610 generat
367 2575 412 2607 ut,
432 2571 499 2601 nisi
510 2570 644 2610 justitia
659 2574 796 2601 conatus
813 2571 884 2609 ejus
901 2580 961 2601 sua
979 2571 1101 2603 virtute
1119 2573 1226 2611 repri-

213 2628 318 2655 meret
344 2629 376 2654 et
399 2623 593 2663 questiones
615 2623 722 2662 ipsius
743 2623 923 2662 implicitas
949 2623 1146 2663 explicaret.
1170 2626 1225 2665 jus

213 2677 354 2708 humani
379 2677 503 2707 federis
532 2676 739 2714 litigatorum
767 2676 891 2707 abusus
921 2677 1147 2715 extingueret,
1177 2683 1224 2716 et,

213 2730 289 2761 dato
308 2730 422 2761 libello
447 2729 595 2768 repudii,
619 2729 794 2760 concordia
817 2734 907 2760 extra
929 2731 1045 2760 mundi
1066 2732 1226 2763 terminos

214 2783 374 2814 exularet.
392 2783 536 2822 Ideoque
554 2782 606 2813 lex
619 2782 771 2821 proditur
787 2787 821 2812 ut
839 2783 1004 2821 appetitus
1023 2784 1140 2815 noxius
1165 2785 1226 2815 sub

211 2836 298 2876 juris
316 2835 429 2874 regula
448 2836 631 2870 limitetur,
652 2844 709 2874 per
726 2845 824 2874 quam
843 2845 947 2873 genus
967 2836 1168 2873 humanum,
1191 2843 1227 2869 ut

214 2889 354 2921 honeste
370 2890 474 2925 vivat,
501 2889 669 2927 alter[um]
694 2898 759 2919 non
783 2888 885 2925 ledat,
905 2890 961 2930 jus
986 2899 1083 2920 suum
1106 2891 1226 2931 cuique

215 2943 350 2979 tribuat,
377 2942 589 2973 informatur.
623 2942 710 2973 Sane
738 2942 887 2973 diversas
915 2944 1170 2975 constitutiones
1196 2949 1227 2976 et

1292 342 1474 373 decretales
1499 343 1656 382 epistolas
1678 343 1948 382 predecessorum
1976 347 2164 374 nostrorum
2192 345 2226 374 in
2254 345 2305 374 di-

1292 404 1388 425 versa
1420 395 1588 435 dispersas
1627 396 1812 432 volumina,
1845 405 1985 435 quarum
2025 396 2136 436 alique
2174 402 2305 437 propter

1293 449 1432 479 nimiam
1458 449 1730 485 similitudinem,
1755 454 1785 479 et
1809 450 1949 488 quedam
1973 455 2104 489 propter
2122 452 2306 482 contrarie-

1294 505 1404 537 tatem,
1431 502 1590 532 nonnulle
1614 503 1713 532 etiam
1739 506 1871 540 propter
1894 502 1946 531 sui
1970 502 2202 541 prolixitatem,
2227 513 2305 534 con-

1295 554 1461 585 fusionem
1478 555 1635 585 inducere
1653 555 1862 590 videbantur,
1880 555 1990 594 alique
2009 566 2084 586 vero
2101 557 2306 594 vagabantur

1295 611 1385 637 extra
1423 607 1593 638 volumina
1630 607 1844 646 supradict-a,
1883 617 1946 646 que
1985 613 2143 647 tanquam
2180 610 2306 640 incerte

1294 659 1487 698 frequenter
1511 661 1546 689 in
1571 661 1709 700 judiciis
1734 660 1948 695 vacillabant,
1977 661 2017 690 ad
2042 671 2251 692 communem
2276 667 2308 693 et

1295 713 1437 743 maxime
1467 713 1672 743 studentium
1707 713 1886 743 utilitatem
1920 722 1976 751 per
2007 713 2163 743 dilectum
2202 714 2309 744 lilium

1295 767 1432 797 fratrem
1460 767 1715 806 Raymundurn,
1743 766 1951 805 capellanum
1978 771 2007 796 et
2034 767 2307 805 penitentiarium

1296 824 1463 855 nostrum,
1483 821 1517 849 in
1535 829 1638 850 unum
1655 819 1828 853 volumen,
1846 819 2003 850 resecatis
2021 820 2214 858 superfluis,
2234 830 2309 858 pro-

1295 875 1441 905 vidimus
1460 875 1675 913 redigendas,
1701 874 1883 905 adicientes
1905 875 2161 905 constitutiones
2179 880 2309 906 nostras

1297 933 1328 959 ct
1360 928 1542 958 decretales
1571 927 1743 967 epistolas,
1774 937 1832 966 per
1868 936 1950 966 quas
1986 928 2146 958 nonnulla
2182 938 2246 967 que
2276 929 2311 958 in

1296 981 1464 1020 prioribus
1485 985 1579 1011 erant
1598 981 1715 1016 dubia,
1735 980 1956 1010 declarantur.
1977 980 2134 1011 Volentes
2155 981 2258 1019 igitur
2277 986 2312 1012 ut

1297 1034 1359 1064 hac
1380 1039 1508 1064 tantum
1530 1034 1764 1073 compilatione
1785 1033 1935 1064 universi
1956 1038 2092 1063 utantur
2119 1034 2153 1063 in
2173 1034 2311 1073 judiciis

1298 1087 1380 1117 etin
1403 1087 1517 1122 scolis,
1543 1087 1728 1117 districtius
1749 1086 1964 1125 prohibemus
1986 1095 2026 1117 ne
2045 1087 2120 1125 quis
2142 1091 2312 1125 presumat

1299 1140 1398 1170 aliam
1422 1140 1531 1170 facere
1551 1140 1675 1179 absque
1699 1139 1895 1169 auctoritate
1917 1139 2011 1170 Sedis
2032 1140 2220 1178 Apostolice
2238 1148 2313 1178 spe-

1299 1193 1387 1222 ciali.
1407 1194 1480 1223 Dat.
1503 1192 1643 1231 Spoleti,
1665 1192 1762 1222 nonis
1777 1192 1986 1230 septembris,
2005 1192 2218 1231 pontificatus
2234 1201 2312 1223 nos-

1300 1246 1342 1276 tri
1361 1255 1448 1276 anno
1467 1250 1593 1276 octavo.
1613 1258 1626 1273 »

1336 1370 1441 1394 2084.
1458 1380 1495 1387 —
1510 1365 1540 1391 In
1559 1365 1684 1392 eundem
1698 1364 1812 1392 modum
1831 1366 1972 1400 scriptum
1990 1369 2036 1392 cst
2048 1366 2178 1399 pluribus
2193 1367 2269 1392 aliis.

1375 1540 1492 1569 2085

1340 1603 1497 1629 Parisiensi
1529 1602 1668 1637 episcopo
1702 1601 1817 1627 mandat
1843 1605 1987 1635 quatenus
2017 1601 2157 1627 beneficia
2187 1601 2317 1635 magistri

1305 1652 1394 1684 Petri,
1411 1651 1519 1680 clerici.
1539 1652 1653 1686 nepotis
1672 1650 1846 1685 R[aynaldi].
1861 1649 2031 1676 Portueusis
2048 1650 2142 1683 electi,
2160 1658 2225 1677 cum
2243 1651 2318 1676 viam

1304 1706 1384 1728 esset
1401 1702 1554 1727 universae
1571 1700 1667 1726 carnis
1682 1699 1846 1733 ingressus,
1866 1699 1948 1725 faciat
1965 1707 2016 1733 per
2031 1699 2219 1725 ecclesiarum
2238 1706 2319 1733 prae-

1305 1750 1376 1776 latos
1393 1759 1407 1776 a
1424 1749 1531 1784 quibus
1547 1749 1622 1775 idem
1640 1749 1765 1775 clericus
1783 1748 1827 1774 illa
1847 1748 1987 1774 beneficia
2004 1747 2168 1779 obtinebat,
2187 1748 2320 1781 personis

1304 1798 1417 1826 idoneis
1429 1803 1457 1824 et
1472 1798 1600 1824 residere
1616 1798 1722 1832 paratis
1737 1796 1877 1828 conferri;
1891 1796 1964 1822 idem
1983 1796 2097 1822 mandat
2112 1804 2164 1831 pro
2179 1795 2319 1822 beneficio

1304 1848 1382 1883 quod
1399 1847 1565 1883 praedictus
1583 1846 1687 1873 Petrus
1703 1846 1737 1872 ab
1754 1846 1817 1880 ipso
1836 1845 1992 1872 Parisiensi
2008 1846 2145 1880 episcopo
2159 1845 2317 1871 obtinebat.

1304 1911 1338 1917 -
1360 1896 1442 1930 <Re-⁶.
1470 1897 1516 1928 17,
1538 1896 1558 1922 f.
1581 1895 1633 1922 ‘206
1655 1901 1699 1926 v⁰;
1721 1902 1788 1921 ann.
1810 1892 1897 1925 VIll,
1917 1901 1942 1919 c.
1960 1893 2026 1924 ‘219;
2044 1908 2077 1912 —
2099 1893 2216 1920 itonam
2242 1892 2318 1924 1189,

1304 1945 1323 1972 f.
1344 1945 1415 1977 157.)

1787 1538 1917 1572 Foligno,
1939 1539 1963 1564 11
1983 1538 2148 1572 septembre
2169 1538 2243 1565 1934.

1347 2060 1359 2072 «
1381 2070 1400 2076 ..
1418 2047 1589 2076 Parisicnsi
1604 2047 1749 2083 episcopo.
1767 2044 1850 2074 Cum
1870 2043 2028 2081 magister
2044 2044 2162 2073 Petrus
2176 2059 2223 2070 ——.
2244 2043 2318 2071 Dat.

1305 2099 1515 2138 Fuligin[ei].
1543 2100 1593 2129 ΙΙΙ
1623 2098 1699 2128 idus
1726 2096 1941 2136 septembris,
1973 2096 2185 2134 pontificatus
2214 2094 2319 2124 nostri

1305 2162 1393 2183 anno
1411 2157 1536 2183 octavo.
1558 2164 1569 2178 »

1341 2276 1445 2300 2086.
1461 2287 1491 2291 —
1510 2272 1539 2298 In
1553 2271 1676 2298 eundem
1692 2270 1808 2297 modum
1827 2270 1966 2304 scriptum
1982 2272 2026 2295 est
2041 2289 2058 2295 ..
2074 2270 2192 2301 episcopo
2208 2270 2231 2292 et
2247 2268 2322 2299 capi-

1307 2323 1364 2348 tulo
1380 2310 1607 2353 Garrzoiensibus,
1628 2321 1667 2354 [ut
1684 2318 1954 2352 beneficium'quod
1977 2317 2012 2343 ab
2035 2316 2107 2351 ipsis
2122 2316 2197 2342 idem
2218 2315 2321 2342 l'etrus

1307 2371 1469 2402 obtinebat,
1492 2377 1633 2405 personae
1654 2368 1773 2395 idoneae
1793 2367 1953 2399 conferant,
1974 2374 2048 2401 quae
2065 2365 2094 2391 in
2110 2365 2235 2391 ecclesia
2253 2364 2321 2390 velit

1307 2423 1336 2446 et
1355 2419 1447 2446 valeat
1463 2418 1614 2452 residerel.

1379 2594 1495 2624 208⁵?
1936 2589 2020 2620 Rieu,
2043 2589 2071 2615 14
2086 2587 2149 2623 Juiu
2169 2586 2246 2614 1234.

1344 2655 1576 2691 Compostellano
1591 2654 1809 2689 archiepiscopo
1827 2652 1941 2679 mandat
1955 2655 2114 2686 quatenus,
2129 2650 2212 2683 Juxta
2229 2655 2321 2682 gene-

1308 2706 1396 2733 ralem
1412 2705 1531 2732 aliarum
1549 2704 1705 2739 Hispaniae
1723 2702 1911 2729 ecclesiarum
1929 2698 2183 2729 consuetudinem,
2200 2696 2322 2723 divisio·

1310 2762 1373 2781 nem
1392 2758 1583 2789 proventuum
1601 2751 1796 2787 Egitaniensis
1807 2750 1959 2780 ecclesiae,
1973 2763 2006 2768 —
2019 2756 2063 2778 nc,
2077 2746 2230 2773 occasione
2247 2744 2320 2771 mul-

1309 2807 1401 2830 tarum
1418 2807 1446 2829 et
1462 2810 1629 2835 magnarum
1646 2808 1839 2835 expensarum
1850 2821 1856 2832 ,
1874 2806 1946 2832 quas
1962 2797 2084 2823 electum
2104 2794 2319 2829 Egitaniensem

1310 2861 1360 2887 pro
1373 2851 1532 2887 populanda
1543 2850 1671 2877 dioecesi
1683 2853 1711 2875 ct
1722 2850 1747 2883 ej
1754 2857 1787 2875 us
1800 2847 1971 2874 defensioue
1983 2850 2082 2872 contra
2095 2844 2320 2869 Sarracenorum

1309 2900 1447 2931 insultus,
1469 2904 1497 2926 et
1513 2899 1577 2925 aliis
1593 2905 1705 2932 magnis
1721 2902 1749 2923 ct
1765 2896 1889 2922 diversis
1907 2894 2032 2929 negotiis
2048 2892 2199 2928 oportebat
2215 2891 2320 2922 tacere,

1310 2949 1423 2984 aliquod
1442 2948 1607 2975 scandalum
1625 2946 1805 2980 contingeret
1827 2943 1970 2975 suboriri,
1993 2957 2026 2963 —
2048 2943 2122 2969 iuter
2144 2939 2323 2976 praedictum
