2498 3242
159 285 218 316 909
1018 275 1232 314 SEPTIEME
1254 276 1414 314 ANNEE.
2212 287 2270 317 910

160 361 241 382 num
267 355 345 386 etc.,
375 359 481 390 usque
504 360 509 379 :
532 350 732 380 omnimodis
754 350 942 388 profutura,
965 349 1054 379 salva
1079 349 1174 380 Sedis

159 397 347 444 Apostolice
366 404 573 434 auctoritate.
594 403 643 433 Ad
662 403 824 433 indicium
847 407 958 433 autem
979 403 1079 441 hujus
1100 412 1174 441 pcr-

159 462 251 496 cepte
266 457 306 487 ab
322 456 511 495 Apostolica
529 456 612 487 Sede
628 456 843 494 protectionis
861 461 891 486 et
909 456 1085 491 libertatis,
1105 456 1174 486 ski-

159 511 265 540 satum
283 518 388 539 unum
408 509 504 538 nobis
524 508 713 547 nostrisque
731 508 904 538 catholicis
923 509 1173 538 successoribus

159 563 258 594 annis
270 562 413 601 singulis
425 561 632 600 persolvetis.
649 562 683 592 si
698 571 762 600 qua
774 562 876 599 igitur
888 562 921 591 in
934 562 1084 592 futurum
1097 566 1171 596 ctc.‚

159 625 265 655 usque
283 625 290 645 :
314 615 424 646 aliena
443 616 510 645 fiat.
537 615 674 645 Cunctis
697 619 807 644 autem
829 619 908 650 etc.,
932 624 1060 654 1151111οῑ
1079 615 1173 644 inve-

160 669 264 699 niant.
281 670 397 699 Amen.
416 669 489 698 Dat.
508 667 675 701 Laterani,
695 676 752 706 per
771 677 905 697 manum
922 668 1073 705 magistri
1091 668 1173 697 Bar-

160 721 360 762 th[olomei]‚
393 721 512 751 Sancte
540 721 688 751 Romane
717 720 863 751 Ecclesie
893 720 1170 755 vicecancellarii,

159 776 206 806 XI
222 774 382 805 kalendas
396 773 560 813 januarii,
579 773 762 804 indictione
778 775 868 812 vm]
885 775 906 809 ¹,
925 773 1171 804 Incarnationis

159 828 332 859 Dominice
348 836 435 857 anno
450 827 737 861 M⁰CC⁰XXXIII⁰,
755 827 967 865 pontificatus
981 836 1057 856 vero
1069 826 1171 856 donni

158 881 312 919 Gregorii
327 890 407 919 pape
423 881 523 910 VIIII
537 888 624 910 anno
640 880 792 918 septimo.
813 892 826 906 ›>

234 1068 252 1095 1
263 1068 351 1096 655

195 1129 326 1165 Capitulo
353 1129 570 1156 Constantiensi
593 1129 736 1163 signifieat
756 1137 788 1154 se
812 1130 987 1155 creationem
1012 1129 1113 1155 factam
1136 1128 1171 1155 de

672 1066 784 1098 Lati-an,
804 1066 835 1093 16
851 1066 1004 1092 decembre
1022 1066 1099 1093 1233.

159 1179 322 1214 praebenda
340 1187 412 1205 nova
429 1179 455 1205 in
473 1179 601 1213 ipsorum
615 1177 748 1210 ecelesia,
761 1186 775 1203 a
788 1176 1002 1203 Constantiensi
1022 1178 1170 1212 epis00p0,

157 1229 208 1262 qui
224 1226 317 1254 eidem
335 1227 495 1259 ecclesiae,
522 1228 609 1261 cnjus
626 1226 805 1261 praebendae
824 1234 930 1260 paucae
955 1230 1050 1257 erant,
1077 1226 1173 1252 eccle-

159 1278 231 1303 siam
249 1276 347 1302 Sancti
367 1275 500 1302 Florentii
517 1275 553 1302 de
572 1264 747 1307 Bet-narina,
765 1274 792 1301 in
813 1274 1028 1301 Constantiensi
1044 1275 1171 1302 dioecesi

159 1326 255 1357 sitam,
272 1329 460 1355 annexuerat‚
479 1324 665 1355 confirmare,
684 1324 859 1358 competenti
877 1323 1007 1358 portione
1023 1324 1058 1350 de
1079 1324 1172 1359 ipsius

160 1374 349 1409 proventibus
361 1378 500 1408 perpetuo
514 1374 620 1399 vicario
631 1373 680 1407 qui
697 1381 748 1407 pro
764 1375 895 1407 tempore
912 1373 998 1399 fuerit
1014 1373 1040 1399 in
1059 1374 1170 1407 eadem,

159 1427 188 1449 et
205 1422 288 1449 tertia
303 1422 390 1457 garba
413 1421 606 1454 decimarum,
624 1422 658 1448 ab
674 1421 777 1448 abbate
797 1425 825 1448 et
844 1425 988 1448 conventu
1005 1421 1040 1448 de
1057 1422 1172 1449 Monte-

159 1472 243 1506 burgi
259 1471 293 1498 ab
308 1472 442 1506 antiquo,
460 1471 575 1498 nomine
591 1470 755 1506 pensionis,
778 1474 928 1505 percepta,
946 1470 1056 1498 eisdem
1074 1479 1170 1498 reser-

156 1520 241 1547 vatis.
257 1534 293 1540 —
307 1519 389 1555 (lim.
410 1520 451 1552 17,
468 1520 488 1546 f.
509 1520 558 1547 115
575 1526 618 1551 νος
633 1527 700 1547 ann.
719 1518 784 1551 Vll,
801 1527 826 1545 c.
844 1518 916 1550 414.)

196 1634 209 1650 α
231 1623 372 1660 Capitulo
392 1622 631 1653 Constantiensi.
650 1620 726 1651 Hiis
743 1629 807 1660 que
822 1629 881 1659 pro
901 1638 950 1650 —-.
973 1622 1047 1651 Dat.
1072 1622 1170 1652 Late-

154 1675 240 1711 rani,
256 1676 353 1706 XVII
371 1675 531 1705 kalendas
544 1674 705 1714 januarii,
723 1673 810 1705 anno
825 1674 977 1714 septimo.
999 1687 1012 1702 n

229 1861 347 1890 1656
667 1860 782 1894 Lan-an,
798 1861 829 1888 21
848 1860 1001 1888 decembre
1018 1861 1096 1889 1233.

193 1925 298 1952 Abbati
318 1924 512 1957 Bsttmntensi,
532 1924 702 1951 bisuntinae
718 1924 877 1956 dioecesis,
895 1924 1010 1951 mandat
1025 1928 1170 1959 quatenus

158 1975 185 2000 in
198 1974 314 2007 negotio
326 1973 401 2008 quod
413 1974 554 2007 agebatur
566 1974 640 2000 inter
653 1972 819 2005 Radutnun,
832 1977 978 2000 cantorem
990 1972 1168 2006 Tullensem,

156 2027 186 2050 et
201 2022 401 2054 thtetmum,
418 2023 559 2050 decanum
581 2022 723 2049 ecclesiae
739 2022 839 2048 Sancti
856 2021 995 2056 Stephani
1012 2021 1169 2054 Bisuntini,

158 2080 248 2106 super
272 2073 403 2107 ejusdem
430 2071 571 2098 ecclesiae
595 2071 748 2103 decanatu,
776 2071 922 2106 procedat.
948 2086 980 2090 —
1010 2070 1094 2103 (Rea.
1126 2071 1169 2103 17,

158 2121 177 2147 f.
196 2120 247 2147 115
263 2126 308 2152 v⁰;
325 2129 392 2147 ann.
410 2119 475 2151 Vll,
492 2128 517 2146 c.
534 2119 608 2152 415.)

202 2235 214 2249 «
236 2245 255 2251 ..
273 2223 375 2251 abbati
394 2222 604 2258 ΒίιΙιαηίεηεί,
623 2222 831 2251 Cisterciensis
852 2221 987 2257 ordinis,
1009 2222 1172 2250 Bisuntine

158 2277 294 2305 diocesis.
314 2274 441 2305 Dilecto
462 2274 531 2304 filio
552 2273 714 2309 Radulfo,
734 2278 868 2304 cantore
887 2273 1053 2310 Tullensi,
1074 2274 1172 2304 nobis

158 2328 305 2359 innotuit
321 2328 510 2361 intimante,
526 2326 624 2367 quod,
642 2336 717 2357 cum
733 2326 874 2357 dilectus
890 2326 980 2357 filius
994 2331 1106 2357 noster
1118 2327 1170 2363 O.,

157 2381 272 2412 Sancti
286 2380 416 2411 Nicolai
433 2380 467 2409 in
483 2380 623 2411 Carcere
638 2378 793 2409 Tulliano
806 2379 966 2410 diaconus
978 2379 1169 2416 cardinalis,

157 2439 236 2465 tunc
252 2433 440 2472 Apostolice
462 2432 557 2463 Sedis
573 2432 717 2471 legatus,
742 2432 917 2462 attendens
935 2432 1099 2464 fervorem
1115 2433 1172 2464 de-

157 2487 301 2518 votionis
323 2486 442 2525 ipsius,
465 2485 523 2525 qui
545 2494 603 2524 pro
624 2484 771 2515 Ecclesie
792 2486 941 2516 Romane
962 2486 1099 2516 servitio
1117 2495 1171 2517 res

156 2540 310 2580 exposuit
325 2544 356 2570 et
374 2547 565 2578 personam,
587 2561 606 2567 ..
628 2538 855 2577 predecessori
876 2542 932 2569 tuo
954 2539 1082 2569 dederit
1101 2539 1171 2570 suis

157 2593 279 2624 litteris
310 2593 345 2622 in
379 2591 561 2626 mandatis,
592 2595 629 2621 ut
657 2595 870 2629 personatum
897 2591 948 2622 vel
974 2591 1172 2630 dignitatem

156 2650 399 2685 competentem
415 2644 534 2680 eidem,
548 2644 756 2683 quamprimo
772 2652 807 2675 se
821 2643 962 2675 facultas
976 2644 1120 2681 offerret,
1135 2645 1171 2675 in

156 2699 327 2739 provincia
344 2697 524 2728 Bisuntina
540 2696 605 2727 sihi
619 2697 785 2727 conferret
799 2705 837 2727 ac
852 2697 977 2728 faceret
991 2698 1169 2736 assignari,

158 2761 199 2783 ne
216 2751 296 2791 quid
309 2755 423 2781 contra
439 2750 631 2780 mandatum
648 2758 746 2780 suum
761 2750 951 2789 attemptari
964 2751 1172 2790 contingeret

193 2873 213 2896 1.
240 2870 278 2895 Lo
302 2873 365 2900 Rey.
393 2872 471 2901 porto
498 2870 656 2893 indictione
679 2871 728 2897 VI,-
752 2875 789 2893 on
809 2877 824 2893 a
843 2876 880 2894 vu
901 2870 962 2901 plus
982 2870 1053 2895 haut'
1069 2871 1171 2902 qu'une

159 2916 240 2940 lettre
256 2915 293 2939 du
312 2915 343 2938 1·’
362 2914 517 2945 septembre
537 2913 735 2944 1233011578)
751 2913 818 2937 etait
837 2913 917 2938 dates
939 2914 973 2938 de
995 2915 1021 2938 la
1038 2915 1172 2946 septieme

159 2959 305 2984 indiction.

1258 349 1441 380 inhibendo
1462 361 1468 379 :
1487 351 1584 384 idem,
1604 351 1712 380 medio
1726 355 1882 388 tempore,
1900 350 2068 381 intellecto
2085 352 2172 390 quod
2187 352 2270 382 Wil-

1256 402 1391 438 lelmus,
1419 404 1563 434 decanus
1589 404 1728 433 ecclesie
1758 404 1868 433 Sancti
1899 404 2058 441 Stephani
2085 405 2267 439 Bisuntini,

1256 457 1383 495 abjecto
1399 457 1515 486 habitu
1537 456 1697 487 clericali.
1720 456 1847 485 volt-bat
1869 457 1907 485 311
1931 457 2083 486 militiam
2104 466 2138 487 se
2161 462 2270 488 trans-

1255 511 1354 544 ferre,
1373 509 1516 548 capitulo
1534 510 1639 547 ipsius
1656 509 1794 539 erclesie
1813 509 1964 539 inhibere
1979 510 2117 542 curarit.
2134 510 2270 549 nequid

1256 563 1294 593 de
1309 563 1471 593 decanatu
1486 563 1633 601 ejusdcm
1650 562 1800 595 ecclesie,
1822 562 1848 590 si
1867 562 1974 591 (lirtus
1989 562 2133 592 durantis
2149 563 2210 593 1100
2223 564 2268 593 sa-

1255 620 1359 651 ceret,
1377 615 1557 645 ordinaret.
1578 616 1727 653 Cumque
1749 614 1804 643 ille
1826 614 2011 644 clericalem
2031 615 2180 645 habitum
2197 625 2215 645 a
2234 625 2269 646 se

1254 669 1388 707 penitus
1405 668 1595 707 abjecisset.
1615 667 1701 697 idem
1721 672 1835 696 cantor
1851 668 2010 705 quasdam
2031 668 2070 697 311
2091 669 2203 697 eodem
2220 668 2268 699 le-

1255 726 1329 759 gato
1354 730 1453 759 super
1479 720 1641 750 decanatu
1671 720 1742 757 ipso
1772 720 1811 749 ad
1839 720 1980 749 cundem
2003 721 2269 758 predecessorem

1255 779 1349 804 tuum
1370 774 1499 804 litteras
1520 773 1725 811 impetravit,
1748 777 1781 802 ut
1802 773 1963 802 decanum
1983 773 2179 811 janulictum
2198 782 2268 804 mo-

1254 831 1347 857 neret
1364 827 1461 866 quod,
1479 826 1565 855 infra
1584 831 1710 855 certum
1730 826 1908 855 terminum
1927 826 1966 855 ad
1982 825 2156 855 ecclesiam
2174 835 2267 856 suam

1254 880 1398 915 rediens,
1417 879 1463 909 1111
1481 880 1660 909 decanatus
1680 878 1823 907 officiunt
1849 883 2032 913 exerceret,
2057 878 2206 917 alioquin
2227 878 2269 908 il-

1254 933 1323 963 luni
1346 933 1411 971 ipsi
1436 932 1563 963 cantori
1585 933 1764 966 conferret,
1789 931 2048 962 contradictores
2071 941 2107 961 ae
2128 931 2268 962 rebelles

1253 995 1312 1024 per
1327 995 1501 1017 censuram
1516 985 1776 1016 ecclesiasticam
1791 984 2040 1022 compescendo.
2053 985 2178 1014 Verum
2191 984 2270 1023 quia

1253 1039 1398 1070 decanus
1415 1039 1496 1077 ipse,
1513 1039 1553 1069 ab
1572 1048 1610 1069 00
1626 1038 1783 1073 monitus,
1800 1037 1908 1067 redire
1926 1037 2033 1067 noluit
2048 1038 2087 1067 ad
2105 1046 2199 1067 suam
2215 1046 2269 1068 cc-

1254 1092 1401 1127 01051301,
1421 1092 1547 1122 diutius
1560 1096 1631 1130 post
1647 1092 1809 1130 prefixum
1825 1091 1890 1120 51111
1908 1090 1947 1120 ab
1964 1099 2001 1121 eo
2018 1091 2198 1120 terminum
2217 1099 2267 1121 ex-

1253 1150 1414 1185 pectatus,
1431 1145 1518 1175 idem
1533 1147 1541 1166 1
1559 1145 1768 1175 nominatum
1780 1148 1948 1173 cantorem
1963 1144 2001 1174 de
2016 1144 2177 1173 decanatu
2194 1152 2269 1182 pre—-

1254 1199 1340 1229 dicto
1356 1222 1361 1234 ,
1398 1199 1492 1238 juxta
1529 1198 1636 1236 ipsius
1676 1197 1777 1235 legati
1819 1197 1966 1226 mandati
2003 1197 2265 1231 continentiam,

1253 1252 1442 1287 investivit,
1470 1252 1500 1281 ei
1529 1251 1663 1281 stallum
1691 1250 1725 1279 in
1754 1249 1853 1279 choro
1879 1254 1909 1279 et
1934 1249 2041 1278 lorum
2065 1248 2098 1278 in'
2124 1248 2268 1288 capitulo

1254 1305 1473 1343 assignando;
1492 1313 1590 1343 quem
1609 1303 1744 1342 quidam
1760 1303 1799 1333 de
1816 1302 1961 1341 capitulo
1978 1303 2063 1332 sicut
2079 1302 2268 1333 obedientie

1253 1358 1315 1387 filii
1331 1361 1544 1396 receperunt.
1563 1356 1762 1395 quibusdam
1785 1355 1860 1385 aliis
1883 1355 2053 1385 canonicis
2070 1357 2195 1393 prefate
2214 1364 2267 1385 cc-

1253 1411 1355 1441 clesie
1372 1411 1413 1440 ad
1429 1419 1488 1440 nos
1505 1409 1768 1448 appellantibus,
1789 1408 1882 1447 quia,
1901 1413 1935 1437 ut
1957 1408 2126 1443 dicebant,
2151 1409 2179 1438 si
2196 1417 2268 1439 ces-

1253 1464 1353 1494 sisset
1372 1463 1423 1494 vel
1446 1463 1645 1493 decessisset
1670 1470 1784 1492 eorum
1806 1461 1968 1496 decanus,
1993 1461 2056 1499 ipsi
2080 1470 2144 1490 non
2171 1465 2265 1491 erant

1248 1517 1324 1556 jure
1340 1516 1485 1555 eligendi
1501 1516 1662 1546 decanum
1677 1515 1749 1545 sine
1763 1514 1857 1553 culpa
1871 1514 2039 1553 privandi3
2058 1524 2198 1553 quorum
2212 1523 2264 1553 ap·
2303 1510 2307 1512 i

1250 1571 1465 1610 pellationem
1481 1569 1636 1599 frivolam
1651 1573 1820 1607 reputans,
1838 1568 1873 1597 in
1886 1568 2028 1598 rebelles
2044 1567 2265 1598 excommuni-

1251 1624 1393 1655 cationis
1410 1623 1612 1654 sententiam
1628 1621 1860 1661 promulgavit.
1884 1621 1941 1651 Hii
1958 1630 2035 1650 vero
2058 1620 2265 1659 postmodum

1251 1678 1310 1718 qui
1325 1677 1589 1716 appellaverant,
1608 1675 1704 1705 nobis
1720 1674 1925 1704 mendaciter
1945 1677 2161 1712 suggerentes
2180 1673 2267 1712 quod

1251 1740 1366 1762 eorum
1382 1730 1527 1760 decanus
1543 1729 1582 1759 de
1601 1728 1821 1768 permissione
1840 1726 2043 1757 venerabilis
2059 1726 2172 1756 fratris
2189 1735 2266 1756 nos-

1251 1784 1295 1814 tri
1315 1808 1335 1813 ..
1353 1783 1596 1822 archiepiscopi
1612 1781 1785 1812 Bisuntini
1801 1781 1953 1811 habitum
1969 1780 2188 1818 assumpserit
2204 1779 2266 1810 lai-

1251 1838 1367 1874 calem,
1385 1847 1444 1877 pro
1463 1846 1500 1868 eo
1522 1836 1610 1876 quod
1625 1845 1643 1866 a
1663 1836 1765 1865 fratre
1787 1844 1846 1865 suo
1867 1835 2053 1873 portionem
2070 1833 2266 1864 hereditat-is

1250 1880 1387 1930 paterne
1407 1900 1473 1921 non
1489 1893 1617 1929 poterat
1633 1889 1730 1919 aliter
1745 1888 1910 1922 obtinere,
1936 1896 1973 1917 ac
1995 1887 2033 1917 de
2050 1886 2266 1925 proventibus

1252 1945 1447 1979 decanatus,
1479 1952 1553 1973 cum
1578 1947 1690 1972 essent
1717 1945 1834 1971 tenues
1862 1945 1892 1970 ct
1920 1940 2037 1974 exiles,
2067 1948 2132 1969 non
2156 1943 2266 1978 posset

1253 1997 1422 2027 commode
1443 1995 1641 2030 sustentari,
1660 1995 1699 2024 de
1723 1993 1943 2033 appellatione
1964 1992 2156 2032 hujusmodi
2174 1992 2266 2022 nulla

1251 2050 1339 2080 facta
1355 2049 1488 2088 penitus
1505 2048 1685 2082 mentione,
1708 2070 1729 2076 ..
1747 2046 1874 2077 cantori
1895 2046 2009 2076 Sancti
2023 2045 2189 2077 ‚Iohannis
2208 2045 2267 2075 Bi—

1253 2103 1383 2133 suntini
1399 2112 1417 2132 a
1436 2101 1532 2131 nobis
1553 2101 1726 2131 obtinuere
1750 2099 1919 2134 mandari,
1944 2103 1993 2134 ut,
2018 2098 2164 2129 relaxata
2179 2098 2267 2128 dicta

1254 2154 1608 2186 excommunicationis
1624 2153 1791 2184 sententia
1805 2153 1899 2192 juxta
1912 2152 2051 2182 formam
2064 2151 2210 2182 Ecclesie
2226 2151 2267 2182 ad

1254 2209 1438 2244 cautelam,
1464 2208 1560 2238 illum
1582 2211 1732 2237 moneret
1757 2211 1788 2237 et
1816 2206 1989 2236 induceret
2013 2205 2202 2243 diligenter,
2230 2210 2266 2235 ut

1253 2262 1377 2293 rediret
1396 2261 1436 2291 ad
1452 2261 1649 2291 decanatum
1671 2268 1778 2299 usque
1800 2259 1841 2289 ad
1860 2259 1984 2288 festum
2004 2258 2117 2288 Sancti
2135 2257 2266 2288 Andree

1253 2315 1402 2354 proximo
1424 2319 1502 2345 tunc
1524 2318 1718 2348 venturum,
1741 2316 1773 2343 et
1795 2311 1939 2350 capitulo
1956 2320 1996 2341 ne
2016 2311 2152 2341 interim
2173 2310 2267 2350 quic-

1254 2378 1354 2408 quam
1377 2368 1416 2399 de
1433 2367 1595 2398 decanatu
1609 2367 1815 2405 disponeret,
1837 2364 2026 2400 inhiberet3
2044 2364 2132 2403 quod
2151 2364 2179 2395 si
2195 2364 2267 2404 ejus

1253 2422 1391 2452 monitis
1408 2421 1620 2460 acquiescere
1638 2428 1703 2449 non
1722 2422 1869 2453 curaret,
1887 2418 2078 2457 injungeret
2094 2417 2159 2455 ipsi
2177 2417 2267 2456 capi-

1253 2474 1322 2505 tulo
1336 2479 1372 2504 ut
1386 2483 1445 2513 per
1460 2477 1706 2512 procuratorem
1723 2472 1880 2502 idoneum
1897 2475 2009 2501 nostro
2025 2479 2060 2500 se
2076 2470 2267 2508 conspectui

1253 2531 1498 2566 presentarent‚
1522 2525 1766 2557 ordinationem
1787 2534 1886 2563 super
1908 2524 1968 2554 hoc
1986 2523 2200 2562 apostolicam
2214 2531 2267 2554 re-

1254 2580 1391 2620 cepturi.
1409 2580 1474 2611 Sed
1486 2583 1689 2610 memoratus
1705 2567 1864 2612 decan-us,
1880 2576 2111 2607 fraudulenter
2125 2576 2268 2606 decana-

1254 2637 1324 2664 tum
1350 2633 1461 2672 ipsum
1487 2632 1633 2663 retinere
1657 2630 1876 2665 contendens,
1906 2629 1946 2659 ad
1973 2628 2148 2659 ecclesiam
2171 2636 2266 2659 suam

1254 2687 1354 2718 rediit
1370 2687 1406 2716 in
1422 2686 1564 2717 termino
1581 2685 1771 2719 constituto,
1787 2691 1925 2722 eamque
1941 2691 2015 2712 cum
2031 2691 2111 2720 capa
2127 2681 2269 2712 rotunda

1255 2744 1287 2771 et
1302 2739 1536 2778 superpellicio
1552 2738 1603 2768 bis
1623 2737 1773 2771 intravit,
1791 2735 1934 2774 gerendo
1956 2744 2085 2773 semper
2107 2735 2142 2764 in
2160 2734 2267 2774 capite

1254 2792 1430 2831 capucium
1446 2801 1505 2822 seu
1518 2791 1656 2830 pilleum
1667 2789 1790 2829 quihus
1803 2787 1956 2819 laicalem
1969 2791 2151 2823 tonsuram,
2167 2795 2268 2826 quam

1255 2853 1322 2875 non
1343 2845 1560 2884 deposuerat,
1585 2842 1780 2877 occultaret,
1805 2840 1931 2871 nullam
1955 2839 2091 2870 omnino
2112 2847 2268 2870 coronam

1289 2958 1309 2983 1.
1327 2957 1527 2982 praedecessor
1543 2960 1615 2980 tuus.
