2498 3242
186 269 238 298 181

183 350 274 382 nensi,
294 349 474 385 adjudicatis.
496 365 528 368 —-
545 349 623 383 (linc.
651 349 691 380 14,
715 350 733 375 i'.
753 349 800 375 113
827 356 870 381 v0;
889 356 956 375 ann.
984 348 1028 380 ΙΙΙ,
1049 356 1072 374 0.
1094 349 1136 381 123
1156 362 1188 366 -

183 397 297 425 Meni-:Au
317 398 393 430 1¹84,
409 397 428 423 s.
447 397 520 430 375.)

225 516 238 531 α
266 503 408 542 Capitale
433 503 660 542 Aryvntinensi.
677 503 761 533 Cum
785 503 869 533 inter
890 503 935 538 J.,
958 503 1136 542 plebanum
1153 502 1192 533 de

186 556 376 593 Viribnrch,
390 565 429 586 ex
440 557 532 595 parte
543 565 619 592 una,
638 558 667 586 et
686 564 744 586 vos
760 564 800 586 ex
818 546 930 592 altera,
943 564 1043 595 super
1060 555 1193 586 canoni-

184 611 256 640 catu
274 611 304 639 et
326 608 495 648 prebenda
516 609 684 647 quondam
705 608 856 647 magistri
876 608 1014 643 Alberti,
1036 616 1196 638 concano-

185 663 251 693 nici
272 663 384 697 vestri,
405 671 468 701 que
485 663 572 693 idem
596 663 757 701 plebanus
781 662 815 692 in
837 662 977 692 ecclesia
999 663 1109 693 vestra
1131 661 1197 691 sibi

185 715 361 746 vendicare
377 715 518 749 volebat,
536 715 665 754 questio
683 715 818 745 suborta
830 714 959 751 fuisset,
975 714 1107 745 tandem
1124 715 1198 754 post

185 768 336 799 diversas
358 768 610 799 commissiones
633 768 709 798 hinc
732 767 808 798 inde
834 767 874 797 ad
893 767 1022 806 judices
1047 767 1198 797 diversos

187 821 348 857 obtentas,
366 821 473 851 eidem
491 821 631 860 plebano
649 829 685 850 ac
701 820 820 850 dilecto
836 820 906 850 filio
921 820 972 855 13„
987 820 1111 849 decano
1127 827 1198 849 ves-

186 875 248 908 tro,
270 876 404 913 propter
423 874 482 903 1100
501 874 587 913 apud
611 873 731 904 Sedem
754 872 980 912 Apostolicam
996 872 1197 907 constitutis,

187 927 345 957 dilectum
356 927 462 956 lilium
473 927 526 960 R.,
544 926 655 956 sancti
672 925 1033 956 Eustachiidiaconmn
1051 925 1199 955 cardina-

189 979 264 1015 lem,
297 979 516 1009 munerarium
549 979 712 1013 nostrum,
744 977 970 1008 concessimus
1002 977 1196 1008 auditorem.

189 1032 253 1068 Qui
279 1041 353 1062 cum
380 1034 451 1070 post
475 1031 731 1070 disceptationes
763 1030 966 1069 multiplices
988 1030 1107 1061 dilecto
1131 1031 1200 1061 silio

188 1085 332 1115 Johanni
350 1084 453 1122 spat„
469 1084 674 1114 subdiacono
693 1086 725 1113 et
740 1083 911 1121 capellano
929 1085 1053 1119 nostro,
1070 1084 1109 1113 de
1128 1092 1202 1114 nos-

189 1139 238 1167 tro
255 1137 409 1166 mandato
426 1144 560 1165 causam
576 1135 767 1174 hujusmodi
782 1136 1014 1170 commisisset,
1033 1136 1202 1174 predictus

191 1189 336 1220 decanus
354 1197 464 1218 coram
482 1188 598 1218 eodem
619 1188 790 1226 capellano
813 1188 986 1226 proposuit
1003 1188 1102 1226 qnod,
1127 1197 1201 1219 cum

191 1243 275 1273 bone
294 1242 451 1272 memorie
469 1241 517 1276 C„
534 1241 712 1272 Portuensi
728 1241 894 1280 episcopo,
911 1242 990 1271 dum
1004 1242 1037 1271 in
1052 1242 1202 1280 partibus

191 1295 352 1327 Teutonie
369 1294 544 1333 legationis
560 1294 671 1324 officio
686 1294 890 1332 fungeretur,
908 1294 993 1324 falso
1011 1296 1202 1333 suggestum

191 1349 308 1379 fuisset
324 1348 413 1387 quod
428 1347 598 1386 prebenda
611 1347 642 1377 et
657 1346 872 1378 canonicatus
887 1346 926 1376 de
941 1346 1064 1385 quibus
1080 1347 1204 1385 agitur,

189 1403 280 1432 tanto
301 1403 449 1439 tempore
471 1400 506 1430 in
531 1400 669 1430 ecclesia
690 1400 800 1430 vestra
821 1400 1030 1435 vacaverant,
1056 1399 1144 1438 quod
1161 1399 1202 1429 ad

187 1455 306 1487 Sedem
331 1453 557 1493 Apostolicam
582 1453 732 1492 ipsorum
759 1452 892 1483 donatio
914 1453 995 1486 erat,
1017 1452 1201 1482 secundum

186 1507 419 1538 Lateranensis
441 1506 563 1536 statuta
583 1505 727 1541 concilii,
751 1505 917 1540 devoluta,
940 1505 1017 1535 licet
1037 1505 1130 1535 nulla
1154 1505 1201 1535 ibi

185 1560 354 1598 prebenda
370 1560 512 1597 vacaret,
529 1567 605 1589 cum
624 1567 690 1589 non
706 1558 773 1588 sint
789 1558 836 1588 ibi
850 1558 1004 1588 distincte
1019 1558 1198 1597 prebende,

186 1621 245 1644 nec
260 1613 498 1643 canonicorum
512 1620 673 1642 numerus
689 1611 868 1647 diffinitus,
890 1611 979 1641 idem
992 1613 1101 1642 tamen
1116 1611 1201 1650 epis-

185 1657 288 1704 copus
304 1666 389 1696 dicto
405 1665 548 1704 plebano
564 1665 793 1695 canonicatum
808 1664 1001 1703 hujusmodi
1017 1664 1156 1694 contulit
1169 1665 1201 1694 et
1228 1677 1229 1681 ¹

185 1718 400 1758 prebendam,
424 1718 492 1757 qui,
517 1718 614 1757 plura
638 1717 791 1748 obtinens
812 1717 975 1747 beneficia
998 1725 1062 1755 que
1085 1725 1199 1747 curam

185 1771 308 1802 habent
324 1772 512 1801 animarum
530 1779 708 1806 annexam,
730 1770 842 1800 minus
858 1770 1000 1800 idoneus
1016 1771 1085 1800 erat
1107 1770 1147 1799 ad
1163 1778 1201 1800 ea

187 1825 221 1854 in
237 1827 348 1855 vestra
364 1824 505 1854 ecclesia
523 1823 712 1854 obtinenda.
731 1823 840 1859 Quare
857 1823 964 1853 dictus
979 1823 1124 1853 decanus
1145 1831 1199 1862 pe-

187 1876 275 1907 tebat
291 1877 471 1907 memorato
488 1876 630 1915 plebano
650 1884 750 1915 super
769 1875 854 1914 ipsis
872 1875 998 1915 imponi
1016 1875 1199 1911 silentium,

189 1931 219 1960 et
228 1930 338 1968 ipsum
351 1930 519 1968 tamquam
533 1929 705 1959 falsarium
716 1929 875 1959 canonica
886 1937 972 1967 pena
983 1928 1130 1967 percelli,
1142 1937 1201 1967 pro
1230 1938 1231 1952 1

189 1991 227 2013 eo
242 1983 330 2021 quod
348 1982 455 2013 fuerat
473 1982 676 2021 quibusdam
694 1981 814 2012 litteris
833 1981 925 2011 falsis
944 1990 1037 2012 usus.
1056 1989 1120 2020 que
1138 1981 1201 2012 sub

191 2096 268 2118 vero
289 2087 463 2126 plebanus,
482 2087 590 2117 eidem
613 2087 736 2117 decano
754 2087 867 2125 plnres
885 2087 1201 2117 excommunicatio-

191 2149 248 2172 nes
266 2141 297 2171 in
313 2141 447 2171 modum
460 2140 666 2179 exceptionis
682 2148 864 2179 opponens,
878 2141 913 2170 ut
926 2148 1001 2170 eum
1013 2140 1203 2170 excluderet

191 2194 232 2224 ab
250 2194 390 2233 agendo,
411 2193 588 2232 proposuit
604 2201 644 2223 ex
661 2193 805 2223 adverso
822 2193 921 2231 quod,
940 2201 1016 2222 cum
1033 2193 1113 2223 olim
1130 2201 1202 2232 pre·
1230 2200 1231 2214 ³

191 2247 256 2278 sato
275 2247 380 2285 legato
396 2255 414 2276 a
431 2246 527 2277 vobis
542 2246 662 2276 fuisset
675 2242 822 2276 o'blatum
837 2245 917 2275 utin
938 2245 1077 2276 ecclesia
1094 2247 1204 2276 vestra
1231 2260 1232 2269 1

190 2300 230 2330 de
247 2309 313 2330 una
334 2299 388 2330 vel
403 2299 536 2329 duabus
551 2299 732 2338 prebendis
747 2299 787 2329 ad
805 2307 904 2328 suum
922 2298 1053 2329 libitum
1071 2299 1203 2329 ordina-

191 2354 250 2388 ret,
271 2353 360 2383 idem
380 2352 509 2391 legatus
525 2352 755 2391 prenominato
771 2351 912 2391 plebano
933 2352 1055 2382 dictam
1067 2351 1206 2390 prehen-

191 2406 266 2436 dam
284 2407 315 2436 et
332 2406 576 2439 canonicatum,
600 2414 663 2444 que
683 2406 773 2436 tanto
796 2406 943 2444 tempore
966 2404 1013 2434 ibi
1037 2406 1203 2438 vacarant.
1234 2420 1235 2423 =

191 2459 279 2498 quod
296 2459 336 2489 ad
352 2459 471 2490 Sedem
487 2458 713 2497 Apostolicam
727 2466 841 2488 eorum
856 2459 925 2488 erat
937 2457 1093 2488 devoluta
1107 2457 1206 2488 dona-

192 2512 248 2547 tio,
261 2512 412 2550 contulit,
431 2537 451 2542 ..
466 2511 583 2542 abbate
600 2511 639 2542 de
656 2511 748 2542 Cella
759 2512 790 2542 et
803 2511 873 2549 ejus
882 2511 1019 2550 collegis
1032 2511 1094 2541 sibi
1107 2519 1206 2550 super

193 2564 252 2595 hoc
267 2565 501 2596 executoribus
514 2565 691 2604 deputatis7
709 2573 728 2594 a
740 2564 863 2603 quibus
877 2564 939 2595 fuit
955 2564 989 2594 in
1004 2572 1118 2594 eorum
1132 2572 1206 2602 pos·
1235 2582 1237 2591 1

194 2617 377 2649 sessionem
401 2618 558 2648 inductus
580 2619 611 2648 et
633 2618 699 2647 lata
718 2617 957 2647 nichilominus
977 2617 1205 2647 excommuni-

193 2670 333 2701 cationis
342 2670 507 2701 sententia
518 2671 550 2701 in
562 2670 712 2701 rebelles.
721 2670 936 2700 Postmodum
948 2679 1078 2709 quoque
1088 2694 1092 2698 .
1101 2693 1108 2700 .
1117 2671 1206 2709 prior

193 2722 233 2752 de
249 2722 357 2754 Salem
374 2723 405 2753 et
423 2723 494 2761 ejus
511 2723 713 2762 conjudices,
731 2731 830 2762 super
848 2723 913 2753 hiis
931 2731 949 2752 a
966 2722 1049 2753 Sede
1066 2723 1206 2762 Aposto—

195 2775 258 2805 lica
273 2775 427 2814 delegati,
443 2775 624 2815 predictam
634 2775 835 2814 prebendam
846 2777 876 2806 et
891 2776 1123 2806 canonicatum
1136 2784 1209 2807 sen-

197 2827 375 2858 tentialiter
398 2828 631 2866 adjudicarunt
655 2828 774 2863 eidem,
795 2830 826 2858 et
846 2828 886 2858 ad
904 2828 1096 2858 mandatum
1122 2828 1209 2868 ipso-

199 2888 273 2910 rum
304 2880 489 2920 prepositus
516 2882 635 2917 vester,
664 2881 705 2911 ad
735 2889 832 2919 quem
863 2881 1026 2912 institutio
1055 2881 1208 2921 pertinet,

199 2933 310 2971 ipsum
327 2933 446 2964 exinde
468 2933 653 2970 investivit;
673 2933 760 2964 unde
775 2934 944 2973 sepefatus
964 2934 1126 2974 plebanus
1149 2934 1208 2964 hu-

1009 258 1253 298 TRoisOEME
1276 259 1441 296 ANNEE.

2203 273 2259 302 182

1250 347 1374 377 militer
1394 348 1582 386 postulabat
1595 351 1824 387 prenominato
1845 352 1967 382 decano
1985 355 2014 383 et
2034 355 2104 383 suis
2124 355 2258 394 compli—

1251 400 1358 434 cibus,
1376 401 1434 438 qui
1450 410 1550 440 super
1568 402 1628 432 boc
1644 402 1672 431 01
1693 412 1726 431 se
1745 405 1864 434 temere
1882 406 2101 444 oppoiwbaut,
2122 408 2261 438 tirmiter

1253 452 1408 490 inhiberi,
1433 462 1472 483 ne
1490 454 1598 492 ipsum
1621 464 1720 493 super
1740 457 1950 494 possessione
1970 460 2192 496 prediettuaun
2211 469 2262 490 ca-

1253 506 1427 536 nonicatus
1437 507 1641 545 etprebende
1661 508 1799 539 ulterius
1815 510 2038 548 molestaiwnt,
2055 513 2135 551 quin
2151 514 2263 551 potius

1252 559 1363 597 ipsum
1380 559 1604 597 permittrwent
1622 561 1758 599 pacitica
1779 563 1989 600 possessione
2006 566 2159 602 gaudere.
2183 566 2262 597 Pre-

1254 611 1362 641 dictus
1381 612 1670 652 verocapellanus,
1689 613 1753 643 biis
1769 616 1800 644 et
1813 614 1888 644 aliis
1906 624 1968 653 que
1986 626 2095 646 coram
2114 629 2151 647 eo
2173 618 2263 649 suere

1255 664 1425 704 proposita
1444 665 1619 703 diligenter
1645 667 1781 702 auditis,
1804 669 1834 697 et
1850 669 2127 704 confessicimibus,
2148 671 2266 710 allega-

1255 717 1403 747 tionibus
1414 719 1443 748 et
1454 718 1639 748 rationibus
1651 720 1822 758 utriusque
1834 721 1937 760 partis
1947 722 2079 760 plenius
2092 723 2267 754 intellectis

1257 771 1288 800 et
1312 770 1409 801 nobis
1429 771 1570 801 fideliter
1591 773 1746 808 recitatis,
1770 773 1809 803 de
1835 774 1989 804 mandato
2013 776 2125 805 nostro
2148 777 2179 805 et
2203 777 2266 806 sra-

1257 824 1345 854 trum
1362 825 1547 854 nostrorum
1563 825 1714 861 consilio,
1728 826 1924 865 jamdictum
1940 827 2113 864 decanum,
2134 830 2266 860 nominc

1257 877 1394 907 ecclesie
1422 879 1541 914 vestre,
1570 887 1606 908 ac
1631 879 1803 909 ecclesiam
1831 880 1936 918 ipsam
1963 882 2202 912 sententialiter
2227 883 2268 913 ab

1258 930 1463 969 impetitione
1488 931 1595 970 ipsius
1619 931 1752 970 plebani
1777 941 1914 971 prorsus
1936 933 2091 971 absolvit,
2114 935 2143 964 ei
2169 935 2268 966 silen-

1259 984 1343 1013 tium
1359 992 1459 1022 super
1474 984 1669 1014 canonicatu
1683 986 1714 1015 et
1725 985 1894 1023 prebenda
1908 986 2064 1024 predictis
2081 987 2266 1026 imponens.

1259 1036 1330 1067 Nos
1344 1037 1444 1075 igitur
1459 1037 1547 1076 quod
1565 1046 1623 1076 per
1638 1038 1779 1068 eundem
1798 1039 2007 1078 capellanum
2026 1049 2125 1078 super
2143 1040 2203 1070 hoc
2221 1042 2269 1071 est

1260 1090 1502 1120 sententialiter
1527 1090 1721 1125 diffinitum,
1747 1092 1853 1121 ratum
1880 1091 2049 1126 habentes,
2078 1093 2270 1123 amtoritate

1261 1143 1442 1182 apostolica
1461 1143 1698 1173 continuamus
1721 1146 1752 1174 et
1773 1145 1936 1182 presentis
1956 1145 2070 1184 scripti
2087 1146 2268 1184 patrocinio

1262 1196 1520 1226 communimus.
1548 1196 1641 1226 Nulli
1667 1205 1743 1235 ergo
1770 1198 1844 1232 ctc.‚
1873 1199 1982 1228 nostre
2007 1198 2269 1228 confirmationis

1263 1249 1455 1287 infringere.
1484 1248 1518 1278 Si
1541 1249 1616 1288 quis
1636 1251 1744 1279 autem
1770 1252 1829 1280 etc.
1855 1251 1929 1280 Dat.
1957 1251 2100 1287 Perus-ii,
2125 1252 2169 1282 Vi
2196 1252 2270 1282 idus

1263 1301 1355 1335 maii,
1372 1301 1585 1340 pontificatus
1602 1303 1705 1332 nostri
1724 1311 1809 1333 (111110
1826 1303 1933 1333 tertio.
1961 1317 1973 1328 »

1329 1488 1401 1519 298

1847 1490 1979 1522 pereum,
1998 1492 2027 1516 16
2045 1492 2100 1517 111111
2120 1492 2196 1518 1229.

1294 1571 1498 1606 Argentinensi
1515 1572 1646 1606 episcopo
1663 1573 1814 1606 respondet
1832 1581 1951 1606 puerum
1969 1574 2140 1606 Hebraeum,
2156 1584 2171 1601 a
2189 1578 2269 1609 patre

1258 1627 1395 1646 converso
1411 1620 1551 1646 traditum
1580 1620 1734 1654 baptismo,
1753 1621 1839 1655 patri,
1855 1630 1910 1648 nou
1930 1623 2017 1649 matri
2035 1623 2187 1655 Hebraeae,
2207 1632 2269 1650 esse

1258 1667 1479 1703 assignandum.
1510 1684 1543 1687 —
1563 1668 1642 1702 (Rae.
1664 1669 1703 1700 14,
1721 1668 1739 1694 f.
1763 1671 1809 1696 114
1826 1674 1868 1703 r⁰3
1887 1678 1954 1696 aun.
1976 1670 2021 1703 ΙΙΙ,
2040 1679 2064 1697 c.
2086 1672 2133 1705 ¹33
2161 1687 2193 1690 —
2210 1672 2270 1698 Mo-

1259 1725 1329 1743 nam
1348 1718 1424 1749 1184,
1444 1716 1463 1744 f.
1481 1718 1547 1749 297;
1568 1732 1598 1736 -
1618 1718 1763 1744 Porrnsisr
1780 1719 1870 1751 8399.)

1302 1833 1315 1847 «
1336 1843 1357 1850 ..
1374 1819 1595 1860 Aryerztz'nensi
1613 1820 1760 1859 episcopo.
1787 1821 1837 1850 Ex
1853 1821 1971 1851 litteris
1997 1822 2063 1852 tuis
2084 1823 2271 1861 accepimus

1260 1873 1421 1913 perlatam
1442 1873 1545 1904 fuisse
1563 1874 1604 1903 ad
1627 1874 1792 1912 synodum
1809 1875 1897 1904 tuam
1923 1874 2113 1914 hujusmodi
2130 1876 2272 1913 questio-

1262 1935 1350 1964 nem,
1368 1926 1455 1965 quod
1472 1926 1606 1964 quidam
1623 1927 1776 1956 videlicet
1802 1927 1841 1957 de
1853 1927 1985 1965 judaice
2002 1929 2147 1958 cecitatis
2163 1937 2271 1959 errore

1231 2015 1232 2025 η
1262 1979 1302 2009 ad
1322 1979 1502 2014 Christum,
1521 1979 1634 2009 lumen
1653 1988 1761 2009 rerum
1775 1981 1804 2009 et
1822 1979 1910 2009 viam
1924 1981 2083 2014 veritatis,
2099 1981 2272 2015 adductus,

189 2035 322 2066 nomine
339 2035 528 2074 Apostolice
543 2035 639 2066 Sedis
651 2034 826 2064 extiterant
843 2034 1010 2064 fabricate.
1025 2034 1202 2064 Predictus
1231 2026 1232 2034 ¹

1262 2041 1365 2062 uxore
1381 2040 1441 2061 sua
1458 2032 1490 2061 111
1503 2031 1670 2070 Judaismo
1688 2032 1811 2067 relicta,
1826 2032 1992 2069 inJudicio
2009 2033 2189 2071 postulavit
2205 2034 2271 2064 ins-

1262 2086 1369 2115 tanter
1386 2086 1420 2114 ut
1442 2092 1556 2114 eorum
1572 2084 1662 2114 filins
1681 2085 1896 2123 quadriennis
1912 2085 2137 2124 assignaretur
2153 2086 2271 2121 eidem.

1265 2138 1306 2168 ad
1318 2138 1416 2168 fidem
1429 2137 1624 2168 catholicam
1637 2146 1736 2176 quam
1750 2138 1819 2176 ipse
1829 2140 2019 2176 susceperat
2031 2139 2272 2177 perducendus

1264 2199 1418 2222 asserens
1429 2190 1517 2230 quod
1530 2190 1642 2220 favore
1660 2190 1831 2227 religionis
1846 2191 2035 2226 christiane,
2057 2193 2087 2221 et
2102 2192 2179 2230 quia
2193 2201 2274 2231 puer

1264 2244 1352 2274 infra
1377 2244 1588 2283 discretionis
1617 2253 1722 2273 annos
1750 2246 1829 2278 erat,
1857 2245 1966 2283 potins
1990 2245 2098 2283 ipsum
2118 2247 2146 2274 ot
2176 2245 2272 2276 fidem

1265 2306 1372 2331 suam,
1392 2305 1491 2336 quam
1508 2298 1645 2327 matrem
1662 2298 1691 2327 et
1709 2297 1781 2335 ejus
1798 2306 1941 2327 errorem
1959 2298 2052 2336 sequi
2069 2298 2218 2334 deberet,
2236 2299 2275 2328 ad

1266 2350 1354 2390 quod
1374 2350 1431 2380 illa
1447 2350 1616 2389 respondit
1635 2350 1733 2388 qnod,
1753 2359 1827 2380 011111
1848 2359 1930 2389 puer
1946 2351 2050 2380 adhuc
2070 2351 2178 2381 infans
2194 2352 2277 2381 exis—

1266 2405 1323 2439 tat,
1341 2404 1473 2442 propter
1491 2403 1576 2441 quod
1594 2403 1700 2441 magis
1725 2405 1874 2433 materno
1891 2404 2013 2442 indiget
2039 2404 2161 2434 solacio
2178 2413 2275 2443 quam

1266 2457 1416 2496 paterno,
1443 2455 1572 2494 sibique
1592 2457 1665 2485 ante
1696 2458 1825 2494 partum
1854 2465 2027 2490 onerosus,
2045 2457 2219 2487 dolor-osus
2245 2457 2276 2486 in

1266 2510 1364 2548 partu
1380 2517 1417 2539 ac
1438 2509 1510 2548 post
1525 2510 1653 2547 partum
1673 2509 1858 2539 laboriosus
1878 2509 1980 2539 fuisse
2000 2511 2163 2543 noscatur,
2185 2519 2220 2539 ac
2238 2519 2278 2539 ex

1267 2563 1328 2593 hoc
1344 2562 1492 2600 legitima
1502 2562 1690 2601 conjunctio
1704 2563 1806 2592 maris
1815 2564 1845 2592 et
1858 2562 1980 2592 femine
1992 2563 2097 2599 magis
2115 2563 2280 2592 matrimo-

1269 2616 1363 2646 nium
1379 2623 1478 2654 quam
1495 2615 1730 2654 patrimonium
1747 2616 1964 2653 nuncupetur,
1977 2615 2083 2645 dictus
2096 2624 2178 2654 puer
2193 2616 2278 2654 apud

1269 2670 1407 2699 matrem
1430 2668 1682 2698 convenientius
1700 2676 1880 2701 remanere,
1907 2677 2005 2706 quam
2033 2668 2118 2706 apud
2140 2670 2277 2707 patrem,

1269 2722 1310 2751 ad
1323 2721 1420 2751 fidem
1433 2721 1646 2751 christianam
1657 2721 1696 2749 (10
1714 2729 1798 2750 novo
1811 2721 2017 2759 perductum.
2029 2721 2169 2751 transire
2185 2721 2278 2750 debe-

1270 2775 1336 2807 bat.
1354 2776 1409 2805 aut
1425 2774 1536 2804 saltim
1555 2774 1703 2803 neutrius
1717 2774 1820 2811 sequi,
1833 2773 2028 2812 prinsquam
2045 2774 2083 2804 ad
2100 2774 2279 2811 legitimam

1270 2829 1389 2858 etatem
1407 2827 1588 2867 perveniat,
1606 2827 1820 2860 volunlatem,
1832 2826 1908 2856 hinc
1928 2826 2002 2856 inde
2017 2827 2131 2856 multis
2147 2827 2222 2856 aliis
2237 2826 2281 2857 al—

1272 2881 1402 2919 legatis.
1422 2880 1473 2911 Tu
1500 2881 1621 2913 autem,
1646 2879 1791 2917 predii-to
1819 2888 1922 2917 puero
1946 2879 2054 2909 medio
2083 2881 2227 2919 tempore
2248 2880 2280 2909 in

1237 2968 1239 2977 x
1271 2935 1328 2964 tua
1353 2934 1512 2973 potestate
1540 2933 1675 2967 retento,
1696 2932 1775 2970 quid
1799 2932 1858 2961 tibi
1890 2932 2078 2962 faciendum
2105 2932 2145 2962 sit
2167 2933 2198 2962 in
2222 2933 2280 2963 hoc
