2498 3242
231 288 287 318 801
1090 274 1304 313 SEPTIEME
1326 273 1487 311 ANNEE.
2286 282 2343 311 302

230 353 434 387 tissimamque
444 351 644 378 Nivernenses
660 354 688 378 et
704 350 857 382 For-enses,
870 359 906 377 ex
920 351 1019 381 altera,
1032 357 1121 384 super
1131 347 1248 374 arbitrio

230 402 287 428 lato
311 401 346 427 ab
371 399 591 434 archiepiscopo
620 399 785 426 Senonensi
811 399 986 431 vertebatur,
1015 398 1077 433 ipse
1103 405 1173 432 papa
1199 404 1250 431 per

231 449 410 476 diffinitivam
427 448 600 475 sententiam
618 448 753 474 duxisset
770 447 998 479 terminandam,
1016 461 1049 467 —
1066 454 1155 480 super
1169 445 1249 471 dam-

232 499 279 525 nis
294 501 322 525 et
339 497 453 532 injuriis
468 496 554 524 dictis
570 497 665 523 abbati
682 500 710 522 et
726 497 882 523 conventui
903 504 936 522 ac
958 496 1091 522 fidelibus
1117 494 1249 529 ejusdem

232 547 401 575 monasterii
424 546 459 572 ab
483 545 593 572 eisdem
613 546 735 578 comite,
757 546 907 572 comitissa
923 549 951 572 et
968 544 1128 571 fautoribus
1150 551 1249 569 eorum

233 596 279 623 vel
292 595 367 627 aliis,
380 595 542 622 obsidionis
557 594 723 625 occasione,
741 594 875 627 irrogatis
893 594 1072 628 inquirentes
1088 593 1250 622 veritatem,

233 652 308 680 quae
332 644 495 670 invenerint
518 643 573 677 ipsi
599 651 687 677 papae
711 643 815 669 titteris
838 644 902 669 suis
925 643 1068 673 intiment,
1087 641 1200 668 interim
1217 640 1251 666 ad

234 696 387 720 tractatum
405 692 486 726 pacis
501 691 722 725 interponentes
738 695 835 726 partes
849 699 934 722 suas;
948 700 1021 725 quac
1039 699 1090 724 pax
1108 689 1131 716 si
1150 697 1253 724 prove-

236 741 298 768 nire
323 741 495 776 nequiverit,
522 740 680 775 praefigant
704 741 835 775 partibus
857 740 1011 767 terminum
1038 741 1251 773 competentem

237 797 295 825 quo
310 789 469 824 apostolico
485 789 655 821 conspectui
668 797 700 815 se
714 791 908 823 praesentent.
925 803 957 807 —
973 787 1054 818 (nm.
1071 788 1110 815 17.
1124 787 1140 812 f.
1160 787 1192 813 (33
1209 791 1252 819 r⁰;

236 846 304 865 ann.
319 837 383 866 VII.
398 846 424 865 c.
437 837 503 870 217;
519 852 547 856 —
567 837 686 864 Monam
703 838 778 867 1188,
791 837 810 864 f.
827 838 892 871 1¹7,
910 852 941 856 —
958 837 1105 870 cf.supra.
1120 842 1149 861 n⁰
1165 834 1253 866 1369.)

279 952 291 966 «
312 963 333 968 ..
344 940 571 977 archiepiscopo
581 940 823 976 Rodzomayensi,
838 939 888 976 [et]
901 939 1059 975 inussisti-is
1069 938 1101 966 P.
1113 937 1146 965 de
1158 937 1252 973 Papa,

236 993 418 1028 Parisiensi,
438 997 463 1021 et
482 992 663 1029 1'ernac[io],
685 992 856 1026 Tcrvtstno,
876 992 1016 1020 I’ttrisizts
1036 990 1252 1020 commoranti.

237 1046 405 1075 canonicis.
426 1045 510 1076 Cum
526 1053 661 1074 causam
676 1054 739 1083 que
756 1062 805 1073 —.
824 1045 897 1074 Dat.
916 1043 1084 1077 Laterani,
1102 1044 1129 1073 V
1143 1041 1255 1072 kalen-

238 1098 296 1128 das
309 1097 399 1138 julii.
417 1098 630 1136 pontificatus
647 1097 752 1127 nostri
770 1106 857 1127 anno
874 1097 1024 1135 septimo.
1047 1109 1059 1123 n

315 1282 335 1310 Ι
342 1283 431 1310 435

279 1343 529 1379 Archiepiscopss,
551 1343 699 1378 episcopis
720 1347 748 1370 et
770 1344 834 1370 aliis
854 1343 1042 1370 ecclesiarum
1066 1343 1200 1377 praelatis
1221 1343 1256 1368 ad

239 1401 315 1428 quos
336 1393 447 1427 litterae
473 1393 546 1418 istae
570 1392 764 1427 pervenerint,
789 1392 904 1418 mandat
925 1395 1069 1430 quatenus
1089 1400 1191 1418 omnes
1207 1393 1256 1426 qui

239 1442 355 1468 fratrem
369 1440 534 1467 «Iohannem
555 1440 775 1474 [vicentinum],
794 1441 902 1467 ordinis
920 1440 1165 1469 Praedicatorum.
1184 1442 1257 1467 ultra

241 1498 312 1517 suae
324 1489 480 1516 voluntatis
495 1489 646 1516 arbitrium
659 1489 907 1524 praesumpserint
921 1489 1061 1519 detinere.
1079 1498 1130 1524 per
1144 1497 1257 1516 excom-

241 1538 447 1565 municationis
463 1542 492 1565 et
508 1538 652 1565 interdicti
669 1539 830 1565 sententias
845 1542 1044 1572 compescant.
1061 1554 1093 1558 —
1110 1538 1194 1571 (Rea.
1213 1539 1256 1569 17,

239 1588 259 1614 f.
272 1587 306 1614 63
317 1594 362 1618 νὴ
379 1595 448 1614 ann.
466 1586 533 1619 vu,
546 1596 572 1614 c.
583 1587 634 1614 218
646 1596 652 1619 ;
665 1601 700 1607 -
716 1587 837 1615 Monam
851 1588 928 1619 1188,
945 1588 964 1615 f.
981 1588 1046 1621 1163
1064 1603 1096 1607 -
1110 1587 1257 1615 Porrmsr

240 1635 352 1669 set-2¹.)

841 1281 957 1313 Latran,
975 1281 1007 1308 ‘27
1022 1282 1086 1315 juin
1108 1282 1183 1308 1233.

282 1750 295 1764 «
313 1738 567 1776 Arohiepiscopis,
585 1739 730 1776 episcopis
748 1743 774 1767 et
790 1739 896 1768 ceteris
915 1740 1112 1768 ecclesiarum
1128 1739 1257 1776 prelatis

238 1791 279 1820 ad
297 1799 370 1828 quos
392 1791 491 1820 littere
512 1792 566 1820 iste
580 1793 790 1829 pervenerint.
815 1791 842 1820 Α
864 1791 1032 1821 mundane
1051 1791 1184 1821 vinculo
1205 1809 1255 1821 —.

238 1844 314 1873 Dat.
332 1843 500 1879 Laterani,
517 1844 546 1874 V
561 1843 722 1874 kalendas
734 1844 825 1883 julii,
844 1853 932 1874 anno
948 1845 1101 1883 septimo.
1122 1857 1134 1871 1>

313 2030 429 2058 ¹436

274 2091 366 2118 Fratri
380 2091 507 2118 Johanni
527 2091 714 2125 {Vicentino].
727 2091 762 2118 de
774 2091 874 2118 ordine
886 2091 1130 2119 Praedicatorum.
1144 2092 1258 2118 mandat

237 2145 399 2175 quatenus,
417 2141 620 2167 tribulationes
636 2145 664 2167 et
685 2141 811 2175 suspiria
832 2141 1011 2175 captivorum
1028 2141 1191 2169 attendens.
1208 2141 1257 2175 qui

236 2189 273 2217 de
296 2189 463 2216 Florentina
485 2193 513 2216 ot
535 2189 660 2216 Senensi
683 2190 850 2216 civitatibus
866 2190 893 2216 in
910 2194 1036 2224 angusto
1052 2198 1168 2216 carcere
1184 2190 1257 2216 deti-

237 2238 392 2270 nebantur,
405 2238 439 2264 ad
458 2242 554 2273 partes
569 2238 693 2265 Tusciae
711 2238 833 2265 veniens
850 2239 1041 2273 personaliter
1052 2247 1152 2265 eorum
1168 2238 1258 2265 mise-

237 2287 298 2314 riae
315 2287 473 2320 provideat.
492 2302 524 2306 —
541 2287 625 2320 (itm.
647 2287 688 2318 17,
706 2287 723 2314 f.
743 2287 774 2314 64
793 2294 832 2320 r⁰;
850 2296 917 2313 ann.
937 2287 1001 2319 Vll,
1017 2296 1042 2314 c.
1060 2288 1129 2318 21&
1146 2302 1179 2306 —
1195 2287 1258 2314 Mo-

236 2343 310 2363 nsau
330 2335 406 2368 1188,
425 2336 443 2362 t.
464 2336 528 2366 119;
550 2349 586 2355 —
607 2335 754 2362 Porruasr
769 2335 879 2366 9243²;
897 2350 929 2355 —
946 2336 984 2363 ct.
1001 2344 1101 2369 supra.
1121 2342 1150 2362 11⁰
1168 2336 1258 2369 1270.)

848 2030 961 2062 Latran,
979 2030 1012 2058 28
1025 2031 1088 2065 juin
1108 2030 1184 2057 1233.

281 2450 294 2464 a
325 2438 432 2467 Fratri
455 2438 607 2471 Johannt,
637 2438 758 2467 ordinis
782 2439 1026 2468 Predicatorum.
1055 2438 1258 2476 Scripsimus

235 2490 368 2530 pridem
385 2489 571 2520 sinceritati
590 2495 643 2520 tue
665 2499 724 2520 nos
744 2514 764 2520 ..
787 2491 943 2529 potestati
960 2495 991 2522 et
1012 2491 1132 2530 populo
1148 2491 1258 2521 Bono-

238 2543 351 2574 niensi
375 2551 411 2572 ac
435 2543 604 2573 universis
625 2547 757 2574 nostras
782 2544 984 2583 inspecturis
1003 2544 1149 2579 litteras,
1175 2553 1258 2583 quas

237 2605 298 2635 pro
322 2600 351 2626 te
371 2595 567 2631 direximus,
594 2591 829 2627 mandavissc³
849 2602 885 2627 ut
905 2602 934 2627 te
957 2602 1061 2633 stare,
1081 2597 1258 2636 procedere

239 2658 300 2680 seu
314 2648 423 2679 redire
440 2649 671 2687 permitterent
684 2650 868 2679 secundum
885 2650 1014 2681 indulte
1027 2650 1086 2680 tibi
1099 2654 1129 2680 et
1147 2650 1258 2680 ordini

239 2705 296 2732 tuo
312 2700 454 2739 gratiam
474 2701 652 2731 libertatis.
674 2703 799 2732 Verum
821 2702 883 2732 etsi
905 2703 1079 2733 credamus
1102 2703 1206 2741 quod,
1229 2702 1258 2732 si

271 2827 292 2851 t.
311 2827 386 2851 Avcc
401 2826 522 2855 1'incipit
540 2835 546 2849 :
562 2834 573 2848 α
590 2826 729 2851 Mundane
746 2828 859 2852 vinculo
876 2829 1050 2854 servitutis...
1069 2837 1080 2850 υ

268 2871 292 2895 2.
311 2871 387 2894 Avec
402 2871 426 2893 la
443 2870 506 2894 dante
525 2872 545 2893 V
564 2872 701 2895 kalendas
719 2873 789 2900 julii
809 2873 848 2900 (=
864 2872 893 2897 27
911 2873 991 2903 J'uiu)‚
1011 2873 1118 2903 d'apres
1140 2872 1257 2902 Rtron,

235 2915 400 2940 Butlarium
417 2915 530 2938 ordinis
544 2916 595 2939 FF.
609 2916 854 2944 praedicatorum,
871 2919 890 2940 t.
908 2916 927 2945 Ι,
943 2924 969 2947 p.
986 2917 1025 2947 56,
1041 2922 1069 2940 n⁰
1085 2917 1124 2941 86.

268 2959 291 2984 3.
312 2958 353 2984 Cf.
372 2965 470 2988 supra,
486 2963 514 2982 η’
534 2958 602 2994 1268.

363 3008 550 3041 Ganoomss
570 3016 620 3045 1x.
639 3020 658 3041 t.
678 3017 698 3041 1.

1332 351 1378 381 te,
1411 346 1497 376 sicut
1519 346 1597 376 olim
1629 350 1683 376 tue
1710 347 1877 376 devotioni
1903 346 2150 381 mandavimus,
2178 347 2212 376 in
2236 352 2345 385 partes

1331 399 1450 430 Tusric
1484 400 1574 438 pacis
1602 408 1779 438 procurare
1810 399 1928 435 gaudia
1965 399 2185 434 (·ontulisse.<.
2218 401 2346 430 fructus

1332 451 1505 490 multiplex
1534 461 1571 482 cx
1593 456 1647 481 tua
1671 452 1855 490 presentia,
1881 452 2055 490 presertim
2077 460 2176 490 super
2202 452 2348 482 sedanda

1333 504 1379 533 ibi
1407 504 1498 541 gravi
1532 508 1561 534 et
1590 504 1731 533 dolenda
1765 504 1946 539 dist-ordia,
1980 509 2137 542 operante
2165 505 2349 541 gratiarum

1334 557 1492 591 Domino,
1527 557 1759 595 processisset.
1797 556 1874 595 quia
1908 561 2015 585 tamen
2055 566 2140 586 num·
2179 567 2236 594 pro
2270 566 2348 587 con-

1335 609 1436 639 stanti
1454 610 1601 647 gerimus
1621 613 1650 638 et
1675 613 1838 642 tenemus,
1857 618 1930 638 cum
1952 609 2218 638 Florentium-um
2240 615 2267 639 et
2290 610 2349 639 Se-

1335 662 1491 692 nensinm
1514 666 1622 691 motus
1645 665 1673 691 ct
1699 661 1842 699 impetus
1866 670 1924 699 per
1949 666 2062 690 mutue
2086 662 2348 699 impugnationis

1335 715 1530 745 instantiam
1554 715 1619 744 sint
1647 714 1806 753 repressi,
1834 714 1920 752 quod
1951 722 2063 743 eorum
2087 714 2168 743 dura
2196 714 2349 743 voluntas

1335 768 1421 798 lenis
1444 768 1560 797 effecta
1580 767 1739 797 consistat
1759 771 1790 796 et
1809 766 1932 795 habilis
1951 766 2120 803 suscipere
2135 766 2216 795 dona
2237 766 2348 804 pacis:

1336 821 1370 850 in
1397 822 1479 852 Jcsu
1502 820 1629 851 Christi
1659 820 1792 849 nominc
1814 819 1999 849 benedicti.
2024 818 2230 848 devotionem
2261 823 2350 848 tuam

1336 884 1492 911 rogamus
1520 878 1549 903 ct
1576 873 1748 903 hortamur
1769 873 1944 907 attentius.
1971 872 2004 901 in
2024 872 2145 901 virtute
2163 872 2350 902 obedientie

1336 927 1486 957 districte
1505 926 1562 955 tihi
1582 926 1794 964 precipiendo
1810 926 2007 955 mandantes
2021 929 2197 964 quatenus.
2217 925 2351 954 tribula-

1338 981 1444 1009 tiones
1462 984 1491 1009 et
1509 979 1655 1018 suspiria
1670 979 1873 1017 captivorum
1893 978 2078 1008 attendens.
2093 978 2149 1017 qui
2164 978 2202 1007 de
2217 978 2351 1008 Floren-

1338 1033 1433 1070 ti[n]a
1453 1033 1462 1052 ¹
1488 1036 1516 1061 cl
1543 1031 1710 1069 Senemsi]
1733 1031 1927 1060 civitatibus
1950 1031 1984 1060 in
2008 1035 2149 1068 angusto
2175 1036 2203 1060 et
2229 1040 2352 1067 ans-'us-

1338 1086 1422 1115 tioso
1449 1094 1580 1115 carcere
1603 1084 1806 1117 detinentur,
1832 1088 1865 1113 ut
1893 1084 1935 1113 sit
1960 1083 2018 1112 tibi
2043 1083 2213 1113 sela-itatis
2238 1088 2350 1113 eterne

1338 1139 1516 1178 perceptio,
1535 1139 1575 1168 ad
1594 1128 1703 1176 partes
1719 1137 1838 1167 Tuscis}
1858 1141 1929 1175 post
1947 1137 2192 1175 susevptioman
2215 1145 2352 1175 presen-

1339 1192 1421 1221 tium
1447 1191 1622 1226 veniendo,
1643 1189 1863 1228 personaliter
1885 1198 1999 1219 eorum
2022 1189 2194 1227 providere
2216 1189 2351 1218 miseric

1339 1254 1403 1274 non
1422 1250 1614 1283 postponas.
1638 1243 1813 1281 presertim
1833 1252 1906 1272 rum
1932 1242 1962 1271 id
1984 1242 2141 1280 placitum
2159 1242 2270 1271 dix-int¹
2294 1242 2352 1270 mi-

1339 1297 1519 1327 sericordie
1549 1301 1736 1331 teneamus,
1769 1300 1797 1325 et
1823 1295 1884 1324 tihi
1905 1295 1943 1325 de
1966 1295 2098 1324 itineris
2127 1295 2279 1324 liluertate
2306 1295 2353 1324 ita

1339 1350 1532 1379 duxerimus
1549 1349 1801 1388 providendum,
1818 1353 1849 1377 ut
1869 1358 1926 1387 per
1940 1348 2206 1385 archiepiscopos
2221 1352 2249 1377 et
2269 1347 2352 1385 epis-

1339 1412 1437 1441 copos
1456 1407 1649 1441 ceterosque
1669 1402 1885 1431 ecclesiarum
1906 1401 2050 1439 prelatos
2071 1410 2185 1430 cannes
2205 1400 2260 1439 qui
2278 1410 2352 1438 per-

1340 1465 1455 1486 sonam
1473 1460 1563 1485 tuam
1578 1455 1665 1485 ultra
1684 1459 1737 1484 tue
1756 1454 1937 1483 voluntatis
1955 1453 2130 1482 arbitrium
2148 1462 2353 1491 presumpse-

1340 1509 1406 1538 rint
1424 1509 1584 1543 detinere‚
1604 1517 1661 1546 per
1677 1506 2030 1537 excommunicationis
2048 1506 2082 1534 in
2101 1514 2260 1543 personas
2274 1510 2303 1535 et
2319 1505 2352 1534 in

1342 1567 1446 1593 terras
1464 1562 1613 1600 ipsorum
1631 1560 1801 1590 interdicti
1820 1559 2004 1589 sententias
2023 1576 2060 1579 —
2079 1560 2355 1596 compescantur2

1339 1634 1389 1645 -.
1408 1617 1480 1645 Dat.
1500 1614 1675 1649 Laterani,
1694 1614 1762 1643 IIII
1779 1612 1939 1647 kalendas
1952 1612 2046 1651 julii,
2064 1620 2151 1641 anno
2168 1611 2319 1649 septimo.
2340 1622 2352 1636 »

1380 1851 1532 1879 Universis
1553 1853 1722 1885 praesentes
1745 1848 1855 1874 litteras
1878 1847 2055 1882 inspecturis
2079 1846 2192 1872 mandat
2213 1850 2356 1879 quatenus

1341 1902 1457 1928 fratrem
1473 1899 1637 1926 Johannem
1657 1897 1875 1932 [Vicentinund.
1893 1895 2004 1922 ordinis
2021 1895 2264 1921 Praedicatorum.
2283 1902 2356 1928 quo-

1341 1958 1466 1984 cumque
1484 1948 1522 1975 itti
1539 1947 1722 1982 suggesserit
1738 1946 1860 1980 spiritus
1876 1944 2004 1970 indultae
2025 1944 2081 1970 sibi
2099 1944 2249 1969 libertatis.
2268 1950 2356 1976 super

1943 1784 2058 1810 Latran.
2076 1784 2109 1810 28·
2122 1785 2186 1818 juin
2208 1783 2283 1810 1233.

1341 1999 1442 2026 eodem
1466 1997 1582 2031 negotio
1606 1995 1772 2029 permittant
1791 1994 1880 2019 libere
1907 1992 2080 2027 procedere;
2105 1992 2237 2018 noverint
2259 1991 2354 2025 ipsum

1341 2055 1442 2082 papam
1469 2044 1707 2079 archiepiscopis.
1729 2041 1875 2077 episcopis
1901 2046 1929 2068 et
1953 2041 2018 2068 aliis
2043 2040 2176 2075 praelatis
2202 2040 2354 2065 mandasse

1340 2101 1484 2131 quatenus
1508 2095 1536 2121 in
1559 2101 1661 2120 omnes
1687 2093 1735 2126 qui
1759 2091 1893 2118 eumdem
1919 2091 2033 2116 fratrem
2059 2089 2131 2115 ultra
2157 2097 2227 2114 suae
2254 2088 2355 2113 votun-

1340 2145 1407 2171 tatis
1431 2144 1581 2170 arbitrium
1608 2140 1857 2177 praesumpserint
1879 2139 2019 2166 detinere.
2045 2135 2355 2163 excommunicationis

1341 2195 1431 2221 ferant
1449 2193 1634 2219 sententiam.
1651 2206 1683 2210 —
1699 2190 1787 2223 (Rea.
1808 2190 1849 2220 17.
1872 2189 1890 2214 s.
1909 2188 1940 2215 01
1959 2194 1999 2220 t·⁰;
2017 2196 2084 2213 ann.
2103 2185 2174 2213 VII.
2192 2193 2218 2212 c.
2236 2186 2304 2216 -2-202
2322 2198 2355 2204 —

1342 2243 1461 2270 Monam
1480 2242 1562 2270 118⁸,
1581 2241 1599 2267 f.
1620 2240 1690 2272 1⁴20.)

1384 2357 1397 2371 «
1424 2344 1579 2373 [πίνει-εἰς
1596 2346 1748 2380 presentes
1773 2341 1890 2369 litteras
1917 2339 2111 2376 inspecturis.
2136 2338 2237 2366 Grata
2261 2334 2355 2365 nobis

1343 2397 1451 2428 extitit
1468 2414 1518 2425 —.
1537 2397 1611 2426 Dat.
1628 2399 1663 2425 ut
1680 2403 1791 2432 supra.
1812 2405 1824 2419 »

1379 2520 1483 2545 ¹4:38.
1501 2530 1535 2536 —
1549 2515 1582 2542 In
1599 2514 1723 2541 eundem
1741 2514 1800 2539 sere
1816 2511 1932 2538 modum
1947 2510 2086 2545 scriptum
2104 2513 2148 2535 est
2162 2529 2179 2535 ..
2191 2508 2318 2541 potestati
2332 2509 2355 2532 ct

1340 2568 1440 2600 populo
1457 2564 1681 2592 Bononiensibus.

1947 2726 2058 2757 Latran.
2075 2725 2109 2752 ‘25
2122 2724 2186 2758 juin
2208 2724 2284 2750 ¹233.

1416 2736 1436 2764 Ι
1443 2734 1531 2763 439

1379 2797 1574 2824 patriarcham
1587 2794 1818 2829 Aquitegensem
1829 2791 1864 2817 ab
1875 2789 1953 2816 omni
1967 2790 2133 2823 Juramento
2149 2786 2270 2820 aliisque
2287 2792 2356 2810 cau-

1375 2914 1395 2938 1.
1412 2915 1462 2938 Ms.
1479 2922 1486 2936 :
1505 2911 1654 2936 Florentia.

1371 2958 1395 2982 2.
1412 2957 1454 2982 Cf.
1473 2964 1570 2987 snpra,
1587 2960 1615 2978 n·
1635 2954 1700 2978 14:35.
