2498 3242
179 292 236 324 573

177 368 363 390 cessurum.
381 360 554 390 Monemus
570 360 684 400 itaque
699 360 933 391 celsitudinem
947 361 1084 398 regiam.
1102 369 1193 399 roga-
1232 373 1238 382 ·

179 421 254 443 mus
270 417 299 443 et
317 413 529 443 obsecramus
541 413 576 442 in
591 413 733 443 Domino
746 412 852 444 Jhesu
868 413 1001 444 Clu-isto
1015 418 1192 452 quatenus,

181 465 314 504 erigens
329 465 441 496 oculos
459 470 512 496 tue
529 466 651 496 mentis
668 466 709 496 ad
732 465 830 496 Illum
851 467 909 505 qui
931 471 979 497 est
1002 476 1057 496 rex
1079 475 1194 505 regum

181 523 213 549 et
226 518 471 548 dominantium
484 519 681 554 dominator,
696 528 732 549 ac
746 528 890 558 pensans
902 519 998 549 illum
1009 519 1194 550 devotionis

180 571 336 602 affectum
352 580 452 610 quem
466 571 587 610 prefati
606 572 835 610 progenitores
849 572 898 602 tui
913 572 953 602 ad
966 573 1069 602 Deum
1087 576 1117 602 et
1134 572 1195 602 Ec-

179 623 316 654 clesiam
338 623 542 659 habuerunt,
560 625 725 663 premissa
742 625 853 655 omnia
870 625 981 655 taliter
1001 625 1147 663 corrigas
1164 629 1196 655 et

179 677 354 708 emendes.
373 678 459 716 quod
480 678 600 708 existat
616 678 677 708 tibi
699 678 906 708 meritorium
923 678 1009 717 apud
1025 679 1148 710 Deum,
1165 682 1196 708 et

180 730 267 769 apud
283 729 436 760 homines
454 730 650 768 gloriosum,
669 735 701 761 et
723 740 761 761 ex
782 731 842 761 hoc
863 731 923 761 Ille
944 731 1002 770 qui
1019 735 1049 761 te
1064 740 1121 770 pre
1142 739 1195 761 ce-

180 783 262 814 teris
278 783 414 821 regibus
427 783 595 819 exaltavit,
613 783 796 823 pleniorem
813 784 873 814 tibi
891 784 1031 822 gratiam
1047 784 1196 814 conferat

181 837 217 867 in
240 837 405 876 presenti.
424 841 454 867 et
477 837 780 868 habundantiorem
801 837 940 875 gloriam
962 837 996 867 in
1018 837 1141 867 futuro.
1160 836 1196 867 Si

182 891 263 930 quid
279 891 488 930 auteniq'uris
504 891 539 920 in
552 891 726 930 premissis
742 895 773 921 et
789 890 865 921 aliis
879 891 1037 921 adversus
1053 890 1196 921 eundem

182 943 469 982 archiepiscopum
487 943 609 982 regalis
625 943 821 974 excellentia
836 952 871 974 se
891 943 1013 974 habere
1030 943 1194 982 proponit,

181 997 344 1027 faciemus
367 997 398 1027 ei
417 997 548 1036 justitie
571 996 815 1036 plenitudinem
838 997 1000 1027 exhiheri.
1024 997 1194 1036 Denique,

180 1050 243 1081 etsi
267 1050 356 1088 regie
380 1050 597 1086 sublimitati,
625 1054 787 1089 quantum
812 1059 988 1088 possumus
1016 1059 1090 1079 rum
1115 1050 1194 1084 Deo,

180 1102 310 1134 deferre
322 1102 475 1133 velimus.
491 1103 570 1142 quia
582 1107 692 1133 tamen
705 1111 770 1132 non
780 1106 828 1132 est
838 1102 1055 1132 deferendum
1068 1101 1197 1132 homini

180 1160 294 1186 contra
311 1157 434 1187 Deum.
453 1164 512 1186 nee
536 1159 590 1185 tue
607 1155 708 1185 saluti
731 1155 861 1194 expedit
883 1159 916 1185 ut
940 1155 999 1184 tibi
1023 1155 1057 1184 in
1079 1155 1198 1194 hujus-

181 1209 271 1239 modi
294 1209 474 1243 deseratur,
493 1208 609 1238 damus
625 1208 874 1238 venerabilibus
897 1208 1057 1238 fratribus
1075 1208 1198 1238 nostris

182 1285 201 1291 ..
220 1261 405 1292 Parisiensi
417 1266 449 1291 et
465 1285 484 1290 ..
503 1260 747 1292 silvanectensi
759 1261 934 1299 episcopis.
949 1265 977 1291 et
993 1260 1114 1291 dilecto
1130 1260 1198 1291 filio

179 1314 327 1346 ,Iohanni
348 1314 387 1345 de
411 1315 522 1345 Monte
545 1313 712 1350 Mirabili,
737 1314 971 1344 archidiacono
994 1314 1196 1350 Parisiensi,

181 1367 305 1397 nostris
328 1366 450 1397 litteris
466 1367 501 1396 in
524 1366 691 1396 mandatis
713 1370 760 1402 ut,
782 1366 955 1396 ministros
978 1371 1063 1402 tuos,
1086 1376 1199 1397 rerum

181 1420 371 1450 detentores
394 1428 525 1455 earum,
549 1419 590 1449 ad
615 1419 865 1450 restitutionem
882 1419 1069 1458 plenariam
1091 1420 1200 1450 eidem

181 1472 432 1512 archiepiscopo
445 1472 644 1509 faciendam,
658 1472 842 1503 monitione
854 1472 1030 1511 premissa,
1047 1482 1106 1511 per
1121 1482 1200 1504 cen-

183 1535 296 1557 suram
319 1525 596 1563 ecclesiasticam‚
628 1525 850 1564 appellatione
878 1530 1004 1556 remota
1031 1529 1198 1564 cogentes,

183 1583 303 1610 castra.
321 1579 444 1618 burgos
461 1584 491 1610 et
507 1579 605 1610 villas
622 1579 663 1609 ad
678 1579 822 1618 speciale
838 1579 1031 1610 demanium
1039 1584 1201 1618 spectan-

185 1633 242 1669 tia,
259 1642 322 1672 que
336 1633 371 1663 in
387 1633 651 1671 Rotbomagensi
664 1633 837 1672 provincia
852 1633 995 1669 obtines,
1013 1637 1202 1672 supponant

186 1686 413 1718 ecclesiastico
442 1687 632 1717 interdicto.
659 1687 734 1717 Dat.
762 1687 933 1725 Anagnie‚
963 1688 1014 1717 III
1040 1687 1202 1718 kalendas

183 1740 381 1771 decembris.
399 1749 486 1770 anno
503 1744 605 1770 sexto.
625 1752 638 1766 »ι

221 1877 301 1902 ⁰88.
317 1887 352 1894 -—
368 1873 514 1909 Scriptum
530 1878 576 1901 est
590 1882 680 1908 super
694 1874 750 1901 hoc
764 1874 794 1901 in
809 1873 933 1900 eundem
951 1873 1067 1900 modum
1085 1894 1104 1901 ..
1121 1874 1204 1900 Pari-

185 1924 270 1949 siensi
284 1926 309 1948 et
328 1943 346 1949 ..
363 1922 564 1949 Silvanectensi
577 1924 720 1957 episcopis,
737 1925 761 1949 et
775 1923 898 1949 ,Iohanni
913 1923 944 1948 (Ic
961 1923 1050 1949 Monte
1065 1922 1202 1957 Mirabili,

185 1972 382 1998 archidiacono
395 1972 558 2003 Parisiensi,
577 1975 608 1998 ut
622 1972 773 1999 ministros
788 1971 920 2006 ejusdem
935 1972 1023 2006 regis,
1040 1979 1137 1999 rerum
1152 1971 1203 1998 de-

185 2024 315 2048 tentores
333 2029 432 2047 earum
449 2024 516 2055 etc.,
536 2029 630 2056 usque
644 2021 807 2048 interdicto.

221 2073 301 2098 8⁶8.
319 2084 352 2089 —
367 2069 400 2096 In
417 2069 541 2096 eundem
558 2069 676 2097 modum
695 2071 837 2105 scriptum
853 2075 898 2097 est
915 2090 934 2098 ..
956 2071 1049 2103 reqine
1070 2071 1202 2104 Francte,

187 2138 205 2145 ..
228 2118 432 2153 archiepiscopo
452 2117 619 2153 Senonensz‘,
640 2137 660 2147 ..
681 2119 801 2153 episcopo
820 2118 983 2145 Garnotensi
1001 2120 1025 2144 et
1047 2118 1203 2152 BIartholo-

186 2168 250 2201 meo]
269 2168 301 2194 de
319 2168 395 2198 Boia,
412 2169 568 2194 camerario
584 2168 715 2198 Francia.
732 2171 763 2194 ut
778 2167 902 2194 eundem
923 2175 1022 2202 regem
1043 2167 1077 2194 ad
1098 2167 1126 2194 id
1142 2168 1203 2194 effi-

185 2216 292 2243 caciter
309 2219 444 2243 moneant
458 2219 486 2242 et
503 2215 649 2244 inducant.

258 2424 348 2453 920
698 2423 830 2459 Anagni,
849 2423 863 2451 3
880 2423 1033 2451 decembre
1050 2424 1129 2452 1232.

223 2499 452 2534 Archiepiscopo
483 2499 643 2531 Lundensi,
670 2507 760 2534 super
790 2500 1000 2526 incontinentia
1027 2499 1202 2527 clericorum

187 2547 352 2575 Lundensis
370 2548 514 2575 dioecesis
529 2548 699 2575 canonicam
713 2548 861 2574 exercenti
879 2547 1077 2583 disciplinam,
1094 2556 1203 2575 conce-

187 2597 230 2624 dit
252 2600 282 2624 ut
304 2600 404 2624 contra
425 2596 580 2624 nonnullos
600 2605 636 2624 ex
658 2597 729 2631 illis,
745 2597 810 2632 qui,
828 2600 858 2624 ut
874 2597 1005 2624 eamdem
1021 2597 1204 2632 disciplinam

187 2645 362 2680 effugerent,
384 2652 416 2672 se
438 2645 664 2680 conspirationis
683 2645 798 2673 vinculo
823 2645 1046 2680 colligaverant,
1063 2646 1204 2672 auxilium

189 2694 299 2721 brachii
316 2693 473 2721 saecularis
496 2695 625 2725 invocet,
652 2702 719 2721 cum
741 2694 813 2721 adeo
835 2698 935 2721 essent
954 2694 1106 2726 obstinati,
1127 2693 1204 2729 quod

186 2750 341 2770 censuram
355 2743 583 2769 ecclesiasticam
600 2743 820 2778 vilipenderent.
836 2755 874 2763 -—
888 2743 974 2776 (Rae.
993 2743 1024 2770 16
1035 2763 1043 2778 ,
1060 2743 1082 2771 f.
1105 2743 1138 2771 54
1154 2749 1202 2777 νος

188 2799 256 2819 ann.
275 2790 326 2825 VI,
343 2799 368 2818 c.
388 2791 452 2822 1762
469 2805 504 2811 —
522 2790 670 2818 Formas-r
686 2790 776 2821 9053.)

234 2920 245 2933 «
268 2929 287 2935 ..
304 2907 530 2944 archiepiscopo
546 2907 710 2936 tundensi.
730 2905 954 2937 Ecclesiarum
970 2906 1107 2945 prelatis
1123 2917 1207 2947 quos

193 2976 242 2988 —.
265 2960 338 2989 Dat.
356 2959 526 2997 Anagnie,
549 2959 599 2990 ΙΙΙ
621 2967 725 2989 nonas
745 2958 947 2993 decembris,
967 2969 1054 2991 anno
1069 2965 1172 2991 sexto.
1192 2974 1205 2988 i)

1052 286 1233 325 simeE
1255 287 1416 325 ANNI-jn.

1235 575 1239 752 ι

2233 299 2291 329 574

1348 361 1432 390 82¹
1793 363 1916 398 Anagni.
1937 364 1951 391 3
1969 364 2122 391 decembre
2140 363 2218 392 1232.

1311 422 1411 450 Eidem
1427 424 1561 451 concedit
1578 428 1609 451 ut
1623 425 1744 452 clericos
1761 434 1811 460 pro
1832 426 2026 453 detentatione
2046 428 2286 460 concubinarum,

1276 471 1431 506 pluresque
1447 472 1537 499 laicos
1551 476 1580 499 et
1595 473 1717 500 clericos
1734 478 1850 509 propter
1865 474 2007 509 incendia,
2025 477 2139 510 rapinas
2154 481 2182 503 et
2197 477 2291 504 sacri-

1275 520 1357 555 legia,
1376 524 1404 547 et
1419 521 1559 555 quosdam
1575 522 1727 556 religiosos
1741 524 1908 557 symoniace
1925 523 1952 549 in
1969 524 2031 550 suis
2048 526 2234 552 monasteriis
2246 534 2292 552 re-

1276 572 1388 604 ceptos,
1405 571 1672 597 excommunicatos
1688 570 1827 601 absolvat,
1842 573 1956 605 proviso
1974 577 2004 599 ut
2020 574 2198 600 satisfaciant
2209 582 2292 601 com-

1277 621 1417 652 petenter.
1428 618 1548 651 -(Rso.
1564 619 1606 652 16,
1619 619 1637 646 f.
1647 619 1678 646 54
1687 624 1730 650 v⁰;
1743 628 1808 646 ann.
1824 619 1875 654 VI,
1885 628 1910 646 c.
1924 621 1973 646 177
1982 629 1988 653 ;
1998 636 2030 641 —
2042 621 2187 649 pomum
2198 623 2291 659 9054.)

1319 732 1332 746 «
1364 720 1478 748 Eidem.
1511 720 1582 750 Tua
1608 720 1704 751 nobis
1732 721 1925 752 fraternitas
1948 739 1997 751 -.
2024 723 2097 752 Dat.
2127 725 2289 762 Anagnia,

1278 773 1327 803 III
1345 781 1450 802 nonas
1466 772 1663 808 decembris,
1680 782 1767 803 anno
1783 778 1885 804 sexto.
1907 787 1919 800 »

1348 944 1436 973 9¹22

1314 1006 1459 1042 Episcopo
1482 1011 1511 1034 et
1531 1009 1656 1043 capituto
1676 1008 1840 1043 Esculanis,
1858 1025 1890 1029 —
1906 1011 1956 1044 qui
1973 1010 2008 1037 G.
2025 1012 2173 1043 clericum,
2194 1018 2291 1040 natum

1280 1055 1386 1082 nobilis
1402 1055 1455 1082 viri
1471 1055 1594 1083 Gentilis
1610 1056 1735 1092 Cataldi,
1751 1058 1825 1084 civis
1841 1057 1993 1091 Esculani,
2011 1060 2045 1086 ad
2067 1061 2233 1088 mandatum
2250 1063 2294 1097 ip-

1279 1104 1343 1131 sius
1359 1113 1448 1140 papae
1464 1105 1492 1132 in
1509 1106 1682 1133 canonicum
1693 1106 1880 1139 admiserant,
1893 1108 1944 1135 sed
1958 1109 1993 1135 ab
2004 1109 2105 1136 eodem
2117 1110 2164 1140 G..
2179 1115 2208 1137 ut
2221 1111 2294 1138 hanc

1278 1153 1399 1187 gratiam
1419 1153 1549 1181 inutilem
1573 1154 1742 1187 redderent,
1763 1157 1965 1190 juramentum
1988 1166 2042 1184 non
2067 1159 2198 1191 solitum,
2216 1160 2293 1195 quod

1280 1201 1477 1235 praestiterat,
1495 1207 1664 1237 exegerant,
1681 1204 1816 1232 videlicet
1836 1214 1870 1232 ne
1888 1207 1954 1240 jure
1975 1208 2162 1235 canonicatus
2180 1210 2222 1235 vel
2238 1210 2294 1236 loci

1278 1252 1471 1285 competentis
1489 1251 1582 1278 eidem
1600 1260 1693 1288 usque
1711 1253 1746 1280 ad
1764 1263 1871 1281 annum
1887 1259 1915 1281 et
1932 1255 2081 1283 dimidium
2100 1261 2244 1288 uteretur,
2261 1273 2295 1278 —

1281 1298 1397 1325 mandat
1411 1303 1557 1334 quatenus
1572 1301 1641 1328 ittud
1654 1303 1853 1336 Jut-amentum
1870 1309 2022 1339 revocent,
2039 1310 2067 1331 et
2090 1306 2224 1332 eumdem
2240 1306 2293 1337 G..

1279 1346 1358 1373 sicut
1371 1347 1454 1379 alios,
1474 1350 1516 1375 uti
1532 1351 1750 1377 canonicalibus
1762 1352 1880 1386 juribus
1897 1352 1985 1378 libere
2001 1354 2164 1387 permittant
2182 1378 2184 1382 ,
2206 1363 2295 1381 novt·-

1280 1394 1337 1421 rint
1351 1395 1449 1430 ipsum
1466 1405 1567 1432 papam
1586 1399 1751 1426 mandatum
1767 1408 1854 1426 suum
1870 1401 1905 1427 ad
1921 1402 2051 1428 abbatem
2070 1403 2167 1430 Sancti
2184 1403 2296 1431 Nicoiai

1281 1443 1311 1470 in
1328 1443 1442 1480 Tritin.,
1460 1446 1622 1480 Api-atinae
1637 1447 1791 1480 dioecesis,
1808 1449 1960 1481 direxisse,
1980 1455 2011 1477 ut
2024 1459 2075 1478 eos
2091 1452 2125 1478 ad
2146 1452 2201 1479 hoc
2216 1460 2297 1480 com-

1281 1492 1376 1528 pellat.
1393 1507 1430 1514 —
1445 1494 1529 1528 (Rea.
1549 1495 1591 1527 16.
1608 1496 1628 1522 f.
1646 1496 1679 1523 55
1697 1502 1738 1531 r0;
1756 1505 1823 1524 ann.
1842 1497 1895 1531 VI,
1911 1506 1937 1525 c.
1960 1499 2030 1531 178.)

1796 947 1923 982 Anagni,
1939 947 1955 974 2
1972 948 2126 976 decembre
2142 950 2221 978 ¹232.

1324 1607 1338 1622 «
1359 1618 1378 1624 ..
1396 1597 1530 1634 episcopo
1545 1602 1571 1627 ct
1587 1599 1722 1636 capitulo
1737 1599 1908 1629 Esculanis.
1926 1600 1978 1630 Ad
1997 1601 2203 1631 audientiam
2219 1611 2297 1633 nos-

1282 1652 1368 1678 tram
1391 1665 1441 1678 —.
1472 1649 1546 1679 Dat.
1574 1651 1744 1689 Anagnie,
1771 1653 1839 1683 1111
1864 1661 1970 1683 nonas
1992 1654 2188 1690 decembris,
2210 1664 2298 1686 anno

1282 1705 1385 1732 sexto.
1403 1714 1416 1728 n

1355 1875 1444 1903 9⁵23
1804 1879 1929 1913 Anagni,
1948 1880 1962 1906 7
1979 1880 2133 1908 decembre
2148 1880 2226 1908 1232.

1320 1936 1525 1965 Aurelianensi
1546 1939 1684 1974 episcopo
1704 1940 1821 1967 mandat
1843 1946 1988 1976 quatenus
2011 1942 2159 1977 Stephano
2181 1944 2300 1971 subdia-

1285 1992 1370 2019 cono,
1387 1985 1464 2013 sicut
1479 1987 1506 2013 ei
1521 1987 1705 2023 promiserat,
1717 1989 1753 2015 de
1769 1990 1932 2024 praebenda
1948 1991 2106 2025 provideat.
2118 1992 2246 2026 —(Rsc..
2256 1993 2298 2027 16,

1284 2033 1304 2061 f.
1322 2035 1355 2061 55
1371 2041 1413 2068 r⁰;
1431 2043 1498 2062 ann.
1517 2035 1570 2071 VI,
1585 2044 1611 2064 c.
1630 2037 1681 2065 179
1694 2049 1700 2069 ;
1715 2051 1752 2058 —
1766 2037 1887 2066 Monam
1906 2039 1984 2074 1187,
2000 2040 2020 2068 f.
2038 2040 2110 2075 368.)

1328 2148 1342 2163 α
1369 2159 1388 2165 ..
1411 2137 1630 2168 ,aurelianensi
1651 2141 1795 2178 episcopo.
1822 2140 1972 2171 Dilectus
1997 2141 2086 2172 filius
2110 2142 2299 2181 Stephanus

1285 2188 1510 2220 subdiaconus
1529 2191 1565 2220 in
1582 2196 1696 2222 nostra
1710 2194 1882 2231 proposuit
1897 2195 2066 2233 presentia
2086 2196 2298 2231 constitutus,

1285 2242 1383 2281 quod,
1394 2251 1470 2272 cum
1482 2244 1554 2282 ipse
1565 2244 1690 2275 dudum
1701 2246 1742 2276 ad
1754 2250 1795 2281 te,
1809 2247 1867 2286 qui
1878 2257 2089 2286 promoveras
2101 2249 2142 2279 ad
2150 2249 2301 2280 ordinem

1287 2294 1547 2327 subdiaconatus
1570 2297 1729 2334 eundem,
1752 2308 1851 2338 super
1873 2301 2062 2338 provisione
2079 2311 2139 2332 sua
2161 2303 2196 2332 in
2213 2312 2301 2333 com-

1287 2348 1383 2377 muni
1404 2348 1511 2379 forma
1526 2354 1658 2381 nostras
1677 2351 1807 2383 litteras
1825 2352 2054 2391 impetrasset,
2071 2355 2171 2385 certis
2194 2356 2302 2386 moni-

1286 2400 1415 2432 toribus
1427 2402 1546 2440 primo,
1561 2412 1598 2434 ac
1608 2405 1819 2443 postmodum
1834 2429 1854 2435 ..
1868 2406 2102 2437 archidiacono
2119 2409 2302 2439 parisiensi

1287 2457 1318 2484 et
1334 2454 1471 2494 collegis
1484 2455 1591 2495 ipsius
1608 2458 1840 2489 executoribus
1857 2459 1921 2489 sibi
1939 2469 2039 2498 super
2057 2461 2118 2491 hoc
2135 2462 2302 2493 concessis

1287 2516 1306 2537 a
1322 2507 1435 2544 nobis,
1454 2513 1486 2539 et
1509 2510 1643 2540 tandem
1664 2510 1767 2541 iidem
1787 2517 1979 2543 executores
2004 2536 2023 2542 ..
2046 2513 2170 2544 det-ano
2184 2516 2302 2551 <largo-

1286 2559 1387 2591 liensi
1403 2571 1462 2600 per
1479 2571 1557 2593 suas
1577 2563 1748 2595 dedissent
1763 2564 1893 2596 litteras
1914 2566 1948 2595 in
1966 2566 2146 2598 mandatis.
2164 2573 2196 2597 ut
2216 2573 2245 2598 te
2263 2568 2302 2598 ad

1286 2613 1528 2652 providendum
1544 2616 1586 2647 ei,
1601 2617 1694 2656 juxta
1709 2617 1850 2647 formam
1867 2619 2013 2648 mandati
2030 2621 2145 2649 nostri.
2169 2630 2302 2651 monere

1287 2672 1418 2698 curaret
1437 2678 1444 2696 :
1466 2673 1502 2698 tu
1518 2678 1629 2699 coram
1648 2670 1720 2709 ipso
1742 2670 1866 2701 decano
1887 2676 1915 2701 et
1941 2672 2091 2709 pluribus
2109 2672 2183 2702 aliis
2207 2673 2302 2704 bonis

1288 2719 1371 2751 viris
1387 2720 1419 2751 ei
1434 2721 1576 2752 firmiter
1589 2723 1773 2761 promisisti
1789 2724 1892 2763 quod.
1912 2725 1939 2754 si
1959 2724 2079 2755 litteris
2096 2726 2303 2757 1·‹=11untiaret

1287 2773 1445 2811 predictis
1455 2776 1476 2806 ¹.
1491 2775 1525 2805 in
1536 2776 1730 2814 prebendali
1743 2777 1914 2808 beneficio.
1928 2787 2027 2817 quain
2039 2778 2102 2808 cito
2115 2789 2149 2807 se
2163 2779 2302 2810 facultas

1323 2886 1342 2910 t.
1360 2886 1534 2912 L'incidente
1551 2890 1575 2912 si
1591 2891 1693 2913 litteris
1711 2892 1888 2914 renuntiaret
1904 2892 2042 2920 predictis
2061 2894 2110 2919 cst,
2127 2891 2195 2915 dans
2212 2892 2236 2916 le
2253 2894 2302 2916 Re—

1289 2931 1392 2960 qislre.
1410 2933 1613 2963 accompagnee
1627 2933 1660 2957 dc
1674 2934 1699 2957 la
1714 2934 1831 2958 formula
1847 2938 1939 2962 uacat,
1954 2935 2000 2965 qui
2017 2941 2051 2958 on
2065 2936 2179 2966 indique
2196 2936 2220 2959 la
2237 2943 2302 2967 sup-

1291 2980 1428 3004 pros-sion.
