2498 3242
199 291 275 321 1205

196 357 400 396 possidebat,
427 361 458 387 et
487 357 660 396 opiscopus
690 358 778 389 idem
801 358 840 388 de
867 366 950 387 novo
974 354 1213 389 reliediticavit,

197 409 450 445 destruxerunt;
467 414 497 440 et
515 415 578 440 tam
593 411 775 442 Ecclesiam
788 412 972 441 Romanam
982 418 1080 449 qnam
1094 407 1215 438 vassal-

198 462 248 493 los
266 463 430 502 ejusdem.
456 473 516 494 nec
540 473 604 494 non
631 469 661 495 et
683 464 857 504 neophitos
874 464 1037 494 dictarum
1053 466 1215 492 terrarum

199 515 235 545 in
251 515 324 554 ipsa
338 516 547 554 expeditione
563 521 593 547 ct
610 517 834 547 destructione
849 517 949 547 castri
964 515 1217 554 dampnificave-

199 573 279 599 runt
295 569 335 599 ad
351 569 415 599 duo
432 569 525 600 milia
543 579 729 600 marcarum
746 570 887 608 argenti.
904 587 942 591 —
958 570 1040 600 Item
1063 578 1162 607 super
1179 576 1216 598 eo

201 622 289 661 quod
311 627 415 653 terras
432 623 645 658 commissas,
664 624 837 654 Vironiani
857 628 888 654 et
903 624 1056 658 Get-vam,
1075 631 1158 660 quas
1177 620 1217 651 ad

201 675 395 705 mandatum
410 675 627 714 apostolicum
641 676 794 715 episcopo
809 676 975 714 sepedicto
988 675 1215 709 restituerant,

201 728 324 758 iterum
343 734 563 767 usurparunt,
583 733 613 759 et
630 729 762 760 easdem
780 729 929 759 detinent
946 728 1119 762 violenter,
1138 736 1217 756 neo-

200 780 312 820 phitos
329 782 578 820 Gervat[enses]
592 782 819 821 opprimendo,
835 791 893 820 pro
909 791 947 811 eo
964 780 1051 820 quod
1069 779 1216 810 Ecclesie

201 833 420 869 adheserant,
445 839 476 864 et
495 835 573 873 qnia
599 844 664 865 non
692 835 817 865 hahent
844 844 935 873 spem
960 838 1064 864 terras
1090 833 1216 862 (liutius

200 886 386 917 obtinendi.
401 905 440 908 —
459 889 541 918 Item
560 888 647 927 quod
670 887 824 926 homagia
848 887 973 918 domini
998 896 1078 925 pape
1103 895 1120 915 a
1143 894 1218 914 vas-

202 939 295 970 sallis
318 940 466 971 Ecclesie
491 942 639 971 Romane
663 941 697 970 in
715 941 874 976 Vironia,
898 940 999 970 Ilaria
1024 944 1055 969 et
1080 938 1218 969 Itevalia

201 997 423 1027 extorserunt,
443 999 473 1023 et
491 994 683 1024 fidelitatem
701 1003 801 1033 qnam
818 994 952 1024 domino
969 1002 1049 1031 pape
1073 1001 1130 1031 per
1147 1001 1217 1021 ma-

202 1055 266 1076 nus
281 1047 432 1085 magistri
448 1047 625 1082 Johannis,
640 1056 677 1078 ex
688 1057 739 1086 pai
751 1052 779 1077 te
792 1051 821 1078 et
839 1047 946 1086 ipsius
961 1046 1117 1085 episcopi,
1134 1047 1217 1076 sece-

201 1103 288 1133 rant,
306 1099 392 1138 ipsi¹
410 1099 544 1129 domino
556 1110 649 1138 pape,
665 1109 723 1138 per
740 1100 860 1129 fratres
877 1099 992 1134 coacti,
1007 1099 1214 1133 dedixerunt‚

201 1155 233 1182 et
251 1152 474 1190 expulerunt²
498 1152 572 1183 illos
596 1153 653 1191 qui
679 1152 826 1183 Ecclesie
849 1152 1000 1182 dedicere
1021 1151 1214 1186 noluerunt,

202 1207 268 1234 tam
286 1204 421 1234 stabilia
433 1205 518 1234 hona
535 1205 726 1235 corumdem
741 1214 841 1243 quam
853 1204 988 1234 mobilia
1006 1204 1214 1242 diripientes.

202 1274 240 1277 —
255 1257 340 1287 Item
356 1257 390 1286 in
410 1258 533 1292 Gerra,
552 1257 646 1296 cujus
666 1257 834 1295 possessio
852 1257 891 1287 ad
912 1257 1094 1287 Ecclesiam
1114 1257 1216 1295 perti-

203 1314 269 1345 net,
291 1310 348 1340 XL
365 1315 565 1340 mercatores
578 1310 612 1339 in
627 1310 842 1348 oppressione
860 1310 1091 1348 neophitorum
1109 1310 1217 1340 inteo-

202 1362 380 1397 daverunt,
401 1362 583 1401 quemlihet
601 1372 714 1392 eorum
735 1363 768 1391 in
785 1363 848 1392 XX
871 1363 966 1392 uncis
984 1372 1040 1401 per
1062 1362 1124 1393 hoe
1147 1364 1216 1392 sac-

205 1419 273 1445 tum
289 1415 298 1455 [
380 1416 424 1453 et]
440 1417 452 1435 ³
470 1415 644 1453 neophitos
661 1415 700 1445 de
720 1424 803 1445 novo
822 1416 1058 1453 opprimentes.
1076 1433 1115 1437 -—
1133 1417 1217 1446 Item

203 1468 290 1507 quod
304 1468 437 1498 eosdem
451 1468 624 1504 vassallos,
639 1468 697 1508 qui
711 1468 808 1498 locati
826 1473 920 1498 erant
936 1469 970 1497 in
984 1469 1128 1498 confinio
1143 1478 1217 1498 neo-

200 1520 370 1560 phitorum
389 1525 420 1550 et
435 1530 641 1559 paganorum
658 1525 689 1551 et
706 1521 746 1551 ab
761 1521 913 1560 episcopo
930 1521 1091 1551 infeodati
1108 1521 1141 1550 in
1159 1521 1217 1557 lio-

202 1573 256 1604 nis
275 1573 485 1612 episcopatus
509 1573 577 1607 sui,
600 1578 635 1603 ut
656 1583 862 1612 paganorum
883 1573 1030 1604 insultus
1051 1574 1218 1612 opprime-

202 1630 289 1661 rent.
309 1636 326 1657 a
343 1627 480 1657 servitio
499 1627 558 1657 Dei
577 1631 607 1656 et
624 1627 700 1657 fidei
719 1618 925 1662 amoverunt,
942 1631 973 1657 et
992 1630 1217 1665 opposuerunt

202 1689 237 1710 se
253 1680 402 1710 Ecclesie
420 1681 568 1710 Romane
585 1689 660 1710 cum
677 1689 791 1710 eorum
808 1680 944 1710 auxilio.
962 1698 1001 1701 —
1016 1681 1100 1710 Item
1119 1689 1218 1718 super

202 1742 240 1764 eo
257 1733 355 1772 quod,
373 1742 449 1763 cuni
465 1733 599 1763 domino
616 1734 671 1769 N.,
690 1733 797 1772 quise
814 1733 897 1771 gerit
914 1742 973 1771 pro
987 1733 1140 1771 episcopo
1158 1733 1218 1763 Ri-

200 1787 308 1825 gensi,
326 1791 357 1817 et
374 1786 504 1816 civibus
522 1787 738 1823 Rigeusibus‚
757 1791 871 1817 contra
885 1786 1067 1816 Ecclesiam
1085 1786 1218 1824 conspi-

202 1844 327 1874 rantes,
342 1840 449 1870 LXXI
464 1841 485 1875 ⁴,
501 1849 539 1869 ex
554 1849 617 1870 una
638 1844 741 1879 parte,
756 1844 787 1871 et
804 1841 888 1875 LVI,
905 1850 941 1871 ex
957 1840 1071 1875 altera,
1090 1849 1218 1870 merca-

202 1897 290 1923 tores
302 1893 335 1922 in
349 1893 543 1930 Semigallia
556 1898 586 1923 et
596 1893 778 1924 Cui-landia
789 1893 1034 1927 intedavernnt,
1045 1892 1217 1922 residuum

200 1949 367 1975 terrarum
387 1946 451 1976 sibi
469 1946 675 1976 vendicando
699 1955 773 1976 eum
798 1946 956 1984 predictis
980 1945 1218 1983 conspiratori-

200 1998 279 2033 bus,
307 1999 460 2036 episeopo
487 1998 680 2036 Semigallie
702 1999 752 2029 vel
778 1998 917 2029 ecclesie.
939 2008 997 2028 sue
1022 2007 1086 2027 non
1110 1998 1217 2027 solum

198 2060 335 2090 passum
361 2051 455 2089 pedis
475 2051 713 2090 relinquendo,
733 2060 791 2081 nec
816 2052 916 2081 etiam
939 2051 1092 2080 vassallis
1113 2060 1129 2080 a
1147 2051 1217 2080 suis

199 2104 492 2143 predecessoribus
514 2104 690 2134 institutis.
712 2122 750 2125 —
771 2105 852 2134 Item
874 2114 974 2142 super
995 2104 1135 2142 eoquod
1161 2104 1218 2133 dc-

200 2161 390 2187 struxerunt
409 2157 581 2194 [castrum]
593 2156 842 2186 ‹teGode111›eke
853 2159 874 2186 ⁵.
890 2157 977 2195 qnod
990 2156 1135 2186 Ecclesie
1148 2166 1217 2195 per—

201 2209 339 2244 tinehat,
354 2214 383 2239 et
405 2214 469 2238 tam
486 2209 605 2239 dictam
623 2209 805 2239 Ecclesiam
823 2219 921 2248 qnam
940 2209 1100 2239 vassallos
1117 2209 1218 2239 castri

201 2262 349 2302 ejusdcm
370 2267 397 2291 et
425 2262 599 2300 neophitos
622 2262 695 2300 plus
720 2272 818 2301 qnam
843 2262 882 2292 ad
906 2262 996 2291 mille
1014 2272 1141 2291 marcas
1165 2272 1218 2291 ar-

200 2316 292 2355 genti
312 2316 644 2354 dainpnilicaveiunt.
668 2333 706 2337 —
726 2317 807 2346 Item
828 2324 980 2354 supereo
1006 2315 1091 2354 quod
1116 2317 1219 2345 1111111-

201 2379 273 2404 nos,
287 2369 452 2399 hereticos
469 2373 497 2397 et
518 2378 662 2407 pag-janos
679 2368 997 2408 circumadjacentcs
1009 2373 1122 2398 contra
1135 2369 1218 2406 cpis-

202 2432 320 2461 copum
344 2427 373 2451 et
397 2421 571 2452 ecclesiam
593 2421 818 2451 cathedralem
843 2422 1036 2457 Lcalenses,
1056 2421 1218 2451 vassallos

201 2481 229 2506 ct
250 2476 423 2515 neophitos
442 2476 589 2515 ejusdem
607 2475 749 2505 diocesis
771 2475 977 2506 invocarunt,
996 2475 1112 2505 vallari
1132 2476 1218 2505 scce-

201 2534 278 2559 runt
293 2533 438 2558 castrum
451 2528 489 2557 de
503 2528 655 2558 Tarhate.
675 2528 831 2563 artitices,
847 2528 1070 2557 instrumenta
1085 2528 1218 2566 puhlica

201 2588 232 2612 ct
251 2590 430 2620 expensam
446 2590 504 2619 pro
522 2585 614 2620 parte
637 2581 780 2611 Rutenis
798 2581 1085 2611 ammiuistrantes
1107 2585 1137 2611 ct
1160 2591 1217 2620 pa-

199 2635 313 2674 ganis,
335 2634 525 2673 provincias
550 2633 743 2672 depopulari
764 2634 930 2669 fecerunt,
953 2633 1216 2672 quadringentos

231 2743 252 2767 1.
269 2743 398 2768 Vassani.

229 2788 253 2812 2.
270 2787 318 2818 lei,
333 2788 357 2811 te
370 2787 442 2817 quct
455 2787 560 2818 change
575 2792 691 2814 encore:
709 2786 728 2810 il
745 2787 802 2810 saut
817 2786 951 2810 entendre
965 2793 971 2810 :
987 2785 1111 2817 [fratres]
1126 2792 1216 2815 expu-

196 2833 293 2857 lerunt
311 2833 374 2855 ittos
390 2830 560 2862 [uassattos1.

230 2876 251 2901 3.
267 2876 288 2900 n
306 2882 423 2906 mnnque
439 2882 474 2898 au
491 2875 581 2899 moins
597 2881 634 2898 un
650 2878 708 2899 mot
723 2873 804 2906 apres
819 2876 936 2904 sactum.

230 2920 252 2945 ⁴.
270 2919 313 2944 On
329 2920 360 2943 lit
376 2920 438 2951 plus
453 2919 520 2943 haut
534 2919 597 2950 (eol.
617 2918 685 2949 1202)
703 2918 786 2944 Lxx.

228 2966 252 2990 5.
270 2965 345 2990 Pom·
361 2964 550 2989 Goldcnbeko.

1053 280 1270 319 normann
1292 281 1452 318 ANNEE.
2235 289 2310 319 1206

1300 357 1331 384 ct
1349 354 1371 384 L
1389 354 1563 393 neophitos
1585 355 1746 393 captivari
1770 355 1919 385 fecerunt
1940 358 1969 384 et
1987 354 2150 390 interimi,
2171 363 2235 385 non
2252 355 2311 385 ob-

1300 411 1408 438 stante
1425 408 1510 447 quod
1528 418 1584 447 per
1601 407 1730 438 litteras
1744 407 1941 446 apostolicas
1956 407 2190 437 demandatum
2204 409 2309 438 suerat

1300 459 1452 498 episcopo
1472 460 1625 490 Lealcnsi
1642 461 1830 499 quatenns-¹
1852 459 2014 498 prelibato
2035 460 2188 499 episcopo
2205 460 2312 490 Semi-

1300 512 1398 550 gallie
1411 513 1545 543 deberet
1557 513 1725 552 cooperari
1741 517 1772 542 et
1785 512 1903 550 legato,
1915 512 1955 542 ad
1969 513 2158 543 eorumdem
2172 513 2311 543 fratrum

1301 565 1420 595 militie
1439 565 1629 603 malitia[m]
1654 565 1936 603 1·eprimenda[m].
1954 582 1991 586 —
2009 566 2090 594 Item
2116 565 2202 603 quod
2227 565 2312 594 hona

1301 618 1399 648 castri
1424 619 1657 653 Duncrandu.,
1675 618 1911 649 Cisterciensis
1930 618 2072 653 ordinis,
2093 622 2157 647 tam
2177 618 2312 647 mobilia

1301 680 1399 710 quam
1432 671 1632 706 innnohilia,
1663 671 1777 710 predia
1807 675 1837 700 et
1864 670 1960 700 villas
1986 670 2050 699 sihi
2077 670 2310 702 vendicarunt,

1301 724 1510 762 captivarunt
1544 733 1721 754 conversos
1754 728 1785 753 et
1822 723 1995 753 tormentis
2027 723 2225 758 affecerunt,
2256 732 2313 761 pro

1301 786 1338 807 eo
1357 777 1444 816 qnod
1460 777 1562 806 abhas
1578 776 1726 816 ejusdem
1747 776 1809 805 loci
1832 776 1984 814 episcopo
2008 775 2174 814 sepedicto
2197 784 2313 813 coope-

1302 830 1447 865 rahatur,
1484 830 1667 860 secundum
1703 828 1815 868 [qnod]
1856 838 1913 867 per
1949 828 2078 858 litteras
2115 828 2313 866 apostolicas

1301 883 1408 913 eidem
1440 883 1547 913 suerat
1579 882 1815 912 demandatum
1832 892 1837 911 :
1870 881 1956 911 unde
1990 886 2188 911 conventum
2225 881 2314 920 ejus-

1301 936 1374 966 dem
1405 935 1557 971 claustri,
1589 935 1655 964 nisi
1685 934 1791 964 celere
1820 934 2018 964 adhiheatur
2044 933 2244 968 remedium,
2274 933 2312 963 de

1302 989 1441 1019 Livonia
1462 998 1597 1018 necesse
1621 992 1669 1017 est
1691 987 1843 1017 recedere
1863 991 1893 1017 ct
1915 987 2059 1025 dispergi
2079 991 2236 1024 perpetuo
2258 996 2314 1024 per

1301 1041 1445 1071 claustra
1470 1041 1598 1071 ordinis
1626 1041 1776 1074 diversa3
1802 1049 1901 1078 super
1929 1039 2015 1078 qnod
2043 1049 2174 1069 servum
2201 1039 2314 1077 (81111)-

1301 1093 1395 1132 r]arii
1432 1092 1579 1132 ejusdem
1618 1092 1773 1126 claustri,
1813 1091 1944 1129 negotia
1981 1090 2127 1121 Ecclesie
2165 1092 2312 1121 Romane

1302 1135 1379 1176 lunc
1403 1145 1560 1184 temporis
1580 1144 1815 1184 promoventis,
1838 1144 2029 1174 occiderunt
2052 1144 2085 1172 in
2109 1142 2223 1180 vigilia
2246 1143 2315 1172 Na-

1303 1198 1441 1228 tivitatis
1458 1198 1596 1229 Christi.
1614 1216 1652 1219 —
1672 1199 1754 1228 Item
1779 1197 1865 1236 quod
1884 1197 2042 1233 Itigensis
2062 1196 2200 1226 ecclesie
2218 1195 2314 1225 villas

1301 1256 1561 1290 occupaverunt.
1594 1251 1679 1281 hona
1714 1250 1851 1279 mohilia
1884 1249 2039 1289 ejusdem.
2065 1253 2095 1277 et
2129 1248 2314 1278 immobilia

1302 1309 1498 1343 rapuerunt,
1531 1304 1678 1343 ejusdem
1707 1303 1845 1333 ecclesie
1878 1302 2052 1340 neophitos
2082 1302 2253 1340 spoliando
2283 1307 2312 1332 et

1302 1357 1546 1396 depopulando,
1572 1366 1628 1395 pro
1646 1366 1682 1386 eo
1705 1356 1790 1395 quod
1810 1355 1952 1385 tideliter
1973 1356 2151 1384 astiterunt
2168 1355 2314 1385 Ecclesic

1303 1412 1451 1441 Romane
1475 1411 1622 1449 ejusdem
1642 1410 1781 1439 ecclesie
1801 1409 1987 1447 prepositus
2011 1414 2040 1438 et
2060 1414 2254 1438 conventus.
2277 1426 2315 1430 —

1304 1464 1386 1493 Item
1402 1463 1583 1492 claustrum
1595 1466 1606 1482 '²
1623 1463 1661 1491 de
1676 1462 1837 1496 Vaut-fua,
1853 1461 2089 1492 Cisterciensis
2105 1461 2244 1493 ordinis,
2258 1470 2316 1499 per

1303 1518 1453 1547 Rutenos
1470 1521 1500 1546 et
1517 1524 1663 1554 paganos
1683 1520 1881 1545 memoratos
1906 1515 2037 1553 penitus
2062 1515 2313 1544 destruxerunt.

1303 1570 1434 1601 edificia
1452 1569 1558 1607 ipsius
1582 1568 1682 1598 castri
1706 1568 1839 1606 penitus
1860 1567 2012 1596 funditus
2030 1576 2086 1605 per
2103 1567 2256 1597 incendia
2276 1567 2316 1596 ad

1305 1622 1469 1653 nichilum
1487 1622 1684 1659 redige11do;
1704 1621 1790 1651 unde
1803 1620 2026 1649 incontinenti
2038 1624 2220 1649 conventus
2233 1620 2316 1658 ejus-

1304 1676 1377 1707 dem
1394 1675 1458 1705 loci
1475 1685 1533 1714 pro
1551 1679 1641 1713 parte
1661 1674 1778 1713 majori
1796 1674 1834 1703 de
1855 1673 2006 1711 pal-[ihus
2026 1673 2163 1702 Livonie
2181 1673 2214 1701 in
2231 1673 2317 1702 Teu—

1304 1729 1429 1759 touiam
1448 1728 1686 1762 transfretavit,
1707 1726 1899 1757 nullatenus
1923 1726 1969 1755 ihi
1992 1726 2172 1755 sustentari
2190 1725 2315 1760 valens,

1303 1782 1361 1813 sed
1372 1792 1430 1812 nec
1443 1781 1578 1811 morari.
1590 1799 1627 1802 —
1636 1781 1719 1811 Item
1730 1789 1829 1818 super
1841 1789 1878 1809 eo
1889 1779 1986 1818 qnod.
1998 1788 2070 1808 cum
2082 1778 2316 1811 SaclnilmVai-

1303 1835 1385 1873 gele,
1406 1835 1525 1872 Moghe
1538 1835 1560 1868 ³,
1579 1833 1810 1864 Normerunde
1825 1835 1846 1867 ⁴,
1865 1832 2080 1870 Alempoisio,
2098 1831 2190 1865 sitia,
2210 1831 2317 1861 Semi-

1304 1889 1403 1927 gallia
1421 1893 1451 1919 et
1468 1888 1662 1922 Cnrlandia⁷
1681 1892 1710 1917 et
1728 1896 1842 1915 omnes
1858 1886 1921 1915 alie
1937 1885 2104 1923 provincie
2121 1885 2152 1913 in
2167 1884 2316 1922 partibus

1303 1942 1441 1973 Livonic
1456 1951 1519 1980 quc
1533 1950 1591 1979 per
1607 1939 1867 1978 predicationtmi
1883 1938 1931 1967 vel
1947 1948 2002 1976 per
2014 1937 2315 1976 peregrinationem

1303 1996 1343 2026 ad
1366 1996 1463 2025 sidem
1490 1998 1567 2023 sunt
1593 2002 1766 2026 converse,
1795 1992 1834 2021 ad
1861 1990 2042 2021 Ecclesiam
2067 1991 2250 2020 Romanam
2276 1989 2314 2017 de

1299 2049 1374 2088 jure
1394 2047 1597 2086 pertineant,
1623 2045 1687 2084 ipsi
1701 2047 1710 2064 ⁵
1734 2046 1852 2074 tratres
1874 2043 2064 2082 provincias
2083 2042 2233 2072 easdem.
2253 2041 2314 2071 ali-

1303 2111 1385 2141 qnas
1403 2110 1459 2138 pro
1479 2104 1581 2138 parte,
1603 2098 1733 2137 aliquas
1751 2097 1906 2129 totaliter,
1926 2096 1958 2125 in
1973 2095 2190 2134 prejmlicinm
2206 2093 2315 2124 Eccle-

1302 2155 1350 2185 sic
1368 2155 1516 2184 Romane
1533 2152 1690 2181 dicuntur
1706 2151 1744 2179 de
1763 2151 1848 2180 sacto
1869 2149 2053 2188 possidere.
2073 2148 2125 2177 die
2145 2147 2312 2182 assit-nata

1301 2210 1523 2245 compareant.
1538 2205 1683 2235 audituri
1697 2203 1896 2233 sententiam
1911 2212 2009 2241 snper
2020 2202 2102 2240 ipsis
2115 2200 2312 2239 provinciis:

1302 2261 1394 2291 etita
1418 2259 1538 2289 muniti
1562 2258 1693 2288 veniant
1719 2256 1966 2286 instrumentis.
1987 2255 2126 2284 testibus
2145 2253 2194 2282 rel
2219 2253 2314 2283 ratio-

1302 2314 1413 2345 nihns.
1441 2312 1543 2352 quod.
1569 2312 1595 2340 si
1620 2311 1700 2350 qnid
1724 2310 1844 2339 hahent
1865 2309 1951 2348 juris
1969 2308 2002 2337 111
2021 2307 2204 2345 p1·e111issis.
2228 2306 2313 2344 quod

1302 2376 1399 2397 suuni
1417 2371 1464 2395 est
1482 2365 1609 2395 valeant
1628 2364 1778 2393 obtinere
1796 2373 1852 2401 per
1871 2362 2090 2391 scoth-utiam:
2111 2359 2268 2389 similiter
2284 2365 2311 2389 et

1301 2419 1492 2450 deteri-isin
1504 2422 1671 2457 posterum
1683 2413 2313 2451 convertendis.—ltemsupereoquod

1302 2474 1370 2504 sere
1387 2474 1449 2503 VII
1469 2482 1573 2502 annos
1595 2470 1646 2500 vel
1665 2480 1702 2499 eo
1725 2469 1867 2507 amplius
1891 2468 2098 2506 episcopatus
2124 2465 2259 2495 lit—vatin
2284 2470 2311 2493 et

1301 2526 1405 2557 Osilie
1423 2536 1479 2564 pro
1496 2529 1603 2563 parte,
1622 2522 1785 2561 episcopis
1803 2521 1992 2550 coronidem
2017 2519 2180 2557 expulsis.
2200 2522 2311 2546 contra

1297 2580 1352 2620 jus
1369 2579 1605 2618 possederunt,
1630 2577 1786 2606 decimas.
1808 2576 1882 2614 jura
1905 2573 2091 2612 spiritualia
2118 2583 2174 2601 nec
2200 2581 2261 2600 non
2284 2576 2310 2599 et

1334 2693 1354 2717 1.
1372 2694 1411 2716 011
1431 2691 1520 2722 quod;
1540 2698 1591 2714 ms,
1610 2698 1616 2713 .·
1632 2689 1688 2720 qui.

1330 2737 1354 2761 2.
1375 2736 1520 2760 Petit-etro
1537 2741 1606 2765 pour
1621 2736 1765 2760 castrum,¹
1786 2740 1821 2756 ou
1839 2732 1867 2755 lit
1886 2732 1946 2760 plus
1962 2730 2017 2754 loiu
2035 2740 2040 2753 z
2058 2730 2168 2758 edilia-ia
2185 2729 2311 2756 njuxttcm

1299 2782 1403 2810 castri,·
1429 2780 1462 2804 cf.
1485 2779 1546 2810 plns
1568 2779 1633 2801 haut
1655 2785 1660 2800 :
1683 2786 1694 2800 n
1720 2777 1806 2800 castri
1830 2774 1998 2799 Duncrandu
2027 2782 2037 2796 υ
2066 2777 2092 2796 ct
2120 2782 2131 2795 «1
2159 2775 2313 2796 conventus

1299 2824 1424 2856 ejusdem
1439 2809 1567 2847 claustri.
1585 2830 1596 2844 u

1330 2870 1353 2894 3.
1370 2868 1442 2894 Sans
1457 2867 1542 2891 doute
1558 2873 1628 2897 pour
1643 2867 1734 2894 Mune,
1752 2865 1846 2888 Moche
1861 2863 1906 2893 (cs,
1923 2864 2011 2892 infra,
2031 2861 2083 2885 cot.
2103 2860 2171 2887 ¹200.
2191 2861 2219 2884 in
2237 2859 2312 2888 tine).

1331 2913 1354 2939 ⁴.
1371 2913 1443 2938 Sans
1458 2912 1544 2936 doute
1560 2917 1630 2942 pour
1644 2910 1856 2939 Normeyunde.

1329 2959 1352 2983 5.
1369 2960 1419 2982 Με.
1437 2966 1444 2981 .·
1461 2959 1488 2980 et
1504 2955 1557 2987 ipsi
1576 2955 1704 2978 tratres...
1721 2953 1860 2977 dicantur.
