2498 3242
187 322 242 353 881
1047 311 1261 350 SEPTIEME
1283 312 1443 350 ANNEE.
2243 324 2299 353 332

186 392 300 421 vatum,
323 387 455 422 indulget
479 391 510 414 ut
534 388 643 415 nemini
659 388 695 414 de
711 392 810 416 cetero
831 397 881 423 per
900 389 1011 414 litteras
1027 386 1202 421 apostolicas

187 436 399 472 compellantur
423 436 586 471 providere.
609 450 646 456 —
669 437 750 469 (Rau.
780 438 820 468 17,
848 437 865 463 f.
897 436 944 464 103
969 442 1013 468 νος
1040 443 1107 462 ann.
1131 433 1202 465 VH,

189 493 216 512 c.
234 484 305 518 366.)

232 598 245 613 α
273 608 293 614 ..
315 586 417 614 abbati
437 590 464 614 et
487 587 652 615 conventui
674 588 855 615 monasterii
876 588 983 616 Sancti
1004 586 1149 614 Germani
1172 584 1205 613 de

188 639 292 668 Pratis
320 639 514 667 Parisiensis.
544 638 676 668 Nostris
707 648 894 669 accrescere
925 638 1127 677 profectibus
1154 654 1203 666 —.

189 692 262 722 Dat.
296 690 468 726 Laterani,
496 691 564 721 IIII
594 691 754 721 kalendas
784 691 984 722 decembris.
1015 700 1102 721 anuo
1132 699 1206 729 sep-

189 744 283 774 timo.
309 755 323 770 n

266 915 386 945 ¹802

226 978 332 1005 Abbati
350 978 474 1005 Sanctae
491 978 673 1010 Genovdae,
690 982 719 1005 et.
735 978 880 1013 prioribus
895 977 1019 1004 Sanctae
1040 977 1205 1004 Genovefae

187 1029 218 1054 et
234 1026 356 1054 Sanctae
373 1026 478 1053 Man-iae
499 1027 534 1054 de
556 1026 673 1062 Campis
692 1026 900 1053 Parisiensium
923 1026 1038 1053 mandat
1061 1029 1206 1061 quatenus

188 1075 285 1102 abbati
306 1079 335 1102 et
355 1076 512 1102 conventui
529 1075 627 1102 Sancti
644 1075 782 1102 Germani
803 1074 839 1101 de
864 1074 959 1101 Pratis
981 1074 1155 1101 parisiensis
1170 1073 1205 1100 de

191 1123 426 1150 malefactoribus
450 1129 478 1150 et
505 1124 724 1158 injuriatoribus
750 1123 828 1155 suis,
850 1123 966 1150 clericis
986 1124 1029 1149 vel
1053 1123 1149 1154 laicis,
1170 1122 1206 1149 de

190 1172 320 1207 ipsorum
336 1172 448 1198 abbatis
460 1177 488 1198 et
502 1172 628 1206 priorum
646 1171 787 1206 partibus,
799 1172 871 1199 side
888 1180 922 1198 eo
938 1171 1046 1198 fuerint
1062 1172 1204 1206 requisiti,

188 1220 294 1247 faciant
310 1220 439 1247 exhiberi
451 1220 583 1254 justitiae
599 1219 820 1255 plenitudinem.
841 1235 873 1240 —-
892 1220 974 1253 (Rau.
997 1221 1036 1252 17,
1054 1221 1072 1246 f.
1094 1220 1141 1247 103
1158 1227 1204 1251 νο;

191 1277 258 1296 ann.
277 1268 342 1301 vn,
357 1277 384 1296 c.
401 1268 475 1301 367.)

693 916 795 943 Latran
806 938 812 948 ,
831 916 864 944 30
880 916 1035 943 novembre
1056 915 1132 943 1933.

235 1383 248 1397 «
268 1393 289 1399 ..
307 1371 409 1399 abbati
427 1370 536 1399 Sancte
560 1370 718 1406 Genovese‚
742 1375 768 1399 et
792 1393 812 1398 ..
836 1370 946 1400 Sancte
969 1371 1111 1406 Genorefe
1134 1375 1160 1399 et
1186 1393 1205 1398 ..

190 1423 302 1454 Sancte
315 1423 412 1452 Marie
424 1423 458 1452 de
471 1423 594 1461 Campis
606 1423 766 1461 prioribus
778 1424 1042 1460 Parisien[sium].
1058 1423 1123 1459 Qui
1137 1432 1207 1453 suc-

191 1476 286 1506 censi
306 1475 533 1514 suggestionis
548 1493 598 1505 —.
619 1476 694 1505 Dat.
715 1476 890 1511 Laterani,
915 1477 948 1506 II
967 1475 1128 1506 kalendas
1150 1475 1208 1506 de-

191 1528 348 1564 cembris,
367 1537 454 1559 anno
471 1528 623 1567 septimo.
644 1541 657 1556 »

265 1699 383 1729 ¹8⁰3
695 1700 813 1733 Lau-an,
832 1701 864 1728 10
880 1701 1034 1728 decembre
1055 1701 1133 1729 1233.

224 1762 388 1790 Universos
401 1762 562 1790 catholicae
577 1762 643 1789 fidei
659 1762 830 1790 defensores
849 1771 900 1799 per
915 1763 1149 1790 Mediolanenses
1163 1763 1207 1791 ci-

187 1811 309 1838 vitatem
324 1814 354 1838 et
368 1810 526 1838 dioecesim
547 1812 723 1838 constitutos
741 1811 797 1838 sub
818 1811 894 1839 beati
919 1811 998 1839 Petri
1020 1816 1049 1839 et
1068 1821 1121 1839 sua
1136 1821 1206 1848 pro-

187 1860 317 1886 tectione
331 1859 465 1895 suscipit.
483 1875 515 1880 —
531 1860 614 1894 (Rae.
636 1861 683 1892 17,
704 1860 723 1887 f.
744 1860 792 1886 104
809 1867 851 1892 r⁰;
867 1869 934 1888 ann.
953 1860 1024 1893 VII,
1041 1870 1066 1889 c.
1085 1861 1155 1895 368;
1172 1877 1205 1881 —

189 1907 362 1936 Romanam:
379 1907 453 1941 566.)

231 2022 244 2036 u
266 2010 423 2040 Universis
439 2011 587 2040 catholice
596 2011 668 2048 fidei
683 2011 891 2048 defensoribus
900 2021 957 2050 per
972 2012 1206 2041 Mediolanenses

186 2064 346 2093 civitatem
355 2068 381 2092 et
395 2063 539 2093 diocesim
552 2064 738 2093 constitutis.
756 2063 849 2094 Sicut
862 2065 1006 2102 egressis
1017 2065 1145 2104 iniquis
1154 2082 1203 2094 —.

187 2116 264 2146 Dat.
282 2116 450 2152 Laterani,
468 2117 537 2146 IIII
552 2115 628 2146 idus
644 2116 842 2153 decembris,
861 2126 950 2148 anno
967 2117 1118 2156 septimo.
1139 2130 1152 2144 n

263 2295 382 2324 ¹804
696 2295 811 2328 Latran,
831 2297 870 2323 10r
883 2295 1038 2323 decembre
1055 2295 1132 2323 1233.

222 2357 331 2384 Abbati
352 2357 521 2384 monasterii
545 2356 645 2384 Sancti
667 2356 812 2384 «Iohannis
833 2357 862 2383 in
886 2356 996 2383 Valleia
1016 2356 1206 2385 Carnotensis

187 2405 305 2432 mandat
329 2411 475 2440 quatenus
506 2406 660 2432 nonnullos
685 2405 815 2440 ejusdem
840 2407 1009 2433 monasterii
1033 2407 1204 2439 canonicos,

186 2462 273 2490 quos,
291 2458 392 2481 contra
406 2455 503 2489 ipsum
520 2453 652 2481 abbatem
669 2454 828 2489 litigantes,
844 2455 907 2489 ipse
924 2463 996 2490 papa
1012 2463 1067 2481 non
1083 2455 1206 2481 duxerat

186 2502 364 2535 audiendos,
381 2502 416 2529 ad
433 2503 509 2529 idem
526 2503 734 2530 monasterium
751 2503 909 2530 redeuntes
925 2503 1051 2538 benigne
1067 2503 1204 2539 recipiat;

187 2552 244 2580 sub
269 2551 346 2578 bulla
369 2560 423 2578 sua
446 2551 569 2578 inclusis
590 2551 764 2586 quibusdam
787 2553 905 2579 statutis
929 2561 945 2578 a
970 2551 1101 2584 Galter0‚
1127 2552 1206 2587 epis-

187 2609 262 2635 copo
277 2599 460 2632 Gai-nolensi,
476 2608 528 2635 pro
544 2599 676 2634 ejusdem
693 2600 860 2627 monasterii
871 2601 1075 2628 reformatione
1087 2601 1174 2628 editis
1185 2606 1205 2629 ¹.

186 2664 221 2670 —
234 2649 316 2682 (Rso.
331 2650 374 2680 17,
387 2649 406 2675 t‘.
422 2649 469 2676 101
482 2656 530 2679 νος
545 2657 614 2677 ann.
627 2648 694 2681 vu,
706 2657 733 2676 c.
745 2649 813 2683 369;
826 2664 857 2670 —
870 2649 991 2677 Monam
1010 2650 1086 2682 1188,
1098 2650 1117 2677 f.
1130 2650 1204 2683 ’,ἶ-29.)

229 2763 243 2778 α
264 2774 284 2780 ..
301 2751 404 2780 abban·
418 2752 601 2780 monasterii
612 2751 722 2781 Sancti
735 2751 888 2781 ,Iohannis
906 2753 938 2780 in
958 2753 1071 2782 l'alleia
1088 2752 1205 2782 Carno-

186 2805 288 2835 tensis.
309 2803 393 2835 Cum
411 2803 491 2834 olim
510 2803 714 2834 venerahilis
734 2804 838 2834 frater
857 2809 971 2835 noster
988 2828 1008 2834 ..
1030 2805 1205 2844 episcopus

185 2856 417 2892 carnotensis,
435 2856 656 2895 personaliter
674 2856 714 2886 ad
736 2857 977 2887 monasterium
996 2862 1088 2888 tuum
1111 2866 1205 2888 acce-

219 2988 241 3012 1.
258 2988 353 3019 Voyez
369 2988 431 3019 plus
444 2988 512 3019 loin,
524 2992 554 3012 n·
572 2988 640 3012 ¹612.

312 3038 500 3071 ennomus
519 3045 570 3076 ix,
589 3049 608 3070 t.
627 3046 648 3071 1.

1286 385 1378 415 dens.
1397 386 1518 424 ipsum,
1543 387 1628 425 quod
1646 387 1679 416 in
1697 387 1929 426 spiritualibus
1947 393 1975 416 et
1997 388 2234 427 temporalibus
2251 390 2301 419 di-

1286 438 1422 467 cebatur
1444 448 1516 469 esse
1542 439 1735 478 collapsum.
1764 445 1828 469 tam
1849 441 2044 470 auctoritate
2068 446 2179 471 nostra
2203 452 2301 480 quam

1287 499 1358 520 sua.
1377 491 1538 529 inquisita
1555 501 1654 529 super
1671 492 1730 521 hoc
1745 492 1896 528 sollicite,
1906 493 2052 522 veritate.
2073 494 2301 523 1-··s01-1n;u-‹·1·it

1288 543 1322 572 in
1337 544 1498 582 utrisque.
1515 545 1684 580 corrigens
1697 550 1727 574 et
1743 546 1938 575 rasni-rnans.
1955 551 2017 574 lain
2034 546 2066 574 in
2082 547 2188 584 capite
2203 556 2301 585 qnam

1288 595 1321 624 in
1340 596 1509 626 membris.
1528 607 1590 635 qne
1608 598 1822 627 correctionis
1841 598 1918 627 vidit
1939 603 1966 628 rt
1989 600 2235 628 1¹1⁷·l‘or1nationis
2252 600 2302 629 ‹of-

1288 648 1653 687 ficioin‹iig‹·1·‹··.‹·njns
1672 650 1868 679 correctioni
1887 655 1914 679 et
1939 652 2166 680 reformationi
2185 657 2249 680 tani
2269 657 2301 681 tu

1288 711 1386 741 quam
1407 703 1558 732 canonici
1583 703 1630 732 tui
1648 703 1796 733 universi
1822 708 1851 732 et
1879 704 2002 738 sing-'nli
2027 713 2093 733 vos.
2114 705 2302 742 jurfnnvnto

1288 755 1442 793 prestito.
1472 755 1695 785 suluuisislis.
1725 756 1923 794 quibusdam
1951 757 2084 786 statutis
2113 758 2235 786 ibid-⁴111
2263 758 2302 786 ali

1289 808 1441 846 episcopo
1458 808 1528 846 ipso
1551 809 1649 837 editis
1666 818 1723 846 pro
1746 809 1981 838 reformatione
1997 809 2124 838 ordinis
2143 815 2172 838 et
2190 810 2303 839 obscr-

1289 861 1401 891 vantia
1417 861 1562 899 regulari
1582 872 1587 890 :
1606 861 1776 892 Nicolaus.
1802 862 1962 892 Andreas.
1988 863 2148 892 Marinus.
2175 863 2303 901 Philip-

1288 924 1360 952 pus.
1380 915 1580 944 Laurentius
1597 919 1627 944 et
1644 915 1818 945 Aruulfus.
1835 915 1981 953 ejusdem
1999 916 2192 945 111‹›r1ast·—1·ii
2210 926 2303 945 rano-

1289 967 1373 997 niri.
1401 967 1441 996 ad
1469 968 1587 997 Sedcm
1615 968 1837 1005 Apostolirain
1867 968 2078 998 accedentes.
2109 968 2210 998 mana
2239 975 2302 998 tam
2327 1008 2330 1009 ⁷

1288 1025 1400 1049 contra
1420 1029 1611 1058 processum
1630 1021 1709 1051 dicti
1726 1021 1870 1059 episcopi
1888 1031 1984 1060 quain
2003 1027 2115 1051 contra
2141 1027 2169 1050 n·
2186 1032 2304 1060 propo-

2144 1075 2303 1105 canonico

1289 1131 1319 1157 et
1337 1127 1540 1165 procuratori
1561 1131 1627 1157 tuo.
1653 1128 1844 1157 uiandatum
1867 1127 2034 1157 dumtaxat
2057 1128 2095 1157 ad
2122 1128 2302 1166 impetran—

1289 1179 1366 1209 dum
1384 1184 1414 1209 ct
1431 1180 1723 1209 contradicendum
1743 1180 1893 1215 habenti,
1919 1181 2075 1210 dilectum
2100 1181 2206 1210 filium
2227 1190 2304 1211 nos-

1289 1082 1367 1103 nere
1384 1079 1581 1103 curaverunt
1598 1084 1603 1107 ;
1624 1074 1746 1112 quilius
1763 1079 1793 1103 et
1810 1074 1930 1104 dilecto
1954 1074 2021 1103 tilio
2047 1076 2118 1105 W..

1290 1237 1376 1262 trum
1395 1234 1440 1263 S.
1459 1233 1547 1263 tituli
1565 1234 1684 1264 Sancte
1703 1234 1806 1263 Maric-
1823 1234 2063 1264 'si-ansnherim
2082 1235 2302 1273 presbiterum

1290 1285 1504 1316 cardinalem.
1524 1286 1675 1315 dedimus
1691 1287 1893 1316 auditorem:
1921 1296 2029 1316 coram
2051 1297 2115 1326 quo
2136 1287 2232 1317 dictis
2249 1298 2303 1317 ca-

1290 1338 1420 1368 nonicis
1440 1339 1629 1376 petentibus
1646 1339 1888 1369 ordinatimwiu
1906 1339 2011 1377 ipsius
2027 1340 2171 1377 episcopi
2189 1345 2219 1369 et
2237 1345 2303 1369 sta-

1290 1396 1359 1421 tuta
1381 1392 1542 1429 predicta.
1567 1397 1679 1430 inpon-
1705 1398 1817 1422 contra
1844 1393 2009 1429 regularia
2031 1394 2183 1423 instituta
2203 1394 2301 1424 edita.

1290 1444 1455 1479 revocari,
1474 1449 1505 1474 et
1521 1445 1647 1483 inquiri
1665 1445 1703 1474 de
1723 1449 1810 1475 statu
1827 1446 1932 1483 ipsius
1956 1446 2166 1476 monasterii.
2186 1452 2250 1476 tam
2268 1447 2302 1476 in

1289 1497 1396 1535 capite
1413 1506 1511 1535 quam
1533 1497 1567 1526 in
1591 1497 1760 1527 membris.
1779 1507 1815 1527 ac
1833 1498 2022 1528 denuntiari
2044 1499 2153 1528 nullas
2174 1508 2304 1529 excom-

1288 1550 1554 1580 municationum
1569 1551 1753 1581 sententias
1766 1551 1799 1580 in
1815 1551 1903 1589 ipsos
1919 1556 1983 1580 tam
1996 1560 2053 1589 per
2065 1552 2206 1582 eundem
2220 1553 2303 1590 epis-

1289 1611 1407 1641 copum
1423 1612 1523 1642 quam
1539 1612 1597 1641 per
1615 1607 1645 1633 te
1662 1609 1732 1641 post
1750 1603 2005 1642 appellationem
2024 1604 2065 1633 ad
2081 1613 2139 1633 nos
2157 1604 2303 1641 legitime

1289 1656 1521 1694 interpositam
1548 1656 1791 1694 promulgatas.
1817 1662 1848 1686 et
1878 1657 1991 1687 eodem
2014 1662 2226 1696 procuratore
2250 1662 2304 1687 tuo

1289 1710 1552 1745 contradicente,
1575 1714 1609 1739 ut
1636 1715 1778 1748 poterat.
1803 1715 1832 1740 et
1859 1720 1893 1740 se
1919 1720 1959 1740 ne
1984 1711 2146 1749 premissa
2169 1713 2302 1741 lit-rem.

1289 1767 1490 1801 opponente,
1522 1764 1673 1801 prefatus
1698 1764 1879 1793 cardinalis
1905 1765 1932 1796 ¹.
1964 1765 2087 1794 auditis
2118 1774 2180 1803 que
2211 1765 2304 1795 fuere

1288 1816 1455 1854 proposita
1473 1825 1582 1846 coram
1600 1825 1652 1850 eo,
1672 1821 1701 1846 et
1724 1817 1821 1847 nobis
1843 1826 1878 1847 ac
1902 1817 2062 1847 fratribus
2080 1818 2202 1847 nostris
2225 1818 2305 1848 tide-

1287 1868 1366 1899 liter
1392 1869 1557 1904 recitatiS,
1587 1869 1626 1899 de
1654 1870 1803 1907 ipsorum
1828 1870 1969 1900 consilio
1996 1870 2100 1901 dictos
2128 1871 2304 1901 canonicos

1289 1925 1403 1951 contra
1431 1925 1463 1951 te
1493 1925 1524 1951 et
1546 1930 1739 1960 processum
1770 1922 1918 1962 ejusdem
1942 1923 2088 1961 episcopi
2120 1932 2185 1953 non
2209 1923 2304 1953 duxi-

1288 1982 1362 2003 mus
1379 1973 1582 2009 audiendos;
1607 1975 1689 2013 quin
1714 1975 1822 2013 potius
1839 1975 1988 2005 districte
2012 1976 2152 2005 fecimus
2178 1976 2303 2005 eisdem

1288 2026 1421 2065 injungi
1445 2031 1498 2062 ut,
1524 2027 1564 2056 ad
1585 2027 1672 2057 idem
1694 2028 1933 2058 monasterium
1962 2028 2155 2059 redeuntes.
2181 2034 2302 2059 statuta

1287 2079 1371 2118 ipsa,
1392 2089 1456 2118 que
1473 2080 1534 2109 suh
1548 2079 1637 2110 hulla
1654 2085 1767 2110 nostra
1782 2081 1946 2111 mittimus
1960 2081 2152 2111 interclusa.
2166 2081 2303 2111 inviola-

1287 2132 1402 2162 biliter
1421 2132 1649 2163 observarent.
1671 2133 1722 2163 Ad
1744 2138 1775 2164 te
1802 2134 1904 2172 igitur
1922 2134 2130 2164 remittentes
2153 2134 2301 2168 eosdem,

1287 2186 1485 2216 mandamus
1506 2191 1683 2225 quatenus,
1705 2187 1795 2225 ipsos
1811 2186 1955 2225 benigue
1981 2187 2162 2225 recipiens,
2191 2196 2227 2217 ac
2251 2197 2303 2217 re-

1287 2239 1424 2270 mittens
1440 2248 1499 2278 pro
1514 2240 1703 2270 reverentia
1719 2245 1843 2271 nostra.
1862 2240 1891 2270 si
1913 2240 1994 2279 quid
2012 2250 2109 2277 grave
2129 2241 2241 2270 forsan
2265 2250 2303 2271 ex

1288 2292 1466 2331 disciplina
1490 2292 1618 2323 ordinis
1642 2297 1851 2328 meruerunt,
1879 2293 1927 2323 sic
1955 2302 2022 2323 eos.
2048 2293 2113 2323 lata
2133 2303 2190 2332 per
2215 2299 2245 2323 te
2268 2294 2302 2323 in

1286 2345 1377 2385 ipsos
1408 2346 1762 2376 excommunicationis
1800 2346 1966 2377 sententia
2003 2347 2076 2376 sine
2110 2347 2303 2377 difficultate

1287 2398 1437 2438 qualibet
1454 2399 1612 2434 relaxata,
1635 2399 1669 2429 in
1692 2399 1812 2438 spiritu
1834 2399 1982 2429 lenitatis
2004 2405 2033 2429 et
2057 2400 2207 2430 caritatis
2229 2400 2303 2429 dul-

1287 2452 1404 2482 cedine
1420 2451 1558 2482 honeste
1575 2452 1709 2482 studeas
1726 2456 1937 2490 pertractare,
1957 2452 2043 2491 quod
2063 2453 2126 2491 ipsi
2146 2452 2184 2481 de
2203 2457 2232 2481 te
2253 2452 2302 2481 ul-

1289 2505 1393 2535 terius
1408 2505 1584 2536 materiam
1599 2514 1663 2535 non
1680 2505 1823 2535 habeant
1841 2505 2081 2544 conquerendi.
2108 2510 2136 2535 et
2157 2514 2226 2534 nos.
2245 2505 2301 2543 qui

1288 2567 1344 2588 eos
1361 2558 1401 2588 ad
1417 2562 1447 2588 te
1463 2558 1674 2588 remittendo.
1693 2558 1860 2588 devotioni
1878 2563 1931 2587 tue
1949 2557 2088 2588 multum
2108 2557 2299 2587 detulimus.

1288 2611 1411 2641 habere
1428 2611 1596 2649 possimus
1620 2615 1790 2648 acceptum
1804 2607 1816 2624 ²
1833 2615 1861 2639 ct
1882 2611 2108 2640 sinceritatem
2127 2615 2214 2639 tuam
2233 2620 2301 2639 iuo-

1287 2664 1351 2695 rito
1375 2664 1618 2695 commendare.
1642 2664 1715 2693 Dat.
1743 2663 1909 2697 Laterani,
1931 2662 2082 2693 kalendis
2103 2663 2299 2692 decembris.

1287 2727 1374 2748 anno
1389 2717 1542 2756 septimo.
1562 2729 1575 2743 n

1321 2857 1342 2881 1.
1360 2856 1403 2881 Ou
1420 2857 1484 2880 hicn
1501 2857 1518 2880 il
1535 2863 1554 2886 y
1575 2863 1603 2883 a,
1621 2855 1688 2878 dans
1709 2855 1733 2878 le
1754 2856 1891 2884 Reyistre.
1908 2860 1961 2877 une
1982 2853 2079 2877 laeunc
2095 2853 2109 2875 a
2125 2858 2165 2876 cet
2181 2853 2300 2881 endroit,

1287 2908 1334 2930 ou,
1351 2908 1381 2925 ec
1393 2901 1440 2932 qui
1455 2904 1495 2925 est
1510 2901 1572 2931 plus
1588 2900 1728 2930 probante,
1742 2899 1782 2922 les
1794 2902 1864 2922 mots
1877 2899 2002 2927 prefatus
2015 2899 2173 2921 cardinalis
2187 2897 2301 2920 doivent

1288 2946 1347 2970 titre
1363 2945 1519 2976 supprimes
1536 2948 1562 2968 ct
1579 2943 1730 2974 rcmplnces
1746 2950 1794 2974 par
1810 2949 1870 2966 uos.

1319 2989 1342 3013 2.
1360 2989 1573 3014 Snus-emendo
1591 2992 1614 3012 le
1630 2994 1665 3011 ou
1682 2989 1742 3012 noc.
