2498 3242
249 323 307 354 817
1107 309 1322 349 sEPTIEME
1343 309 1504 347 ANNEE.
2303 318 2361 348 818

246 387 315 418 tius
339 385 568 426 propalarent,
595 394 670 416 cum
695 385 897 425 quibusdam
926 394 1009 424 quos
1039 384 1087 415 eis
1117 382 1264 414 Sathane

247 439 418 478 suggestio
434 438 618 476 colligavit,
640 438 675 468 in
691 438 825 468 modurn
841 437 1066 476 processionis
1087 436 1175 466 circa
1195 443 1264 464 me-

247 495 411 522 moratam
429 490 673 529 parrochialem
689 490 865 521 ecclesiam
878 490 1083 524 incedentes,
1098 487 1264 526 impositis

248 544 315 575 sibi
331 543 486 574 ordinum
506 547 538 573 et
553 543 736 573 officiorum
754 543 876 577 titulis,
895 543 1017 582 quibus
1039 540 1265 572 ecclesiastica

249 596 396 635 dignitas
410 596 595 631 decoratur,
611 596 708 634 quasi
724 596 906 631 dementes,
923 595 1098 635 profundis
1115 592 1265 623 clamori-

249 649 313 680 bus
327 657 438 679 aerem
449 648 675 683 verberantes,
689 658 725 679 ac
738 648 917 679 illudentes
931 647 1102 679 Conditor-i
1116 645 1266 676 omnium

250 705 283 732 et
299 701 438 740 collegio
457 710 688 740 supernorum,
709 710 795 740 aqua
810 700 1057 731 maledictionis
1075 701 1267 729 consecrata

250 754 323 785 loca
335 763 394 793 per
408 754 587 784 circuitum
603 754 823 793 aspergebant
841 764 848 783 z
866 754 979 788 1011110,
994 758 1030 783 01
1047 750 1267 791 nequioribus

245 807 360 846 signis
383 811 585 846 exponerent
610 816 669 837 sue
690 807 828 845 perfidie
857 806 1094 845 quantitatem,
1127 802 1267 834 ecclesie

253 859 444 898 supradicte
463 860 578 899 januis
597 860 740 890 redactis
758 860 793 890 in
817 860 979 894 cinerem,
1004 858 1147 897 gloriose
1165 855 1268 887 Geni-

253 912 347 942 tricis
364 913 425 942 Dei
446 917 477 942 et
494 912 582 943 beati
598 912 811 951 Evangeliste
827 912 993 943 ι1011110018
1009 919 1151 950 ycouam
1168 918 1269 939 vene-

252 965 395 995 rabilem
411 965 543 995 flamme
556 966 658 1004 ignis,
674 966 715 995 ad
730 965 836 996 nostri
848 964 1079 1003 Redemptoris
1096 962 1266 1002 injuriam,

253 1018 513 1057 dampnabiliter
536 1018 756 1057 applicantes,
787 1023 818 1049 et
841 1018 990 1057 undique
1017 1016 1173 1046 manibus
1194 1024 1269 1044 ver-

254 1075 367 1101 santes
384 1070 535 1107 eandem,
551 1071 659 1102 eidem
670 1071 858 1102 venerande
872 1071 1016 1109 Virgini,
1034 1071 1148 1106 calefac
1162 1074 1196 1104 te,
1213 1069 1269 1097 mi-

253 1132 332 1159 sera,
350 1123 486 1154 miserie
510 1123 573 1153 filii
595 1124 704 1154 dicere
725 1124 973 1163 presumebant.
997 1123 1168 1157 Ceterum,
1194 1130 1270 1151 cum

255 1175 392 1216 quidam
408 1175 486 1206 ville
507 1176 655 1215 predicte
671 1176 832 1216 puerulus
855 1176 894 1206 de
917 1176 1101 1206 viventium
1119 1182 1269 1209 numero,

255 1229 364 1260 soluto
394 1229 506 1259 carnis
531 1229 658 1265 debito,
690 1229 873 1265 tolleretur⁷
905 1229 969 1259 duo
994 1227 1272 1259 excommunicati

254 1281 344 1318 laici,
366 1281 406 1312 de
422 1281 561 1320 collegio
580 1283 816 1321 predictorum,
835 1291 976 1321 quorum
998 1291 1086 1311 unus
1102 1280 1223 1319 prioris
1241 1283 1272 1310 et

257 1333 340 1364 alter
361 1335 523 1373 prepositi
550 1335 685 1365 titulum
709 1339 974 1374 assumpserant,
1000 1335 1035 1363 in
1058 1333 1272 1372 opprobrium

256 1386 512 1422 monachorum,
530 1388 649 1418 stolam
666 1388 731 1418 sibi
752 1388 790 1418 de
813 1387 974 1418 stramine
990 1387 1167 1422 facientes,
1186 1396 1273 1425 aqua

256 1438 503 1470 maledictionis
516 1439 631 1470 habita
646 1449 704 1479 pre
717 1440 874 1470 manibus
890 1440 925 1470 in
943 1439 1200 1469 similitudinem
1215 1438 1273 1469 be-

257 1492 400 1528 nedicte,
425 1501 543 1531 corpus
568 1493 718 1533 ejusdem
736 1493 886 1532 pueruli,
908 1493 1024 1522 multis
1047 1492 1271 1531 presentibus,

258 1545 429 1584 sepulture
438 1546 665 1577 ecclesiastice
676 1546 939 1577 tradiderunt—.
949 1546 1147 1576 Mandamus
1157 1549 1274 1584 quate-

257 1607 332 1634 nus,
351 1598 381 1629 si
397 1608 509 1630 amara
526 1600 631 1630 series
646 1600 871 1639 predictorum
886 1599 1039 1630 veritatis
1053 1599 1201 1629 continet
1215 1598 1273 1627 fir-

255 1656 478 1688 mamentum,
493 1653 660 1691 predictos
676 1653 868 1691 sacrilegos,
887 1653 991 1683 sacris
1006 1652 1138 1690 legibus
1159 1651 1274 1690 damp-

256 1703 416 1734 nabiliter
432 1704 606 1741 inimicos,
623 1715 681 1744 per
697 1707 900 1736 Remensem
918 1705 1125 1744 provinciam
1146 1704 1274 1734 tamdiu

256 1757 401 1795 singulis
420 1757 538 1788 diebus
559 1759 736 1789 dominicis
760 1762 791 1788 et
812 1759 960 1794 festivis,
982 1758 1125 1797 pulsatis
1145 1766 1273 1796 campa-

256 1810 310 1841 nis
327 1815 358 1841 et
374 1811 523 1842 candelis
537 1812 699 1847 accensis,
718 1812 1020 1842 excommunicatos
1036 1811 1169 1850 publice
1186 1819 1273 1840 nun-

256 1863 348 1894 tietis
369 1868 401 1894 et
422 1864 556 1894 faciatis
580 1864 620 1894 ab
639 1865 794 1895 omnibus
818 1865 924 1895 artius
949 1865 1085 1899 evitari,
1110 1864 1213 1894 donec
1234 1863 1273 1893 de

257 1917 418 1956 predictis
434 1921 466 1947 et
487 1917 563 1948 aliis
578 1927 637 1956 pro
659 1918 782 1957 quibus
805 1918 845 1948 ad
863 1923 987 1948 certam
1008 1917 1274 1948 satisfactionem

259 1979 306 2006 se,
319 1971 512 2009 juramento
526 1975 557 2001 et
570 1971 786 2011 fidejussione
799 1971 962 2010 prestitis,
976 1971 1102 2001 eisdem
1116 1970 1228 2000 abbati
1242 1974 1274 2000 et

259 2023 439 2054 conventui
455 2023 662 2062 obligarunt,
682 2025 893 2055 satisfaciant
909 2028 1144 2063 competenter,
1167 2028 1198 2054 81
1219 2032 1274 2053 ac-

256 2080 345 2107 tores
360 2076 593 2116 hujuscemodi
616 2078 752 2109 sceleris
771 2077 973 2116 principales
996 2087 1070 2108 cum
1087 2081 1274 2107 vestrarum

256 2130 450 2160 testimonio
473 2129 662 2160 litterarum
677 2131 718 2161 ad
737 2130 963 2169 Apostolicam
983 2130 1102 2161 Sedem
1122 2129 1270 2165 veniant,

255 2192 315 2222 pro
331 2192 367 2213 se
385 2192 423 2213 ac
439 2183 515 2213 aliis
533 2184 734 2222 supradictis
757 2183 978 2214 absolutionis
996 2183 1197 2213 beneficium
1215 2181 1274 2212 ob-

255 2235 394 2266 tenturi.
417 2236 574 2266 Ceterum
590 2236 619 2266 si
638 2236 678 2266 ab
695 2245 807 2267 errore
823 2245 883 2267 suo
906 2245 967 2267 088
989 2235 1100 2265 taliter
1118 2238 1274 2273 poterunt

256 2289 418 2325 revocari,
444 2289 484 2319 ad
502 2289 574 2326 hoc,
593 2290 623 2319 si
641 2298 777 2320 necesse
793 2290 912 2325 fuerit,
933 2288 1082 2319 seculare
1099 2287 1274 2318 brachium

254 2341 431 2372 invocetis.
448 2342 560 2373 Nullis
576 2343 698 2373 litteris
712 2347 787 2379 etc„
802 2342 1000 2382 impetratis.
1012 2343 1085 2372 Dat.
1103 2340 1272 2376 Laterani,

256 2394 370 2425 idibus
385 2395 475 2434 julii,
494 2404 581 2426 anno
599 2396 750 2434 septimo.
773 2408 786 2421 n
1196 2383 1199 2387 ³

331 2573 444 2603 148?

294 2637 527 2671 Arcbiepiscopo
542 2635 775 2671 Rotbomagensi
789 2635 935 2671 significat
949 2644 982 2663 se
999 2635 1169 2667 Robertum,
1183 2636 1275 2662 comi-

259 2688 317 2712 tem
345 2684 521 2716 Drocarum,
547 2692 649 2719 rogare
676 2687 706 2710 ut
733 2684 896 2719 praedictos
918 2684 1078 2718 sacrilegos
1101 2684 1136 2710 ab
1160 2684 1274 2718 injuriis

259 2734 398 2770 praedicti
428 2734 597 2760 monasterii
627 2732 726 2760 Sancti
757 2732 902 2760 Gualarici
931 2738 1117 2768 compescat;
1143 2732 1219 2767 quod
1248 2732 1274 2759 si

258 2783 426 2819 praedictus
442 2790 542 2809 comes
559 2783 584 2809 in
602 2783 657 2809 hoc
673 2782 760 2808 suerit
774 2782 860 2809 deses
877 2783 921 2809 vel
935 2783 1087 2814 remissus,
1105 2782 1166 2816 ipse
1178 2780 1275 2808 archi-

258 2833 418 2868 episcopus
433 2840 500 2858 euni
517 2832 551 2858 ad
568 2832 596 2858 id
612 2832 776 2866 compellat.
789 2847 822 2851 —
837 2831 920 2865 (Rso.
937 2832 978 2864 17,
991 2832 1010 2859 s.
1023 2832 1106 2863 721·0;
1125 2839 1191 2858 ann.
1207 2829 1273 2863 V11,

256 2888 284 2908 c.
302 2880 371 2915 ain
387 2893 424 2901 -—
437 2879 559 2908 Monam
578 2880 656 2913 1188,
673 2880 692 2906 f.
713 2880 785 2913 144.)

830 2573 944 2606 Latmo,
964 2574 995 2600 15
1008 2573 1104 2608 juillet
1124 2573 1201 2601 1233.

299 2994 313 3009 ιι
332 3005 354 3012 ..
370 2982 599 3020 archiepiscopo
611 2982 855 3020 Rothomayensi.
870 2982 1031 3021 Princeps
1044 2981 1160 3012 mundi
1174 2981 1275 3021 hujus

381 3040 569 3073 GREGomE
587 3047 639 3079 tx,
658 3049 676 3072 t.
695 3047 718 3072 1.

1346 392 1400 417 —;
1419 381 1576 412 dilectum
1592 382 1699 412 filium
1716 382 1861 412 nobilem
1872 382 1981 412 virum
1994 382 2187 418 Robertum,
2206 383 2361 413 comitem

1347 435 1545 470 Drocarum,
1570 444 1724 473 rogamus
1745 438 1775 464 et
1798 434 2010 465 obsecramus
2033 435 2067 464 in
2090 435 2232 465 Domino
2255 435 2362 466 Jhesu

1348 486 1482 517 Christo
1500 496 1537 517 ac
1553 487 1588 517 111
1603 487 1837 517 remissionem
1854 487 2062 525 injungimus
2082 492 2290 526 peccatorum
2302 510 2309 523 ‚
2326 492 2363 517 ut

1348 539 1514 577 predictos
1535 540 1726 578 sacrilegos,
1747 540 1850 570 sacris
1866 539 1997 577 legibus
2019 540 2278 578 dampnabiliter
2295 540 2362 569 ini-

1349 592 1464 626 micos,
1480 601 1540 622 088
1557 601 1622 622 000
1636 593 1784 622 fautores
1798 593 1956 630 ipsorum,
1972 592 2029 630 qui
2046 592 2107 621 sub
2125 592 2296 631 temporali
2307 593 2363 632 ju-

1349 645 1544 675 risdictione
1563 654 1622 675 sua
1636 646 1818 676 consistere
1836 646 2059 679 1·eseruntur¹,
2076 645 2116 674 ab
2130 646 2264 684 injuriis
2283 645 2363 675 dicti

1349 698 1546 728 monasterii
1563 697 1673 728 taliter
1689 698 1811 727 tradita
1826 698 1890 727 sibi
1907 702 2067 736 potestate
2084 702 2279 735 compescat.
2294 706 2364 728 mo-

1350 750 1535 780 nasterium
1558 750 1667 788 ipsum
1691 750 1908 788 protectionis
1935 758 1993 779 sue
2019 750 2124 787 gratia
2146 750 2361 786 confovendo,

1351 805 1439 844 quod
1464 805 1529 843 ipsi
1553 814 1612 835 sue
1635 805 1809 845 probitatis
1836 805 1969 835 dextera
1992 804 2231 842 deprimantur,
2258 809 2364 835 status

1351 858 1501 898 ejusdem
1516 858 1711 888 monasterii
1728 862 1900 897 reparetur
1917 857 2014 896 (818).
2033 858 2200 891 Ceterum,
2220 858 2259 888 si.
2278 858 2365 896 quod

1352 911 1449 946 absit,
1467 911 1635 949 predictus
1651 920 1760 941 comes
1777 911 1817 940 ad
1833 910 2033 940 reddendam
2052 910 2091 940 ‹le
2111 915 2201 940 tanto
2218 911 2365 940 facinore

1351 964 1510 1002 predictis
1526 964 1675 1002 reprobis
1695 963 1858 994 ultionem
1880 963 1976 994 deses
2001 963 2147 993 extiterit
2173 963 2223 993 vel
2246 963 2365 993 remis-

1352 1026 1426 1052 sus,
1444 1017 1640 1047 mandamus
1657 1021 1822 1056 quatenus
1842 1025 1917 1046 eum
1936 1016 1977 1046 ad
1992 1016 2026 1045 id
2044 1026 2102 1055 per
2119 1025 2294 1046 censuram
2312 1025 2366 1046 88-

1353 1070 1592 1104 clesiasticam,
1611 1069 1832 1109 appellatione
1857 1073 1994 1105 remota,
2022 1068 2200 1108 compellas
2222 1086 2271 1097 —.
2290 1069 2363 1099 Dat.

1352 1127 1389 1154 ut
1407 1133 1519 1162 supra.
1541 1136 1554 1150 »

1391 1240 1494 1265 1488.
1510 1251 1545 1257 —
1563 1236 1595 1263 In
1618 1236 1743 1263 eundem
1764 1235 1824 1262 fere
1846 1234 1961 1262 modum
1981 1234 2122 1268 scriptum
2144 1238 2189 1260 est
2207 1242 2296 1268 super
2312 1234 2366 1260 hoc

1354 1285 1439 1311 eidem
1454 1285 1558 1310 comiti.

1430 1436 1544 1465 1439
1926 1433 2039 1465 Latmo,
2062 1434 2091 1460 15
2105 1434 2199 1468 Juillet
2218 1434 2294 1462 1233.

1392 1498 1505 1533 Regem
1519 1497 1695 1524 Francorum
1713 1501 1794 1531 rogat
1809 1501 1953 1531 quatenus
1966 1496 2128 1530 praedictos
2144 1496 2303 1530 sacrilegos
2318 1504 2367 1522 80-

1356 1555 1479 1581 rumque
1490 1546 1618 1573 fautores
1629 1546 1663 1572 ab
1680 1545 1795 1579 injuriis
1812 1544 1948 1580 praedicti
1965 1545 2132 1571 monasterii
2149 1544 2247 1570 Sancti
2263 1544 2368 1571 Guala-

1357 1596 1418 1628 rici⁷
1435 1603 1502 1622 cum
1518 1603 1607 1630 super
1623 1595 1678 1620 hoc
1700 1594 1763 1628 ipse
1786 1602 1835 1624 rex
1857 1594 1891 1619 ab
1913 1592 2024 1619 eisdem
2047 1593 2150 1619 abbate
2173 1597 2201 1619 et
2223 1596 2368 1619 conventu

1356 1645 1444 1671 fuerit
1459 1644 1642 1679 imploratus,
1660 1647 1837 1677 compescat.
1855 1657 1888 1662 -
1906 1642 1988 1673 (Rau.
2010 1642 2050 1673 17,
2068 1642 2088 1669 f.
2107 1642 2139 1668 7‘2
2156 1648 2199 1673 νος
2216 1650 2281 1668 ann.
2302 1640 2366 1673 Vll,

1356 1702 1382 1721 c.
1398 1693 1468 1727 ‘2483
1486 1709 1519 1712 —
1535 1692 1655 1720 Momm
1674 1692 1751 1724 1188,
1769 1691 1787 1719 s.
1808 1691 1872 1723 ›146;
1889 1704 1926 1711 —
1941 1690 2087 1718 Por‘rnas'r
2103 1690 2194 1722 9262.)

1399 1808 1412 1822 (1
1433 1819 1452 1824 ..
1471 1796 1589 1824 illustri
1604 1795 1670 1832 reqi
1684 1794 1889 1823 Francorum.
1909 1792 2067 1830 Princeps
2078 1791 2194 1822 mundi
2207 1791 2307 1830 hujus
2318 1808 2368 1820 —.

1356 1850 1431 1879 Dat.
1448 1852 1485 1878 ut
1501 1856 1612 1886 supra.
1634 1860 1647 1873 ι)

1433 2007 1452 2034 Ι
1460 2006 1550 2035 4¹⁷0

1392 2068 1535 2094 Abbatem
1557 2071 1586 2093 et
1607 2070 1782 2094 conventum
1806 2064 2033 2091 clarevallenses
2055 2064 2091 2090 de
2115 2063 2249 2098 Clie1n1to
2273 2065 2318 2097 (=
2333 2063 2369 2090 de

1356 2116 1468 2144 Cliente
1484 2124 1537 2143 seu
1553 2115 1679 2147 Chienti,
1697 2114 1913 2141 Camerinensis
1933 2113 2109 2145 dioecesis)²
2126 2118 2207 2147 rogat
2226 2116 2255 2138 et
2272 2115 2370 2139 monet

1357 2170 1389 2193 ut
1410 2165 1618 2192 monasterium
1639 2163 1737 2191 Sancti
1761 2162 1839 2189 Petri
1854 2162 1890 2188 de
1913 2161 2081 2190 Ferentino.
2100 2161 2272 2195 spoletanae
2288 2161 2369 2187 dioe-

1356 2216 1444 2247 cesis,
1458 2216 1542 2250 juxta
1553 2213 1757 2240 cisterciensis
1768 2212 1878 2239 ordinis
1890 2212 2020 2238 instituta
2032 2210 2175 2237 ordinent.
2188 2225 2219 2230 —-
2228 2209 2312 2243 (Rso.
2328 2210 2368 2242 17,

1356 2265 1376 2292 s.
1393 2265 1425 2291 72
1436 2271 1479 2293 vo:
1496 2272 1563 2290 aun.
1575 2262 1641 2294 V11,
1658 2270 1684 2289 c.
1701 2261 1771 2294 249ς
1790 2276 1821 2280 -
1840 2260 1987 2287 Pousis-r
2003 2259 2094 2292 9261.)

1918 2003 2044 2038 Anagni,
2060 2003 2094 2030 95
2107 2003 2203 2038 juillet
2221 2002 2297 2030 1233.

1399 2379 1411 2393 «
1444 2389 1463 2395 ..
1489 2366 1591 2394 abbati
1617 2369 1643 2394 et
1667 2363 1833 2393 conventui
1858 2361 2133 2392 Clarevallensibus
2160 2360 2193 2389 cle
2215 2360 2367 2397 Clie[n]10.

1357 2419 1565 2450 cisterciensis
1599 2418 1731 2448 ordinis.
1766 2417 1813 2446 Ex
1850 2419 1943 2454 parte
1979 2413 2176 2444 dilectorum
2209 2430 2258 2441 —.
2294 2414 2367 2443 Dat.

1356 2471 1520 2510 Anagnie‚
1539 2471 1623 2501 VIII
1639 2469 1800 2500 kalendas
1817 2467 1962 2506 augusti,
1983 2475 2070 2497 anno
2086 2466 2236 2505 septimo.
2260 2478 2272 2491 »

1432 2637 1545 2666 ¹4⁷1

1391 2699 1624 2734 Archiepiscopo
1639 2694 1849 2730 Bur-degalensi
1866 2693 1981 2720 mandat
1995 2695 2140 2727 quatenus
2155 2691 2296 2718 ecclesiae
2313 2690 2369 2717 Pe-

1917 2631 2043 2666 Anagni,
2061 2630 2203 2665 2711111181
2223 2629 2298 2656 1233.

1390 2813 1411 2837 1.
1427 2813 1542 2841 Robert‚
1557 2814 1647 2836 comte
1664 2810 1697 2834 de
1714 2810 1816 2838 Dreux‚
1833 2807 1973 2832 troisieme
1989 2806 2025 2830 du
2040 2813 2114 2835 nom,
2130 2812 2159 2829 se
2173 2804 2295 2829 trouvait
2311 2804 2369 2828 etro

1358 2864 1393 2882 en
1412 2857 1477 2881 effet
1496 2856 1627 2887 seigneur
1648 2855 1682 2879 de
1706 2853 1903 2882 saint-Valery
1922 2858 1970 2882 par
1987 2857 2038 2875 son
2055 2850 2174 2880 mariage
2189 2855 2257 2872 avec
2273 2848 2369 2877 AEnor,

1357 2902 1412 2926 fille
1427 2901 1533 2932 unique
1549 2900 1583 2924 de
1598 2899 1727 2927 Thomas,
1741 2901 1830 2922 comto
1845 2897 1879 2920 de
1896 2895 2105 2925 saint-Valery.

1388 2946 1412 2970 2.
1433 2945 1467 2970 Et
1487 2952 1544 2970 non
1565 2946 1675 2969 Claram
1693 2945 1867 2969 vallensem.
1887 2941 2077 2970 Linyonensis
2097 2938 2245 2967 dioecesis,
2264 2942 2370 2961 comme

1357 2989 1503 3021 l'imprimo
1521 2988 1657 3017 Potthast,
1673 2985 1780 3018 d'apres
1796 2985 1949 3015 Maurique.

2217 3037 2246 3062 52
