2498 3242
159 224 198 253 29
980 215 1213 252 Fluentium
1238 213 1404 251 ANNEE.
2203 219 2242 248 30

110 314 114 318 ⁴
157 308 244 342 tum;
267 307 299 336 et
322 306 365 336 ita
389 306 510 335 sactum
533 305 594 338 est,
618 304 705 343 quod
729 313 794 333 non
823 304 894 333 sine
917 312 1036 342 magno
1061 303 1170 333 cordis

155 359 269 390 dolore
296 358 484 393 referimus,
511 358 546 387 ut
572 357 713 387 heretice
740 356 824 386 labis·
854 357 1002 390 morbus,
1032 365 1169 395 serpeus

156 412 315 452 paulatim
332 412 367 441 ut
384 420 513 445 cancer,
530 410 735 448 provinciam
753 411 895 439 vestram
917 410 982 439 fere
1002 411 1100 439 totam
1121 409 1168 438 in-

156 465 280 500 fecerit,
298 466 328 495 et
352 464 487 494 libertas
507 463 729 493 ecclesiastica
750 471 833 501 pene
852 463 986 501 penitus·
1008 462 1169 492 subversa

157 518 201 549 sit
216 518 249 548 in
268 517 384 548 eadem
401 518 431 547 et
447 516 488 546 ab
508 516 579 554 ejus
598 515 722 545 finibus
739 516 918 553 emigrat-it,
938 524 1010 545 cum
1034 515 1169 545 heretici

154 571 224 609 jam
245 579 310 600 non
332 569 450 608 vulpes
470 569 609 598 latentes
631 568 761 598 vineam
783 568 1004 598 demoliantur
1027 567 1168 598 domini-

156 622 416 661 cam,s011quasi
431 621 506 660 equi
523 621 629 660 parati
645 621 684 650 ad
701 621 840 660 prolium
858 622 1046 659 presumant
1065 621 1167 651 mani-

158 676 239 706 feste
256 675 429 713 insurgere
448 676 559 704 contra
578 683 661 708 eam,
677 674 709 703 in
723 674 922 712 quibusdam
938 674 1018 703 locis
1038 674 1168 712 publice

157 729 371 769 predicando,
388 730 419 758 et
436 727 532 766 quasi
549 729 634 758 tam-i
657 727 741 757 inter
758 736 874 757 vaccas
890 727 1101 765 populorum,
1120 726 1167 756 in-

156 782 205 812 ter
222 782 373 812 videlicet
390 781 604 811 seductibiles
620 780 761 814 animas,
780 780 933 810 ducatum
950 780 1070 819 gregis,
1088 780 1168 809 dum

157 834 331 874 episcopos
352 842 387 864 se
402 833 569 873 appellare
590 835 797 872 presumunt.
819 834 940 863 temere
963 833 1166 871 usurpando.

156 887 307 918 Libertas
322 896 399 917 vcro
412 886 635 916 ecclesiastica
648 886 729 916 adeo
744 886 829 915 inter
847 895 904 915 vos
920 886 1080 915 subversa
1095 893 1168 915 esse

157 940 279 970 dicitur
293 941 323 970 et
339 948 467 976 eversa,
487 941 520 969 ut
535 948 600 969 non
615 939 722 969 sotum
736 939 950 968 eeclesiarum
965 938 1167 973 hominibus,

157 994 215 1024 sed
233 993 332 1024 etiam
355 993 438 1032 ipsis
459 992 608 1022 ecclesiis
626 993 657 1021 et
677 992 828 1029 personis
850 992 1083 1021 ecclesiasticis
1105 992 1169 1021 eol-

158 1046 251 1081 lecte,
270 1046 372 1079 tallie,
390 1045 523 1084 ungarie
540 1054 575 1074 ac
590 1045 786 1083 parangarie
803 1045 1014 1083 imponantur
1029 1054 1044 1073 a
1063 1045 1168 1079 laicis,

158 1101 191 1129 et
208 1098 408 1138 respondere
426 1100 586 1136 cogantur
606 1097 667 1127 sub
686 1098 837 1127 examine
852 1098 975 1135 judicis·
997 1098 1168 1131 secularis,

158 1160 242 1191 quos
267 1151 367 1181 ctiam
394 1160 459 1180 nou
485 1150 646 1180 veremini
667 1150 801 1188 publico
818 1150 927 1180 banno
960 1151 1108 1180 subis-ere
1134 1160 1170 1180 uc

157 1205 324 1235 interdum
346 1204 471 1233 carceri
494 1203 695 1241 mancipare.
722 1203 785 1238 Qui
812 1204 921 1233 autem
948 1204 997 1233 vel
1024 1204 1170 1233 nondum

156 1265 295 1298 prorsus
312 1257 451 1287 ecclesie
471 1256 691 1286 reverentiam
709 1256 911 1295 abjecerunt,
932 1257 995 1289 vel,
1013 1256 1101 1294 quod
1120 1265 1171 1285 ve-

156 1310 228 1341 rius
247 1311 309 1345 est,
332 1310 449 1340 volunt
470 1318 535 1339 nou
558 1309 718 1347 abjecisse
742 1309 860 1343 videri,
882 1309 991 1339 banno
1012 1318 1171 1347 personas

156 1363 347 1403 hujusmodi
364 1371 429 1393 non
453 1362 633 1398 subiciunt,
654 1363 723 1396 sed,
744 1362 771 1392 si
790 1362 940 1392 clericale
957 1363 1170 1401 privilegium

157 1415 338 1455 allegantes
359 1424 468 1445 coram
487 1415 535 1444 eis
559 1416 727 1445 rennuunt.
746 1415 958 1454 respondere,
980 1415 1028 1444 eis
1051 1416 1169 1453 negant

152 1469 335 1508 justiciam,
354 1477 429 1499 cum
448 1469 486 1498 de
504 1468 600 1498 laicis
616 1470 875 1506 conqueruntur,
897 1468 1044 1507 ipsisque
1064 1468 1170 1505 laicis,

157 1531 198 1553 ne
222 1522 291 1552 illis
312 1522 559 1552 communicent
578 1521 612 1551 in
632 1521 840 1551 commerciis
858 1521 976 1552 aliisve
996 1522 1170 1552 contracti-

156 1575 232 1612 bus,
252 1575 466 1611 interdicunt,
488 1576 518 1604 et
536 1575 583 1604 sic
603 1583 688 1604 nove
707 1575 852 1614 potentie
872 1583 991 1613 genero
1012 1575 1086 1604 laici
1107 1575 1170 1605 cle-

157 1629 246 1660 ricos
259 1628 504 1668 quodammodo
520 1628 821 1662 excommunicant,
838 1637 911 1658 cum
929 1628 1012 1666 ipsis
1028 1637 1172 1658 eommu-

157 1682 275 1717 nicari,
302 1682 339 1712 ut
365 1681 524 1717 diximus,
555 1690 619 1712 non
647 1681 850 1720 permittant.
880 1681 1019 1711 Faciunt
1051 1683 1172 1711 statuta

157 1735 256 1766 etiam
268 1743 368 1774 super
379 1735 528 1773 decimis,
543 1736 584 1771 et,
598 1735 786 1774 contempta
799 1735 869 1773 lege
881 1735 1007 1770 divina,
1021 1735 1172 1765 subditos
1201 1732 1203 1772 ζ

160 1795 238 1818 suos
261 1788 302 1818 ad
327 1796 507 1818 usurarum
535 1787 736 1818 solutionem
764 1795 880 1826 cogere
912 1796 978 1818 non
1006 1789 1171 1822 verentur,

157 1848 299 1880 quorum
319 1840 456 1880 quidam
479 1840 512 1871 in
534 1841 623 1871 tante
646 1830 841 1871 temeritatis
864 1840 1037 1870 audaciam
1059 1849 1173 1879 proru-

155 1894 288 1932 perunt,
305 1893 341 1923 ut
361 1892 394 1923 in
415 1893 505 1927 illos,
524 1893 581 1931 qui
597 1894 712 1923 contra
728 1893 901 1923 usurarios
921 1893 1049 1923 litteras
1068 1893 1171 1932 impe-

155 1946 244 1976 trant
255 1945 465 1985 apostolicas,
479 1954 544 1975 non
559 1946 626 1975 sint
639 1946 734 1976 veriti
749 1947 893 1975 statuere
904 1947 1025 1975 certam
1038 1954 1171 1984 penam.
1203 1964 1204 1967 =

159 1998 319 2037 Nunquid
335 1999 469 2029 creditis
482 1999 570 2038 quod
587 1999 679 2029 Deus
694 1999 756 2029 ista
771 2008 835 2029 non
865 1999 995 2029 videat?
1011 1999 1173 2035 Nunquid
1202 2032 1204 2039 Α

160 2051 293 2083 creditis
322 2052 410 2091 quod
432 2052 491 2082 hec
510 2052 608 2087 mala,
632 2052 697 2082 uisi
715 2052 937 2086 correxeritis,
959 2061 1092 2091 sempor
1113 2052 1171 2082 im-
1203 2044 1204 2055 ¹

1203 2090 1204 2113 ἶ
1232 2093 1321 2127 ipsius
1338 2092 1509 2124 committit,
1524 2092 1563 2119 ita
1579 2092 1664 2126 quod,
1677 2092 1700 2118 si
1717 2091 1844 2125 legatum
1862 2091 1897 2117 ud
1910 2092 2005 2124 partes
2022 2090 2086 2117 illas
2102 2090 2136 2116 de
2152 2090 2241 2117 latere

159 2105 276 2146 punita
293 2105 480 2144 relinquat?
496 2105 631 2135 Patiens
648 2105 781 2144 quidem
798 2107 846 2135 est
862 2105 965 2142 Deus,
984 2107 1011 2135 ct
1028 2105 1082 2135 diu
1100 2114 1172 2144 per·

161 2166 287 2193 versos,
307 2159 344 2188 ut
360 2158 401 2188 ad
419 2158 528 2197 ipsum
545 2159 763 2194 revertantur,
782 2159 941 2197 expectat.
959 2158 1023 2189 Sed
1040 2158 1100 2193 illi,
1116 2157 1173 2196 qui

160 2211 296 2241 divitias
322 2211 395 2250 ejus
423 2211 685 2250 longanimitatis
711 2212 941 2250 contmnpnere
970 2220 1034 2241 non
1064 2211 1174 2241 formi-
1203 2214 1204 2221 ¹

161 2263 250 2299 dant,
271 2264 336 2295 sibi
354 2264 438 2295 iram
458 2264 490 2294 in
509 2265 561 2294 die
574 2264 692 2304 judicii
709 2264 943 2295 thesaurizant.
963 2264 1014 2294 Ab
1033 2264 1092 2295 hot·
1109 2272 1174 2295 me-

160 2317 284 2348 tuendo
299 2317 465 2353 thesauro,
482 2318 539 2356 qui
555 2318 785 2348 confusionem
799 2320 956 2357 perpetue
971 2318 1174 2357 paupertatis

162 2370 300 2407 inducit,
317 2379 378 2401 vos
395 2379 588 2409 preservare
602 2371 698 2410 juxta
713 2371 814 2401 officii
837 2371 938 2401 nostri
956 2370 1104 2401 debitum
1123 2380 1173 2401 sa-

161 2425 321 2463 tagente&
339 2424 593 2454 universitatem
609 2425 753 2454 vestram
770 2432 957 2459 monemuS,
973 2432 1128 2463 rogamus
1142 2425 1175 2455 et

162 2477 376 2508 obsecramus
393 2477 424 2507 in
435 2477 580 2507 Domino
594 2477 699 2507 Jhesu
709 2477 854 2512 Christo,
871 2485 908 2507 ac
920 2485 980 2516 per
994 2477 1176 2516 apostolica
1204 2494 1205 2499 =

163 2530 260 2562 vobis
289 2531 413 2569 scripta
449 2530 661 2570 precipiendo
692 2530 890 2561 mandamus
925 2532 1100 2569 quatenus,
1134 2530 1175 2561 ad

165 2581 271 2614 Deum
298 2583 458 2614 habentes
483 2591 568 2622 puro
592 2583 689 2614 corde
712 2585 897 2622 respectum
921 2585 951 2614 et
975 2583 1176 2614 transitoriis
1205 2598 1206 2621 3

165 2636 289 2672 eterna,
317 2637 352 2666 ut
379 2637 545 2672 convenit,
575 2637 790 2676 preferentes
821 2637 956 2667 omissis
982 2636 1176 2676 hujusmodi

167 2687 440 2720 adinventionum
466 2689 634 2724 versutiis,
649 2690 772 2728 quibus
784 2689 894 2720 nullos
906 2689 1012 2729 magis
1024 2689 1177 2728 decipitis

167 2749 266 2781 quam
284 2750 345 2772 vos
363 2742 465 2781 ipsos,
486 2751 523 2773 ea
549 2751 612 2782 que
633 2744 746 2774 contra
768 2742 931 2774 hereticos
953 2744 984 2773 et
1006 2742 1177 2774 credentes

168 2802 206 2824 ac
231 2793 378 2825 fautores
406 2803 533 2832 eorum,
547 2797 579 2826 et
603 2804 667 2834 que
693 2804 753 2835 pro
778 2795 1000 2827 ecclesiastica
1026 2795 1178 2827 libertate

168 2846 348 2885 apostolica
359 2847 390 2877 et
401 2847 584 2886 imperialis
600 2849 727 2879 sancxit
741 2848 932 2884 auctoritas,
948 2850 979 2879 et
991 2848 1179 2887 specialiter

169 2906 234 2938 que
249 2907 350 2938 super
364 2899 430 2930 hiis
447 2901 569 2931 statuta
584 2901 719 2932 fuerunt
736 2902 769 2932 in
785 2902 925 2933 concilio
942 2901 1101 2941 generali,
1118 2909 1178 2932 nec

1231 311 1296 332 non
1314 310 1351 331 ea
1372 310 1435 340 que
1451 301 1652 331 karissimus
1674 301 1707 330 in
1726 300 1857 330 (lin-isto
1879 301 1969 329 iilius·
1989 302 2098 330 noster
2119 301 2223 331 Fredc

1230 355 1329 389 ricus,
1350 355 1577 385 Romanorum
1597 354 1773 391 imperator
1792 355 1866 388 etta,
1886 362 1984 392 super
2002 354 2127 384 eisdem
2145 364 2238 385 cons-

1228 408 1328 442 tituit,
1350 410 1379 437 et
1403 416 1466 445 que
1490 407 1521 436 iu
1542 407 1645 436 t'orma
1666 406 1839 436 concordie
1860 407 1944 436 inter
1962 407 2071 445 ipsum
2091 409 2119 437 et
2141 416 2238 446 quos-

1227 461 1303 490 dam
1320 462 1466 490 vestrum
1483 469 1501 489 a
1520 460 1604 489 ¹<ede
1623 459 1812 497 Apostolica
1829 468 1932 497 nuper
1947 460 2028 489 facte
2046 461 2236 499 supcrjam-

1227 514 1325 543 dictis
1342 513 1490 542 articulis
1509 515 1583 542 sunt
1604 520 1772 550 expressa,
1793 521 1855 549 qu«¹
1878 512 2031 541 volumus
2058 513 2096 541 ad
2123 522 2238 542 omnus

1227 566 1378 596 civitates
1396 566 1589 596 Lombardie
1609 565 1753 598 extendi,
1772 565 1898 594 sineere
1916 574 1951 594 a«-
1972 565 2112 595 tidelitvr
2127 566 2238 597 obser-

1226 620 1312 649 vetis
1340 621 1372 650 et
1402 619 1530 649 faciatis
1546 629 1562 647 a
1580 618 1710 647 civibus
1736 618 1855 647 vestris
1879 619 1908 647 et
1933 618 2086 650 subditis.
2106 619 2241 650 excluso

1226 673 1403 712 eujuslilwt
1430 671 1557 701 fraudis
1578 672 1775 706 commento,
1793 671 2031 700 inviolabiliter
2056 671 2239 706 observari,

1228 726 1356 756 nullum
1384 725 1424 754 ad
1455 724 1654 754 solutionem
1677 732 1852 753 usurarum
1881 724 2089 762 compellere,
2108 724 2159 753 vel
2190 724 2238 754 eis

1226 780 1283 817 qui
1322 781 1435 808 eontra
1465 778 1634 808 usurarios
1668 777 1793 806 litteras
1823 777 1999 815 impetrant
2029 777 2240 815 apostolicas,

1228 833 1268 862 ob
1293 832 1351 861 lioc
1371 840 1491 870 penam
1517 831 1663 869 inllIgere
1687 831 1930 868 presumentes,
1953 831 2142 868 preceptum
2165 839 2240 860 nos·

1228 887 1315 915 trum
1345 884 1454 914 taliter
1481 883 1660 922 impleturi,
1681 883 1768 921 quod
1793 883 1955 921 sepedicte
1979 882 2063 912 labis
2090 883 2240 919 infamia,

1227 947 1290 977 que
1308 947 1367 968 vos
1387 937 1529 967 reddidit
1549 937 1670 975 ubique
1687 936 1861 971 notabiles,
1885 936 2108 974 conquiescat,
2126 937 2168 971 et,
2188 944 2239 966 re-

1227 993 1315 1021 mota
1332 990 1521 1029 hujusmodi
1535 990 1662 1019 macula
1676 998 1751 1027 que,
1768 989 1853 1018 sicut
1866 998 1883 1018 a
1898 989 2062 1027 principio
2078 989 2238 1025 diximus,

1228 1045 1364 1074 laudum
1382 1045 1568 1073 vestrarum
1586 1043 1700 1072 titulos
1720 1042 1930 1072 veliementer
1946 1042 2108 1078 obfuscat,
2127 1042 2167 1071 de
2182 1050 2242 1080 pu-

1199 1098 1200 1101 ’
1229 1098 1321 1128 ritate
1340 1097 1417 1127 fidei
1436 1099 1465 1126 et
1483 1095 1736 1125 conservatione
1752 1095 1973 1125 ecelesiastice
1990 1095 2151 1125 libertatis
2166 1103 2240 1134 pos-

1229 1151 1302 1180 sitis
1328 1150 1444 1179 merito
1468 1148 1709 1178 ‹uunmendari2
1738 1156 1795 1186 pro
1820 1149 1907 1177 certo
1930 1148 2071 1177 scientes
2097 1147 2197 1186 quod.
2213 1147 2242 1177 si

1230 1204 1352 1234 nostris
1381 1203 1412 1232 in
1443 1203 1501 1231 lmc
1532 1201 1724 1231 salubribus
1748 1201 1989 1230 monitionibus
2016 1202 2047 1230 et
2075 1201 2239 1239 preceptis

1200 1296 1201 1300 Ἰ
1231 1256 1444 1294 inffglexeritis
1468 1256 1614 1289 obedire,
1638 1256 1667 1284 et
1691 1255 1803 1284 contra
1827 1264 1865 1284 ea
1887 1254 2158 1292 presumpseritis
2184 1262 2242 1293 per

1200 1311 1201 1350 ξ
1229 1309 1483 1339 adinventiones·
1500 1308 1662 1346 quaslibet
1681 1308 1834 1337 hereticis
1852 1307 1902 1336 vel
1922 1316 2036 1336 eorum
2056 1307 2240 1337 fautoribus

1230 1362 1377 1392 savorem
1394 1361 1567 1399 indignum
1585 1361 1786 1400 impendere,
1810 1361 2002 1398 vestrosque
2019 1359 2162 1398 prelatos
2186 1359 2242 1389 ali-

1229 1423 1308 1445 asve
1316 1422 1475 1453 personas
1485 1413 1725 1443 ecclesiasticas
1737 1412 1771 1442 in
1780 1413 1961 1451 prenotatis
1971 1412 2121 1441 articulis
2132 1419 2245 1451 aggra-

1230 1476 1383 1503 vare‚nos
1395 1468 1507 1497 contra
1514 1466 1797 1505 presumptionem
1807 1465 1997 1505 hujusmodi
2008 1473 2045 1495 oa
2056 1465 2242 1503 excogitare

1230 1520 1422 1551 curabimus
1432 1528 1564 1558 perque
1574 1519 1688 1549 eadem
1702 1519 1877 1558 comprimi
1891 1518 2019 1553 debeat,
2029 1519 2060 1548 et
2070 1527 2130 1548 vos
2142 1527 2160 1548 a
2172 1526 2242 1549 ves-

1200 1558 1202 1603 Ῐ
1230 1573 1290 1604 tris
1305 1572 1580 1612 perversitatibus
1596 1572 1637 1601 ad
1653 1572 1742 1601 viam
1763 1570 1970 1601 rectttudinis
1987 1571 2148 1601 revocari.
2162 1570 2243 1601 Pro-

1230 1626 1373 1656 videatis
1390 1626 1506 1664 igitur,
1518 1625 1602 1654 sicut
1616 1624 1679 1654 viri
1696 1624 1863 1663 sapientes
1877 1625 1909 1654 et.
1922 1623 2115 1662 providi,ne
2131 1624 2245 1654 contra

1231 1688 1302 1714 vos,
1330 1688 1471 1718 quorum
1492 1678 1634 1708 salutem
1658 1678 1796 1717 paterno
1816 1677 1964 1707 zelamur
1995 1677 2122 1712 affectu,
2142 1684 2243 1715 grave

1231 1733 1359 1771 aliquid
1373 1732 1515 1771 cogitare
1532 1740 1699 1770 cogemur,
1715 1731 1890 1770 culparum
1907 1731 2093 1761 vestrarum
2104 1730 2243 1761 immen-

1231 1787 1327 1817 sitate
1343 1785 1519 1824 compulsi.
1538 1785 1615 1815 Dat.
1633 1784 1802 1820 Laterani,
1819 1784 1868 1814 III
1882 1783 2043 1814 kalendas
2058 1783 2149 1813 maii.
2175 1794 2189 1809 ι)

1299 1963 1347 1993 55
1820 1959 1936 1990 Latran,
1953 1958 1988 1985 24
2003 1958 2076 1985 avril
2095 1959 2172 1986 1227.

1268 2044 1453 2072 Patriarchae
1465 2043 1728 2077 llierosolymitano
1743 2042 1893 2077 legationis
1909 2041 2035 2068 officium
2052 2042 2081 2068 in
2098 2041 2245 2075 provincia

1232 2150 1322 2177 pupae
1338 2140 1870 2176 contigeritdestinari‚exsecutionem
1887 2139 1975 2174 ipsius
1990 2139 2088 2171 ot'ticii,
2105 2138 2242 2173 quamdiu

1233 2190 1345 2226 legatus
1366 2190 1426 2226 ipsc
1447 2190 1484 2217 ibi
1501 2189 1597 2220 suerit,
1615 2189 1735 2216 omnino
1745 2188 1906 2223 praedictus
1923 2188 2089 2222 patriarcha
2103 2188 2243 2215 dimittat.

1234 2254 1269 2259 —
1286 2240 1366 2273 (nm.
1385 2240 1430 2272 ¹4,
1447 2238 1467 2267 ἰ.
1484 2240 1499 2265 ⁴.)
1515 2245 1558 2272 r0;
1576 2246 1644 2265 ann.
1659 2237 1681 2269 1,
1697 2246 1721 2265 c.
1740 2239 1788 2272 553
1803 2253 1837 2257 —
1853 2237 1966 2264 Monam
1986 2238 2062 2270 1185,
2079 2237 2099 2264 s.
2116 2237 2172 2271 50.)

1276 2348 1289 2362 «
1315 2358 1337 2366 ..
1362 2332 1539 2375 patriarche
1563 2331 1820 2362 Jerosolimitano.
1845 2331 2004 2363 Volentes
2017 2331 2049 2362 et
2072 2332 2164 2362 tuam
2191 2347 2241 2362 —.

1203 2391 1204 2405 ³
1232 2388 1310 2420 Dat.
1326 2387 1492 2422 Laterani,
1508 2386 1591 2418 VIII
1605 2385 1766 2418 kalendas
1783 2384 1876 2416 maii.
1891 2396 1905 2412 ι

1301 2575 1351 2607 56
1820 2570 1936 2603 Lntran,
1951 2571 1985 2597 28
2001 2570 2073 2597 avril
2091 2571 2168 2597 ¹227.

1270 2658 1500 2694 archiepiscopis
1517 2660 1545 2685 et
1569 2657 1709 2692 episcopis
1728 2656 1865 2683 ecclesiae
1880 2655 2157 2690 Hierosolymitanae
2181 2654 2245 2683 suf-

1206 2713 1207 2723 *
1234 2708 1392 2745 fmganffls,
1411 2707 1534 2742 aliisque
1549 2705 1738 2733 ecclesiarum
1756 2703 1892 2740 praelatis
1912 2703 2006 2731 eidem
2027 2703 2162 2731 ecclesiae
2182 2703 2243 2739 lege

1206 2774 1208 2781 ι
1234 2758 1406 2785 dioecesana
1419 2755 1556 2791 subjectis
1577 2753 1696 2781 mandat
1712 2754 1852 2788 quatenus
1869 2753 1910 2785 G.,
1923 2751 2105 2787 patriarchae
2118 2752 2246 2779 Hieroso-

1235 2806 1390 2843 lymitano,
1405 2805 1441 2832 ab
1456 2803 1594 2832 ecclesiae
1613 2801 1782 2829 Valentinae
1797 2801 1940 2837 regimine
1960 2800 2101 2834 absoluto,
2116 2800 2243 2827 debitam

1208 2881 1209 2890 ,
1236 2853 1430 2884 reverentiam
1455 2855 1483 2881 et
1500 2851 1693 2880 obedientiam
1715 2849 1878 2878 exhibeant.
1898 2864 1932 2870 —
1947 2849 2032 2885 (Bm.
2061 2849 2102 2881 ¹4,
2123 2849 2168 2878 [9
2196 2857 2243 2882 r0;

1237 2912 1306 2932 ann.
1319 2904 1340 2936 1,
1352 2911 1377 2931 c.
1395 2903 1446 2934 562
1462 2916 1495 2922 -
1514 2901 1635 2928 Monam
1652 2899 1730 2931 1184,
1746 2898 1767 2926 f.
1785 2899 1843 2933 42.)
