2498 3242
153 258 208 289 921
1010 252 1223 290 SEPTIEME
1245 253 1406 291 ANNEE.
2202 267 2259 297 922

154 329 320 364 quatenus
336 325 478 356 eundem
495 334 606 364 regem
623 326 663 356 ad
683 326 717 356 id
737 326 897 356 attentius
914 334 1049 356 moneas
1065 330 1096 355 et
1112 325 1165 355 in-

153 377 269 413 ducas,
292 377 421 408 litteras
446 377 588 409 directas
607 378 715 409 eidem
739 388 797 417 per
822 378 1000 408 monachos
1022 377 1163 417 aliquos,

152 429 204 460 vel
227 430 404 460 canonicos
430 430 600 468 regulares
625 440 683 461 seu
709 431 809 461 etiam
835 430 1002 461 seculares
1027 430 1164 460 clericos

153 491 236 522 quos
255 483 296 513 ad
317 483 377 513 hoc
398 483 522 514 videris
541 483 710 522 expedire,
734 484 823 522 ipsos
845 484 885 514 atl
905 483 955 519 id,
979 483 1007 513 si
1029 491 1164 513 necesse

151 535 271 569 fuerit,
291 544 349 574 per
365 544 541 566 censuram
558 536 819 567 ecclesiasticam
839 535 1079 575 compellendo,
1098 535 1164 565 sibi

151 587 280 618 faciens
296 589 483 626 presentari
498 588 656 627 legendas
672 589 932 627 intelligibiliter
946 598 1002 627 per
1018 588 1162 623 eosdem,

152 643 183 670 et
198 640 306 679 ipsius
326 642 543 680 responsione
567 641 627 672 tibi
643 651 701 681 per
723 651 778 672 eos
801 641 943 672 fideliter
959 640 1161 676 nuntianda;

152 693 240 732 quod
256 693 368 729 etiam,
386 694 414 724 si
431 694 624 732 oportuerit,
639 703 696 733 per
708 698 738 725 te
752 694 861 733 ipsum
879 694 986 724 facere
1001 703 1066 723 non
1078 697 1164 732 post-

151 755 266 785 ponas.
291 747 414 776 Verum
440 747 468 777 si
493 747 601 778 dictus
624 756 679 778 rex
703 747 905 777 monitiones
930 751 961 777 et
985 746 1163 777 consilium

152 803 302 829 nostrum
318 800 470 830 omiserit
486 800 678 839 adimplere,
699 805 742 834 tu.
763 800 827 839 ipsi
844 800 1002 839 magistro
1019 799 1164 830 auctori-

152 856 218 883 tate
237 857 349 883 nostra
368 853 451 891 ipsis
471 853 623 884 ecclesiis
643 853 791 892 plenarie
808 853 988 888 restitutis,
1007 861 1163 891 procura-

152 909 257 936 torem
284 915 380 936 suunt
410 906 443 935 in
470 915 584 936 earum
611 906 814 945 corporalem
840 906 1085 945 possessionem
1110 905 1163 935 in-

151 958 252 988 ducas
270 963 301 989 et
317 959 476 989 defendas
493 959 678 994 inductum,
695 963 919 998 occupatores,
938 958 1076 989 clericos
1092 959 1162 990 sive

150 1010 264 1042 laicos.
290 1012 509 1042 ecclesiarum
532 1012 680 1051 ipsarum
701 1016 731 1042 et
748 1021 859 1042 rerum
877 1012 1097 1050 spectantium
1123 1012 1163 1041 ad

151 1064 283 1095 easdem
303 1064 343 1094 ad
364 1065 611 1095 restitutionem
634 1064 783 1095 omnium
805 1073 869 1104 que
892 1064 981 1102 ipsos
1002 1064 1080 1095 inde
1102 1064 1162 1095 ha-

150 1116 265 1148 buisse
283 1118 447 1156 repereris
462 1135 502 1139 -
519 1117 761 1156 compellend03
777 1117 915 1148 clericos
931 1117 1021 1156 ipsos
1037 1117 1094 1156 qui
1108 1126 1162 1148 oc-

150 1178 270 1208 cupare
285 1170 393 1200 locum
407 1170 549 1200 viventis
564 1175 595 1201 et
607 1179 666 1209 per
677 1170 796 1200 laicam
808 1179 984 1209 personam
1000 1170 1163 1201 beneficia

149 1223 222 1262 ipsa
243 1223 390 1262 recipere
413 1227 702 1262 presumpserunt,
728 1232 793 1253 non
819 1223 926 1253 solum
951 1223 1017 1257 eis,
1046 1232 1162 1253 verum

151 1276 252 1306 etiam
267 1275 423 1306 omnihus
439 1275 516 1306 aliis
532 1276 705 1306 beneficiis
721 1276 864 1314 spoliare
877 1285 1045 1314 procures,
1059 1276 1162 1306 donec

150 1328 415 1359 misericordiam
432 1328 528 1359 Sedis
545 1328 733 1367 Apostolice
747 1329 930 1359 meruerint
947 1329 1097 1359 obtinere
1111 1346 1159 1358 ——.

149 1381 198 1412 De
218 1381 316 1420 plano
337 1381 490 1420 inquiras
511 1381 568 1420 qui
592 1385 759 1411 tantorum
779 1381 942 1411 malorum
963 1382 1089 1412 fuerint.
1108 1382 1161 1411 in-

150 1439 317 1471 centores,
336 1439 367 1465 et
386 1435 475 1474 quod
489 1443 588 1473 super
604 1434 665 1465 hoc
686 1435 873 1471 inveneris,
895 1435 990 1465 nohis
1006 1444 1065 1474 per
1087 1439 1160 1466 tuas

148 1487 278 1518 litteras
301 1488 435 1518 studeas
462 1487 606 1518 fideliter
630 1488 785 1518 intimare
812 1506 860 1517 —.
889 1489 962 1518 Dat.
991 1489 1158 1523 Laterani,

146 1540 346 1571 Xkalendas
356 1542 365 1562 ¹
374 1541 534 1581 januarii,
544 1541 757 1580 pontificatus
767 1541 872 1571 nostri
881 1550 968 1571 anno
980 1541 1132 1580 septimo.
1146 1554 1158 1569 »

220 1720 338 1750 ¹62⁰

181 1783 256 1818 Regi
273 1783 454 1818 Portugaliae
470 1783 506 1810 de
521 1783 622 1809 eadem
639 1791 669 1809 re
685 1782 820 1810 similiter
834 1783 944 1810 scribit.
961 1798 997 1804 —
1012 1783 1096 1818 (Rue.
1118 1785 1158 1816 17,

144 1832 164 1860 f.
185 1832 234 1859 122
251 1839 294 1863 r⁰;
312 1840 378 1859 ann.
397 1831 463 1863 VII,
480 1840 506 1860 c.
524 1831 597 1866 4⁶25.)

659 1720 772 1753 Latran,
788 1721 819 1748 221
838 1721 991 1748 decembre
1011 1721 1086 1748 1233.

188 1946 201 1960 «
228 1957 248 1962 ..
277 1934 394 1963 illustri
419 1935 483 1971 reqi
506 1934 694 1971 Portuqalie.
716 1934 882 1964 Acuentes
907 1933 994 1964 sicut
1023 1943 1160 1972 serpen-

146 1991 196 2017 tes
209 1991 284 2019 etei,
302 1990 337 2016 ut
350 1995 461 2025 supra,
475 1995 582 2025 usque
598 1986 793 2024 :impertiri,
813 1986 923 2016 verbis
937 1991 1161 2025 competenter

147 2039 296 2070 mutatis.
314 2039 388 2069 Dat.
413 2039 585 2075 Laterani,
606 2039 672 2069 XII
688 2038 848 2069 kalendas
863 2041 876 2059 ⁴²
888 2039 1052 2078 januarii,
1073 2048 1160 2069 anno

146 2093 299 2132 septimo.
319 2105 332 2119 »

222 2266 334 2295 18⁷1
662 2265 774 2297 Lati-an,
791 2265 825 2293 23
841 2265 995 2292 decembre
1011 2265 1088 2293 1233.

185 2327 396 2355 Libet-dunensi
421 2331 450 2354 et
471 2327 506 2354 de
531 2326 585 2354 Dei
605 2326 745 2354 Custodia
759 2328 802 2361 (=
819 2327 1004 2361 Dieulouard)
1026 2327 1159 2360 decanis,

146 2376 293 2404 Tullensis
305 2376 461 2408 dioecesis,
477 2376 592 2403 mandat
602 2379 756 2411 quatenus,
770 2391 801 2395 —
814 2384 880 2403 cum
895 2375 1072 2403 Vin-dunensi
1083 2377 1160 2411 epis-

147 2434 231 2461 copo,
247 2425 282 2452 ad
298 2425 463 2452 instantiam
476 2424 666 2459 quorumdam
681 2429 873 2452 mercatorum
887 2424 1094 2458 Romanorum,
1108 2425 1161 2452 Se-

148 2477 281 2503 nensium
297 2478 326 2501 et
344 2474 575 2501 Florentinorum
588 2482 602 2500 a
614 2473 738 2500 diversis
749 2474 899 2509 judicibus
911 2475 1161 2502 excommunicato

147 2529 177 2552 et
196 2529 313 2560 propter
336 2524 389 2551 boc
409 2523 444 2550 ad
467 2523 573 2550 Sedem
599 2523 798 2558 Apostolicam
823 2524 988 2556 accedenti,
1006 2524 1068 2559 ipse
1090 2533 1161 2560 papa

147 2574 267 2602 fecisset.
283 2573 456 2600 beneficium
476 2573 668 2599 absolutionis
684 2572 826 2608 impendi,
849 2573 875 2599 ei
891 2573 1056 2600 concedens
1072 2573 1162 2608 Slini-

147 2623 286 2657 balduml‚
304 2622 378 2649 tituli
394 2621 492 2648 Sancti
515 2621 660 2648 Laurentii
678 2621 704 2647 in
720 2621 830 2648 Lucina
847 2622 1048 2657 presbyterum
1067 2622 1162 2650 cardi-

148 2671 252 2703 nalem,
269 2670 442 2702 auditorem,
460 2677 596 2704 cumque,
609 2678 705 2696 coram
720 2669 821 2696 eodem
833 2670 968 2697 cardinali
985 2671 1032 2698 lite
1044 2674 1161 2698 contes-

147 2723 219 2752 tata,
237 2719 293 2754 ipsi
310 2723 487 2746 mercatores
503 2726 559 2745 non
575 2719 757 2745 curavissent
772 2727 889 2746 causam
909 2727 991 2746 suam
1009 2721 1160 2755 prosequi,

148 2777 213 2801 nec,
228 2768 295 2796 licet
310 2767 400 2795 vocati
417 2771 446 2794 et
461 2767 570 2794 diutius
585 2767 757 2802 exspectati,
776 2768 1017 2803 comparuissent„
1035 2783 1068 2789 —
1081 2769 1162 2804 judi-

182 2890 202 2914 1.
217 2889 257 2914 La
271 2889 334 2913 date
350 2891 373 2912 X
389 2890 526 2913 kalendas
541 2891 582 2912 est
597 2889 622 2912 le
638 2888 754 2912 resultat
770 2888 851 2913 d'une
866 2890 1032 2914 correction.

180 2933 204 2960 2.
220 2933 260 2958 La
275 2934 338 2958 date
352 2935 404 2957 XII
418 2934 554 2957 kalendas
570 2936 612 2958 est
626 2933 651 2957 le
667 2933 716 2958 fait
731 2933 813 2958 d'une
830 2935 997 2959 correction.

1249 326 1331 352 cibus
1352 327 1527 359 supradictis
1554 328 1700 355 inhibeant
1725 337 1769 360 ne,
1796 330 1948 356 occasione
1969 330 2131 358 debitorum
2152 332 2260 366 quibus

1249 375 1371 402 ecclesia
1389 375 1582 403 Vir-dunensis
1603 377 1796 411 premebatur,
1820 383 1918 404 contra
1938 379 2070 405 eunthm
2089 381 2258 415 episcopum

1248 424 1291 450 vel
1307 425 1372 458 ejus
1383 425 1536 451 ecclesiam
1555 425 1720 459 procedant.
1733 441 1765 445 —
1781 426 1863 459 (Rau.
1885 428 1924 458 17,
1943 427 1960 453 f.
1984 428 2029 454 122
2048 434 2088 454 r⁰z
2107 438 2173 455 ann.
2194 428 2258 461 Vll,

1247 479 1272 498 c.
1290 472 1358 502 427;
1378 488 1409 491 —
1428 472 1546 499 MonsAu
1568 473 1642 505 1138,
1660 473 1677 499 f.
1692 474 1765 505 264.)

1289 586 1302 600 «
1323 597 1342 602 ..
1361 575 1580 604 Liber-dunensi
1595 581 1620 604 et
1638 598 1656 603 ..
1675 576 1709 604 (le
1725 576 1775 604 Dei
1795 577 1935 605 Custodia
1955 578 2086 609 ‘Ira-anis.
2110 580 2259 608 Tutlenst's

1247 627 1381 656 diocesis.
1397 626 1479 657 Cum
1499 627 1661 657 instantia
1680 632 1792 657 nostra
1810 646 1857 657 —.
1877 630 1949 658 Dat.
1971 630 2135 660 Lausi-ani.
2155 632 2183 660 X
2200 631 2259 661 ka-

1245 678 1361 709 lendas
1376 679 1536 718 januarii,
1555 689 1642 709 anno
1659 680 1810 718 septimo.
1831 693 1843 708 ι)

1320 873 1434 901 {6¹⁷2

1281 933 1442 961 Conventui
1458 934 1600 961 ecclesiae
1617 934 1724 961 Montis
1742 935 1859 969 Regalis
1879 936 2024 969 significat
2039 945 2071 963 se
2088 938 2257 965 electionem

1245 983 1281 1010 de
1298 983 1341 1015 L.,
1364 984 1504 1010 monacho
1519 982 1682 1015 casinensi,
1700 988 1799 1011 contra
1815 985 1970 1012 canonicas
1986 987 2152 1013 sanctiones
2168 987 2194 1013 in
2212 987 2258 1022 ip-

1245 1040 1344 1060 sorum
1361 1032 1484 1059 ecclesia
1503 1037 1715 1067 praesumptam
1732 1033 1852 1060 duxisse
1871 1034 2052 1067 irritandam,
2069 1040 2097 1062 et
2116 1036 2259 1070 provisio-

1246 1089 1312 1107 nem
1327 1080 1460 1116 ejusdem
1478 1082 1620 1108 ecclesiae
1637 1081 1706 1108 Sedi
1722 1082 1908 1116 Apostolicae
1926 1091 2103 1110 reservasse.
2124 1100 2154 1104 -
2172 1084 2255 1118 (Rea.

1249 1130 1290 1161 17,
1307 1129 1325 1155 s.
1345 1129 1393 1156 ’122
1410 1135 1455 1161 v⁰;
1473 1138 1539 1156 ann.
1560 1129 1628 1162 Vll,
1646 1139 1672 1157 c.
1691 1130 1766 1164 428.)

1811 874 1928 906 Lati-an,
1947 875 1960 901 2
1974 876 2089 909 janvier
2109 876 2184 903 1234.

1288 1244 1300 1259 t<
1323 1233 1494 1262 Conuenttti
1511 1234 1628 1262 ecclesie
1649 1234 1758 1262 Montis
1779 1235 1904 1271 Ileqczlis.
1928 1233 2132 1265 Elec-tionem
2158 1235 2196 1265 dc
2220 1236 2257 1266 L.

1245 1303 1293 1314 —.
1312 1286 1385 1316 Dat.
1405 1286 1570 1322 Laterani,
1592 1287 1659 1316 IIII
1676 1295 1780 1317 nonas
1793 1287 1953 1326 januarii,
1973 1297 2059 1318 anno
2073 1288 2224 1327 septimo.
2243 1301 2254 1315 n

1319 1479 1434 1507 1823
1756 1478 1868 1511 Lau-an,
1885 1479 1918 1506 ‘22⁷
1934 1480 2086 1506 decembre
2107 1481 2181 1508 1233.

1279 1539 1442 1567 Universos
1456 1539 1562 1566 Christi
1577 1540 1677 1566 fideles
1693 1541 1822 1567 hortatur
1838 1545 1877 1573 ut,
1897 1549 1962 1568 cum
1979 1542 2067 1568 abbas
2083 1546 2111 1568 et
2126 1551 2255 1569 eonven-

1244 1592 1292 1615 tus
1307 1587 1405 1615 Sancti
1422 1588 1568 1615 Saturnini
1580 1588 1746 1617 Tholosani.
1758 1589 1805 1623 qui
1823 1589 1856 1615 ad
1874 1590 2068 1623 receptionem
2081 1591 2254 1618 scholarium

1243 1640 1273 1664 et
1296 1637 1416 1664 aliorum
1445 1646 1602 1672 pauperum
1625 1638 1867 1664 sustentationem
1893 1638 2033 1672 hospitale
2062 1639 2161 1665 Sancti
2187 1639 2256 1666 Rai-

1244 1686 1342 1712 mundi
1359 1686 1434 1720 apud
1449 1685 1603 1712 Tholosam
1620 1685 1843 1721 deputaverant,
1863 1687 2025 1720 nequirent.
2043 1692 2120 1714 tanta
2137 1688 2170 1714 ad
2188 1688 2255 1715 illud

1244 1734 1397 1761 multitudo
1417 1734 1596 1767 confluebat,
1620 1735 1663 1761 eis
1687 1734 1715 1761 in
1739 1735 1926 1762 lectisterniis
1947 1740 1976 1762 et
1997 1736 2059 1762 aliis
2083 1737 2256 1764 necessariis

1243 1784 1410 1815 subvenire,
1427 1784 1462 1810 de
1480 1785 1562 1811 bonis
1578 1784 1633 1810 sibi
1651 1793 1665 1811 a
1683 1784 1744 1811 Deo
1760 1784 1872 1811 collatis
1888 1792 1938 1819 pro
1954 1786 2166 1812 sustentatione
2184 1795 2256 1820 pau-

1243 1841 1344 1868 perum
1362 1833 1564 1868 eleemosynas
1579 1837 1608 1859 et
1625 1833 1755 1859 subsidia
1772 1833 1906 1868 hospitali
1924 1833 2068 1868 praedicto
2090 1834 2254 1867 conferant,

1243 1881 1380 1908 omnibus
1400 1882 1448 1915 qui
1465 1881 1557 1907 eidem
1582 1881 1714 1916 hospitali
1733 1881 1923 1908 subvenerint
1945 1882 2133 1917 quadraginta
2153 1883 2256 1910 diebus

1243 1930 1279 1956 de
1299 1931 1429 1965 injuncta
1452 1930 1508 1956 sibi
1530 1930 1704 1965 paenitentia
1726 1931 1872 1957 relaxatis.
1888 1944 1924 1951 —
1938 1930 2021 1964 (Rau,
2042 1932 2087 1963 17,
2106 1932 2124 1957 Γ.
2146 1931 2191 1958 1-22
2209 1938 2254 1962 νος

1243 1987 1310 2007 ann.
1330 1979 1394 2011 vss,
1411 1988 1436 2006 c.
1454 1979 1528 2011 429.)

1287 2094 1299 2108 «
1321 2082 1476 2111 Universis
1492 2082 1607 2111 Christi
1620 2081 1760 2119 fidelibus
1777 2082 1816 2110 ad
1837 2091 1910 2119 quos
1926 2083 2023 2110 littere
2045 2083 2097 2111 istc
2110 2092 2255 2121 perrene-

1243 2136 1322 2164 rint.
1351 2135 1442 2165 Inter
1470 2134 1663 2165 holocausta
1688 2135 1848 2165 virtutum
1880 2152 1928 2164 —.
1962 2136 2035 2165 Dat.
2079 2137 2253 2171 Laterani,

1242 2188 1292 2218 XI
1309 2187 1469 2218 kalendas
1481 2187 1641 2227 januarii,
1657 2196 1743 2217 anno
1759 2188 1908 2227 septimo.
1927 2200 1940 2214 n

1319 2373 1338 2400 Ι
1347 2372 1434 2402 6⁸24

1279 2434 1410 2470 Capitulo
1421 2435 1563 2462 ecclesiae
1578 2434 1614 2461 de
1623 2434 1775 2467 coronate,
1788 2435 2013 2463 Mediolanensis
2028 2436 2182 2469 dioecesis,
2195 2437 2257 2472 sig-

1246 2484 1342 2511 nificat
1357 2492 1390 2511 se
1406 2484 1576 2510 confirmare
1591 2485 1764 2511 sententiam
1780 2484 1957 2511 diffinitivam
1974 2493 1989 2510 a
2006 2484 2163 2520 Stephano,
2181 2486 2255 2513 tituli

1247 2532 1371 2573 §anctae
1392 2532 1498 2559 Mariae
1515 2532 1724 2559 Transtiberim
1746 2533 1916 2567 presbytero
1939 2533 2094 2565 cardinali,
2113 2535 2256 2569 processi-

1245 2581 1302 2608 bus
1327 2581 1484 2616 primicerii
1505 2585 1533 2607 et
1551 2581 1745 2608 archidiaconi
1767 2580 1997 2607 Vercellensium
2014 2583 2153 2614 cassatis,
2172 2583 2255 2610 latam

1244 2629 1274 2656 in
1286 2637 1375 2656 causa
1391 2637 1465 2664 quae
1478 2629 1812 2664 interarcbiepiscopum
1827 2629 2070 2656 Mediolanensem
2087 2635 2115 2656 et
2127 2631 2256 2658 Azonem

1244 2677 1385 2714 Ceppum,
1402 2686 1437 2704 ex
1454 2686 1509 2705 una
1525 2681 1616 2713 parte,
1634 2681 1663 2704 et
1680 2677 1728 2710 R„
1741 2677 1893 2712 syndicum
1904 2678 2045 2704 ecclesiae
2056 2678 2091 2704 de
2103 2678 2254 2712 Coronate,

1245 2735 1281 2754 ex
1291 2727 1389 2759 altera,
1399 2735 1488 2762 super
1497 2726 1670 2761 quibusdam
1683 2726 1874 2753 electionibus
1886 2727 2067 2754 vertebatur:
2081 2728 2189 2755 inserto
2200 2729 2256 2756 sub

1243 2783 1296 2803 sua
1315 2775 1390 2802 bulla
1406 2776 1569 2811 praedictae
1585 2776 1747 2802 sententiae
1764 2779 1874 2802 tenore.
1893 2790 1927 2795 —
1945 2775 2025 2807 (Rso.
2047 2777 2087 2809 17,
2105 2777 2123 2804 s.
2145 2777 2191 2804 1³22
2210 2784 2253 2811 νος

1245 2833 1312 2852 ann.
1331 2824 1397 2857 VII,
1413 2832 1439 2852 c,
1457 2825 1530 2858 430.)

1755 2373 1869 2405 Latran,
1888 2373 1919 2401 18
1934 2373 2087 2401 decembre
2108 2374 2183 2403 1233.

1287 2939 1301 2954 (ι
1324 2927 1464 2965 Capitulo
1485 2928 1604 2957 ecclesie
1625 2927 1659 2956 de
1681 2927 1839 2958 Coronate,
1867 2927 2098 2958 Mediolanensis
2118 2929 2253 2959 diocesis.
