2498 3242
181 275 239 306 889
1039 269 1252 307 SEPTIEME
1275 271 1435 308 ANNEE.
2235 283 2294 314 890

182 346 232 372 ter
247 350 351 372 unum
367 342 559 378 introitum3
580 347 611 373 et
626 344 819 383 portajuxta
837 352 1002 373 cameram
1019 343 1149 373 abbatis
1166 347 1196 373 et

181 394 304 424 ostium
323 395 464 434 coquine
480 395 715 431 obstruant-urg
739 396 773 426 in
793 396 863 426 loco
884 397 962 426 ostii
981 396 1122 435 coquine
1147 397 1196 426 fe-

183 451 294 477 nestra
310 448 378 477 fiat.

223 500 381 531 Mulieres
407 509 465 531 nec
489 501 529 530 ad
552 502 770 531 minuendum
797 512 856 533 nec
881 503 919 533 ad
942 503 1195 533 custodiendum

181 553 332 583 infirmos
349 554 383 583 in
399 553 758 585 abbatiamullomodo
775 556 1003 586 admittantur.

220 607 379 637 Custodia
409 608 577 638 refectorii
604 608 839 639 elemosinario
866 610 1025 639 canonico
1049 609 1195 647 assigne-

183 665 245 695 tur,
265 665 295 690 et
311 669 426 691 omnes
443 661 543 699 cyphi
562 661 596 691 in
614 663 789 692 refectorio
806 667 1055 693 conserventur.

222 713 355 752 Aliquis
375 714 520 752 sapiens,
543 714 722 752 religiosus
737 720 767 745 et
788 720 938 745 maturus
959 716 1139 746 canonicus
1156 716 1195 745 ad

183 767 423 805 providendum
441 772 471 797 et
490 768 702 798 serviendum
721 768 910 807 hospitibus
930 769 1120 807 deputetur.
1139 769 1195 808 qui

182 824 292 849 tamen
310 820 356 849 ibi
377 829 436 850 nec
453 821 602 851 comedat
619 831 678 852 nec
697 822 799 852 bibat.

224 873 442 903 Provideatur
462 874 496 902 in
514 874 707 905 dormitorio
723 875 833 914 aliqua
851 885 992 911 camera,
1012 876 1068 905 ubi
1086 880 1194 906 vestes

182 926 416 956 canonicorum
442 933 662 966 reponantur:
681 929 803 968 quibus
824 930 1050 959 custodiendis
1071 929 1194 968 aliquis

181 980 363 1010 canonicus
386 981 568 1011 secuudum
591 982 738 1019 regulam
758 983 950 1021 deputetur:
969 987 999 1013 et
1017 983 1129 1013 nullus
1146 993 1194 1013 ar-

181 1041 252 1063 cam
273 1033 410 1065 habeat.
431 1038 540 1072 preter
556 1035 730 1071 officiales,
746 1036 868 1074 quibus
885 1044 921 1066 ex
944 1044 1002 1065 sua
1019 1036 1195 1065 amminis-

180 1086 323 1116 tratione
340 1096 434 1116 areas
450 1086 572 1117 habere
589 1088 793 1118 conceditur.

222 1139 342 1169 Nullus
360 1149 472 1169 eorum
489 1141 546 1180 qui
564 1141 597 1170 in
617 1141 750 1171 abbatia
769 1142 908 1176 fuerint,
927 1147 999 1180 post
1015 1142 1194 1172 servitores

182 1192 354 1223 comedere
371 1198 550 1231 presumat.

222 1246 354 1276 Priores
378 1246 427 1275 vel
455 1247 536 1276 socii
559 1247 593 1276 in
617 1247 783 1277 abbatiam
806 1247 978 1277 venientes
995 1257 1118 1277 tuorem
1138 1257 1194 1285 ,Qe-

180 1303 255 1328 rant
278 1303 460 1329 conventus
484 1299 518 1328 in
542 1299 715 1333 omnibus,
742 1308 801 1330 nec
826 1300 981 1329 recedant
1000 1300 1037 1329 de
1061 1300 1192 1330 abbatia

181 1352 254 1382 sine
272 1351 419 1381 licentia.

220 1404 284 1441 Qui
301 1404 413 1443 aliquo
429 1404 482 1435 die
498 1404 720 1443 proclamatus
736 1405 838 1435 fuerit
853 1405 888 1434 in
905 1405 1061 1444 capitulo,
1079 1406 1193 1436 eodem

180 1457 234 1488 die
255 1457 460 1496 proclamare
485 1466 550 1487 non
575 1458 696 1496 poterit
718 1466 795 1488 eum
815 1467 833 1487 a
857 1467 921 1497 quo
941 1458 1043 1488 fuerit
1065 1458 1193 1497 procla-

179 1514 300 1541 matus.

219 1565 256 1594 In
274 1564 429 1594 omnibus
452 1564 647 1602 penitentiis
665 1564 845 1602 pretaxatis
861 1564 963 1594 abbas
981 1568 1011 1595 et
1026 1565 1117 1603 prior
1132 1565 1192 1595 ha-

175 1617 275 1647 beant
297 1621 494 1655 potestatem
515 1626 551 1648 ex
574 1626 673 1647 causa
693 1617 924 1655 dispensandi,
945 1617 1031 1648 sicut
1047 1618 1193 1649 viderint

162 1667 341 1709 'expedire

218 1723 285 1753 Hec
301 1732 365 1762 que
383 1723 609 1762 suprascripta
625 1727 702 1753 sunt
716 1732 776 1753 nos
794 1723 847 1758 G.,
869 1723 1087 1754 Carnotensis
1104 1724 1192 1763 epis-

175 1785 294 1815 copus,
315 1777 527 1807 intendentes
544 1777 742 1807 correctioni
759 1780 789 1807 et
811 1777 1043 1807 reformationi
1058 1786 1193 1808 monas-

175 1829 253 1860 terii
269 1830 383 1860 Sancti
396 1829 562 1861 Johannis
581 1830 620 1859 de
635 1829 765 1860 Valleia
781 1829 1008 1865 Carnotensis,
1027 1831 1192 1862 ordinavi-

175 1891 262 1913 mus.
288 1883 356 1913 Nos
381 1887 493 1912 autem
513 1883 552 1913 G.
575 1883 678 1913 abbas
699 1887 730 1913 et
751 1887 934 1914 conventus
957 1884 1106 1923 ejusdem
1128 1885 1192 1915 loci

177 1936 366 1974 supradicta
384 1944 447 1974 que
465 1945 483 1965 a
496 1936 678 1966 reverendo
691 1940 783 1974 patre
800 1941 912 1967 nostro
929 1941 1007 1967 sunt
1022 1938 1189 1974 ordinata,

177 1988 434 2027 approbavimus
450 1993 481 2019 et
497 1989 545 2019 eis
563 1988 675 2027 sigilla
688 1993 802 2019 nostra
818 1989 972 2019 duximus
984 1991 1190 2028 apponenda.

177 2043 251 2072 Dat.
272 2051 359 2072 anno
375 2042 510 2072 Domini
527 2042 816 2078 M⁰CC⁰XXXIII⁰‚
834 2052 948 2073 mense
967 2044 1112 2082 augusti.
1131 2056 1143 2071 n

254 2215 372 2244 ¹6¹3

216 2277 370 2309 Potestati,
389 2277 494 2312 populo
515 2281 543 2303 et
563 2277 685 2304 consilio
712 2276 887 2304 Placentinis
913 2278 1028 2305 mandat
1048 2283 1192 2313 quatenus

177 2335 280 2353 omnes
302 2328 433 2361 captivos
456 2330 521 2360 post
543 2334 679 2352 enormes
704 2334 847 2352 excessus
869 2326 896 2353 in
922 2327 1050 2362 ipsorum
1076 2328 1192 2355 civitate

179 2380 374 2411 perpetratos,
392 2375 498 2407 factos,
519 2375 570 2401 sed
589 2378 689 2409 postea
713 2375 865 2407 liberatos,
890 2375 941 2407 G.,
964 2376 1141 2403 subdiacono
1165 2381 1194 2405 et

176 2425 324 2459 capellano
341 2424 435 2458 ipsius
453 2432 552 2458 papae,
567 2423 600 2449 ad
618 2424 698 2458 ipsos
710 2423 811 2456 misso,
824 2424 986 2458 assignent.
997 2439 1030 2444 —
1047 2425 1131 2458 (Rea.
1150 2427 1192 2458 17,

177 2474 185 2500 l
217 2473 265 2500 108
281 2480 323 2504 r⁰3
339 2481 408 2500 ann.
426 2471 490 2503 Vll,
508 2480 534 2499 c.
551 2471 619 2503 378;
635 2486 672 2492 —
686 2472 723 2499 cf.
740 2480 836 2506 supra,
854 2480 881 2499 n.
901 2472 969 2500 1560
985 2477 1013 2500 et
1033 2474 1122 2508 ¹569.)

709 2214 822 2247 Latran,
839 2215 855 2242 9
870 2215 1023 2243 decembre
1042 2216 1118 2244 1233.

219 2588 231 2602 «
253 2599 270 2604 ..
288 2575 440 2613 potestati,
456 2575 569 2612 populo
583 2579 608 2603 et
625 2575 754 2604 consilio
771 2575 971 2604 Placentinis.
988 2575 1096 2606 Grave
1110 2576 1193 2614 geri-

177 2637 252 2658 mus
279 2632 310 2658 et
332 2627 509 2664 indignum
532 2626 638 2665 quod,
665 2635 739 2656 cum
764 2626 799 2656 in
825 2626 1079 2658 detestationem
1100 2628 1193 2660 illius

177 2680 324 2711 enormis
341 2688 516 2714 excessus,
535 2679 592 2718 qui
614 2688 730 2717 nuper,
755 2679 789 2708 in
811 2679 958 2709 divinam
983 2680 1141 2720 injuriam
1162 2687 1194 2712 et

177 2735 338 2764 offensam
358 2731 516 2767 Ecclesie,
535 2732 569 2761 in
582 2732 716 2762 civitate
735 2737 844 2762 vestra
857 2732 919 2762 fuit
936 2733 1194 2772 dampnabiliter

178 2790 398 2825 perpetratus.
418 2788 614 2823 potestatem
634 2789 777 2815 vestram
795 2790 825 2815 et
843 2785 1004 2824 quosdam
1022 2786 1117 2822 alios,
1135 2788 1194 2827 qui

178 2844 306 2870 actores
324 2838 405 2867 tanti
427 2837 564 2867 sceleris
582 2838 799 2873 ducebantur,
820 2838 982 2869 duxeritis
999 2840 1191 2878 capiendos,

178 2897 210 2923 et
222 2891 430 2931 postmodum
445 2891 639 2929 receperitis
652 2891 692 2921 ab
704 2891 893 2929 Apostolica
905 2891 988 2922 Sede
1000 2893 1193 2924 mandatum

179 2950 213 2975 ut
232 2954 287 2975 eos
302 2944 468 2974 deberetis
483 2953 588 2983 usque
603 2944 643 2974 ad
657 2948 806 2975 nostrum
823 2944 1066 2983 beneplacitum
1076 2946 1138 2976 sub
1147 2947 1193 2976 di-

1280 342 1398 381 ligenti
1416 346 1567 375 custodia
1583 346 1747 376 detinere.
1766 357 1839 378 vos,
1859 349 1980 386 quibus
1997 349 2181 378 cavendum
2199 348 2294 378 solli-

1280 397 1344 427 cite
1370 398 1477 428 suerat
1504 408 1543 428 ue
1571 400 1700 438 culpam
1726 401 1916 439 hujusmodi
1942 402 2091 431 omnium
2119 402 2290 438 faceretis,

1279 450 1621 489 universosraptivos.
1633 458 1741 490 preter
1754 454 1932 490 predictum
1944 458 2137 492 potestatem
2151 459 2181 485 et
2191 463 2292 494 quen-

1279 503 1353 532 dam
1377 503 1491 535 alium.
1518 504 1670 534 dicimini
1699 505 1871 535 liberasse.
1901 507 2062 542 Quocirca
2086 507 2292 545 presentium

1279 556 1372 585 vobis
1391 557 1586 587 auctoritate
1606 558 1746 587 firmiter
1763 559 1974 596 proripi-wido
1995 560 2191 590 mandamus
2210 570 2293 599 qua-

1279 612 1387 643 tenus,
1403 618 1477 638 cum
1494 609 1650 639 dilectum
1666 610 1770 639 filiuni
1785 612 1837 639 ti..
1854 611 2093 641 subdiaconum
2109 617 2137 641 et
2154 613 2292 651 capella-

1279 669 1358 690 num
1381 666 1547 697 nostrum,
1566 662 1674 691 virum
1692 663 1864 700 providum
1884 668 1912 691 et
1931 664 2127 699 discretum,
2146 665 2242 695 nobis
2261 670 2293 695 et

1278 714 1439 744 fratribus
1465 715 1588 744 nostris
1615 715 1732 744 merito
1756 726 1814 745 sue
1838 716 2012 753 probitatis
2038 722 2223 755 acceptum,
2252 718 2292 748 ad

1278 767 1445 797 civitatem
1463 772 1606 797 vestram
1627 773 1758 806 propter
1778 769 1838 797 1101·
1860 769 2049 806 specialiter
2067 770 2288 805 destinemus,

1277 828 1392 850 omnes
1408 820 1555 858 captivos
1574 821 1737 859 predictos
1757 821 1937 856 assignetis
1954 822 2072 855 eidem,
2090 823 2137 852 ita
2153 824 2240 862 quod
2255 823 2291 853 in

1278 872 1451 903 devotione
1476 878 1585 903 vestra
1611 873 1772 903 mat-ulam
1799 883 1862 903 11011
1888 875 2017 912 ponatis
2043 879 2073 905 et
2099 875 2291 913 capellanus

1277 925 1445 963 predictus
1478 926 1669 956 mandatum
1703 932 1853 957 nostrum
1885 927 1989 958 titwre
2019 929 2127 959 valeat
2158 930 2292 960 effectui

1277 978 1479 1016 mancipare.
1498 979 1569 1008 Dat.
1591 979 1757 1010 Laterani.
1772 981 1798 1009 Y
1813 980 1886 1009 idus
1903 980 2099 1012 decembris.
2118 991 2205 1013 anno
2221 992 2291 1022 sep-

1277 1031 1368 1061 timo.
1389 1043 1402 1058 »

1351 1230 1466 1258 18¹4

1313 1291 1457 1326 Episcopo
1477 1292 1623 1319 Parmensi
1642 1293 1756 1319 mandat
1772 1297 1927 1327 quatenus.
1946 1308 1979 1314 —
1994 1302 2059 1321 cum
2079 1296 2207 1322 nonnulli
2223 1304 2290 1323 vas·

1807 1231 1919 1259 Lau-an.
1938 1233 1951 1258 7
1969 1232 2122 1260 decembre
2140 1233 2218 1262 1233.

1276 1341 1338 1367 511111
1355 1341 1486 1375 episcopi
1505 1341 1674 1373 Placentini,
1695 1341 1889 1374 Placentinae,
1910 1342 2062 1376 l'npicnsis
2078 1348 2106 1370 et
2123 1343 2290 1372 Parmensis

1275 1389 1424 1416 civitatum
1445 1395 1473 1416 et
1493 1390 1689 1423 dioecesium,
1706 1391 1791 1417 feuda
1811 1400 1884 1426 quae
1903 1401 1918 1417 a
1938 1391 2103 1418 Placentino
2119 1393 2290 1429 episcopatu

1275 1438 1459 1471 obtinebant,
1479 1438 1646 1466 Placentino
1663 1440 1801 1475 episcopo
1823 1440 1989 1475 irrequisito
2007 1442 2179 1474 alienarent,
2203 1451 2236 1469 ea
2260 1443 2288 1470 in

1274 1487 1347 1514 alios
1362 1487 1572 1520 transferendo,
1591 1492 1708 1523 recepto
1729 1497 1779 1524 pro
1796 1489 1852 1516 illis
1868 1498 1924 1516 non
1942 1498 2028 1524 parvo
2049 1491 2155 1525 preti0,
2177 1499 2288 1518 secun·-

1275 1537 1343 1563 dum
1369 1537 1481 1563 illorum
1507 1537 1712 1572 quantitatem,
1743 1546 1776 1565 ac
1800 1542 1912 1565 retenta
1938 1539 1993 1565 sibi
2020 1540 2174 1574 pensione,
2200 1548 2286 1574 quam

1276 1589 1376 1620 postea
1401 1585 1546 1612 interdum
1572 1594 1665 1621 usque
1689 1586 1724 1613 ad
1750 1590 1877 1620 centum,
1902 1587 2056 1622 aliquando
2078 1588 2220 1615 ducentos
2243 1589 2288 1616 vel

1275 1638 1423 1661 trecentos
1439 1643 1491 1661 seu
1509 1635 1594 1661 etiam
1611 1635 1799 1670 quingentos,
1817 1644 1873 1662 non
1893 1644 2038 1671 nunquam
2060 1645 2128 1664 vero
2146 1646 2236 1672 usque
2252 1637 2289 1664 ad

1276 1678 1353 1709 mille
1377 1692 1484 1716 annos,
1511 1683 1618 1710 donare
1643 1684 1883 1719 praesumebant,
1907 1685 1943 1712 ad
1965 1686 2134 1720 palliandam
2158 1686 2288 1713 fraudem

1276 1732 1445 1767 hujusmodi
1461 1733 1552 1760 solam
1564 1733 1807 1761 consuetudinem
1818 1735 1988 1769 allegantes,
2001 1735 2188 1770 —praedicta
2203 1735 2289 1763 feuda

1275 1781 1392 1808 studeat
1411 1781 1446 1808 ad
1465 1783 1517 1816 jus
1539 1785 1568 1808 et
1590 1783 1795 1817 proprietatem
1816 1784 1911 1818 ipsius
1932 1784 2062 1819 episcopi
2087 1792 2232 1813 revocare.
2253 1798 2289 1806 -

1274 1830 1357 1863 (Rae.
1379 1831 1424 1863 17,
1444 1831 1462 1858 f.
1482 1831 1588 1865 =1081-o;
1607 1839 1674 1859 ann.
1694 1831 1759 1864 vlt,
1776 1841 1802 1859 c.
1821 1832 1894 1865 379.)

1317 1944 1330 1959 κ
1351 1955 1372 1961 .,
1395 1934 1529 1970 episcopo
1550 1934 1722 1962 Parmensi.
1746 1934 1958 1964 Venerabilis
1980 1935 2083 1965 frater
2105 1940 2217 1966 noster
2236 1953 2286 1966 --.

1274 1985 1348 2014 Dat.
1367 1985 1539 2019 Laterani,
1559 1986 1623 2016 VII
1639 1986 1714 2015 idus
1731 1986 1931 2021 decembris,
1950 1987 2162 2025 pontificatus
2181 1988 2287 2019 nostri

1274 2046 1361 2068 anno
1378 2038 1527 2077 septimo.
1547 2050 1560 2065 »

1349 2238 1464 2266 1615

1311 2298 1456 2335 Episcopo
1479 2303 1507 2326 et
1529 2299 1732 2327 archidiacono
1748 2299 1970 2328 Mimatensibus
1993 2303 2108 2329 mandat
2127 2307 2286 2338 quatenus,

1276 2363 1309 2367 —
1335 2356 1391 2375 non
1415 2349 1549 2375 obstante
1574 2348 1698 2383 quadam
1719 2349 1849 2385 pessima
1877 2351 2090 2378 consuetudine
2120 2353 2289 2381 Aniciensis

1276 2398 1434 2430 ecclesiae,
1450 2406 1506 2433 qua
1516 2420 1522 2430 ,
1539 2398 1564 2425 si
1579 2398 1739 2426 canonicus
1754 2399 1858 2434 aliquis
1875 2400 2008 2434 ejusdem
2023 2402 2164 2429 ecclesiae
2177 2404 2289 2438 aliquas

1276 2446 1311 2473 de
1327 2447 1565 2482 possessionibus
1578 2456 1651 2482 quas
1662 2448 1824 2475 tenebatab
1837 2449 1913 2484 ipsa,
1930 2450 2027 2485 nepoti
2039 2451 2083 2477 vel
2097 2452 2180 2478 alicui
2195 2452 2229 2479 de
2243 2462 2289 2488 pa-

1276 2496 1409 2523 rentibus
1422 2497 1627 2524 concanonicis
1642 2497 1706 2524 suis
1721 2497 1837 2524 duxerit
1852 2498 2066 2531 concedendas,
2089 2501 2217 2535 quinque
2241 2510 2289 2528 ca-

1277 2545 1447 2572 nonicorum
1463 2546 1605 2572 ecclesiae
1621 2546 1765 2581 praefatae
1780 2554 1869 2581 super
1885 2547 1938 2574 hoc
1953 2548 2110 2575 accedente
2129 2557 2286 2582 consensu,

1277 2594 1429 2620 concessio
1446 2594 1492 2621 illa
1508 2595 1596 2621 robur
1611 2595 1761 2622 obtinebat
1775 2595 1934 2627 firmitatis,
1950 2610 1987 2617 —
2001 2597 2206 2631 possessiones
2216 2606 2288 2633 quas

1277 2642 1424 2676 praedicto
1445 2642 1529 2669 modo
1553 2644 1597 2670 eis
1616 2643 1779 2670 constiterit
1799 2643 1936 2676 detineri,
1960 2645 2065 2672 faciant
2083 2647 2288 2674 communibus

1276 2691 1481 2718 canonicorum
1501 2692 1602 2718 usibus
1616 2692 1759 2727 deputari.
1771 2692 1901 2725 —tttsm
1923 2694 1963 2725 17,
1976 2693 1993 2720 f.
2014 2694 2063 2721 108
2079 2700 2122 2727 r⁰;
2140 2703 2207 2721 ann.
2222 2694 2287 2728 VII,

1275 2747 1302 2767 c.
1319 2739 1393 2772 380.)

1787 2237 1901 2271 Lati-au,
1920 2239 1949 2266 11
1967 2239 2120 2267 decembre
2140 2241 2215 2269 ¹233.

1319 2854 1331 2868 a
1359 2865 1378 2871 ..
1402 2844 1537 2880 episcopo
1559 2848 1584 2871 et
1610 2865 1626 2871 ..
1652 2842 1873 2872 archidiacono
1897 2843 2138 2874 Mimatensibus.
2164 2845 2289 2876 Trans-

1275 2893 1380 2924 missa
1395 2895 1492 2925 nobis
1508 2894 1711 2925 venerabilis
1726 2911 1775 2923 -.
1794 2895 1867 2925 Dat.
1889 2895 2055 2931 Laterani,
2074 2896 2124 2927 III
2139 2896 2215 2928 idus
2231 2897 2289 2929 de-

1275 2947 1430 2983 cembris,
1451 2956 1538 2978 anno
1555 2948 1706 2986 septimo.
1728 2960 1741 2974 »
