2498 3242
178 330 235 360 529
1052 319 1234 358 sixOEME
1256 328 1415 357 ANNEE.
2232 333 2289 361 3:3⁰

248 395 334 424 88⁶2

213 456 348 490 Eisdem,
365 456 495 491 ipsorum
517 455 763 491 postulationibus
782 464 932 489 annuens,
954 459 1052 482 notum
1075 456 1142 482 facit.
1162 464 1194 481 se

176 504 310 532 inhibere
327 513 362 531 ne
378 504 511 531 homines
527 508 620 531 terrae
636 505 804 531 monasterii
821 504 1019 537 Sublacensis,
1032 509 1130 531 contra
1143 513 1194 536 ap-

178 554 327 589 probatam
347 553 443 588 ipsius
463 553 630 580 monasterii
651 553 909 585 consuetudinem,
931 554 1040 588 absque
1061 553 1194 580 mandato

179 602 293 629 abbatis
309 602 358 636 qui
378 610 429 637 pro
446 606 575 637 tempore
596 602 696 633 suerit,
714 602 787 628 filias
803 610 872 628 suas
888 602 922 628 de
939 602 1024 629 bouis
1039 601 1196 628 immobili-

179 651 237 678 bus
248 659 322 686 quae
335 654 434 678 tenent
443 660 459 677 a
470 651 646 678 monasterio
658 654 827 681 memorato,
843 652 941 678 dotare
955 654 1150 686 praesumant.
1160 663 1197 670 -·

181 699 267 733 (REO.
288 700 328 732 16,
344 701 364 727 f.
382 700 415 727 33
433 706 481 734 νος
499 709 566 726 ann.
589 699 639 732 VI,
656 709 681 727 c.
698 700 748 734 83;
766 715 798 720 —-
815 700 962 728 Porrnasr
978 700 1071 733 8997.)

664 394 791 428 Anagni,
812 394 843 421 10
861 394 1025 429 septembre
1045 394 1121 421 1232.

223 814 236 829 «
255 802 383 831 Eisdem.
403 803 495 832 Inter
509 801 592 832 alias
611 802 855 832 sollicitudines
872 820 920 830 —.
938 803 1011 832 Dat.
1029 801 1193 839 Anagnie,

181 855 251 885 IIII
271 855 346 885 idus
364 854 579 894 septembris,
597 855 811 894 pontificatus
828 855 933 885 nostri
950 864 1036 885 anno
1058 859 1160 884 sexto.
1180 866 1192 880 »

250 1000 338 1030 8138

217 1061 333 1090 Decano
349 1062 538 1090 Atrebatensi
556 1062 672 1089 mandat
686 1065 831 1097 quatenus
846 1063 999 1097 majorem,
1015 1062 1152 1088 scabinos
1167 1066 1196 1088 et

175 1111 290 1145 juratos
317 1110 501 1138 Pet-onenses
521 1120 537 1138 a
559 1111 760 1138 molestatione
781 1110 882 1137 decani
904 1114 933 1137 et
955 1110 1072 1145 capituli
1095 1109 1194 1136 Sancti

178 1158 281 1187 Fursei
298 1163 326 1187 et
341 1160 513 1187 clericorum
532 1160 742 1187 Peronensium
759 1167 875 1186 cessare
891 1159 986 1186 faciat.
999 1175 1031 1180 -
1048 1158 1132 1192 (Rae.
1152 1158 1192 1190 16,

178 1207 198 1235 s.
215 1207 248 1236 33
264 1214 310 1241 v⁰;
328 1217 396 1235 ann.
414 1208 466 1243 VI,
483 1217 509 1235 c.
527 1209 578 1240 s4;
595 1223 628 1228 ·—
646 1208 817 1236 Ronnunsno
833 1208 908 1241 483.)

669 1000 795 1034 Anagni,
816 1000 845 1027 15
861 999 1026 1034 septembre
1044 999 1120 1026 1232.

220 1322 233 1336 «
254 1333 273 1339 ..
291 1311 403 1340 decano
421 1311 621 1340 Atrebatensi.
639 1309 844 1340 Dilectorum
867 1309 1013 1340 filiorum
1035 1332 1054 1338 ..
1077 1308 1195 1339 decani

179 1366 210 1393 et
233 1362 370 1401 capituli
395 1362 509 1393 Sancti
531 1363 649 1392 Fursei
671 1371 707 1392 ac
730 1362 927 1392 clericorum
952 1361 1195 1392 Pel-onensium

179 1415 366 1454 accepimus
387 1415 613 1454 questionem,
632 1415 734 1453 quod,
753 1423 827 1444 cum
850 1415 915 1453 ipsi
936 1415 972 1444 in
994 1414 1072 1443 villa
1094 1415 1196 1444 Pero-

178 1467 276 1498 nensi
293 1477 310 1498 a
327 1467 422 1498 laicis
439 1467 586 1507 aliquam
603 1467 736 1497 domum
753 1471 878 1502 emunt,
899 1491 918 1496 ..
936 1468 1051 1506 major,
1067 1467 1196 1497 scabini

179 1525 210 1552 et
229 1521 333 1560 jurati
359 1520 508 1560 ejusdem
531 1520 625 1556 ville,
650 1520 886 1551 Noviomensis
911 1520 1071 1555 diocesis,
1097 1530 1196 1559 super

178 1574 240 1604 hoc
257 1573 316 1609 eis,
335 1578 501 1613 quatenus
516 1578 672 1612 possunt,
691 1573 848 1612 injuriosi
870 1573 1051 1603 existentes
1067 1577 1097 1603 et
1121 1582 1196 1611 gra-

178 1636 253 1663 ves,
271 1627 374 1658 laicos
396 1627 487 1666 ipsos
508 1631 641 1666 propter
663 1627 724 1657 hoc
746 1627 978 1666 multipliciter
993 1627 1194 1666 inquietant,

177 1681 288 1711 banno
297 1690 357 1711 suo
367 1684 591 1719 supponentes
603 1680 736 1711 eosdem
748 1684 779 1710 et
790 1680 950 1710 indebitis
967 1680 1196 1710 exactionibus

178 1738 409 1772 aggravantes,
423 1734 464 1764 ad
477 1734 725 1764 excusationem
737 1742 842 1769 suam,
857 1734 944 1772 quod
958 1733 1020 1763 hac
1037 1733 1076 1764 de
1096 1742 1197 1763 causa

178 1796 245 1817 non
260 1787 437 1817 videantur
453 1787 543 1826 ipsos
559 1786 662 1817 laicos
678 1786 866 1822 molestare,
885 1786 1077 1817 occasiones
1093 1787 1196 1816 frivo-

177 1839 227 1871 las
247 1840 488 1870 mendicantes.
507 1840 628 1879 sicque
644 1840 680 1869 fit
701 1840 788 1879 quod
804 1839 917 1870 nullus
937 1844 1028 1870 metu
1043 1848 1127 1878 pene
1143 1839 1196 1869 in-

177 1893 312 1924 venitur
327 1893 468 1929 ibidem,
488 1893 545 1932 qui
565 1902 624 1932 pro
647 1892 760 1932 aliquo
779 1893 886 1932 pretio
907 1893 955 1923 eis
978 1893 1112 1923 domum
1134 1893 1196 1923 ali-

179 1955 279 1985 quam
314 1946 458 1977 vendere
495 1946 633 1981 audeat,
670 1946 705 1976 in
742 1946 891 1985 ipsorum
928 1955 992 1976 non
1029 1946 1196 1976 modicum

180 1999 431 2035 detrimentum,
452 2000 526 2038 qui,
552 2004 715 2038 quantum
739 2000 779 2029 ad
800 1999 879 2035 hoc,
904 1999 1080 2030 deterioris
1096 2008 1196 2038 quam

177 2052 256 2083 laici
273 2053 474 2083 conditionis
491 2053 649 2083 existunt.
673 2053 782 2089 Quare
803 2053 899 2082 nobis
922 2052 1095 2082 humiliter
1118 2062 1196 2091 sup-

177 2106 356 2145 plicarunt,
375 2111 409 2136 ut
427 2115 526 2145 super
546 2105 608 2136 hoc
625 2106 673 2136 eis
690 2106 862 2145 providere
879 2111 1015 2145 paterna
1034 2106 1197 2136 sollicitu-

177 2159 254 2190 dine
280 2159 508 2197 dignaremur.
531 2159 691 2190 Nolentes
712 2159 815 2197 igitur
830 2159 1017 2189 indebitum
1033 2160 1195 2189 dictorum

177 2212 295 2242 decani
319 2217 349 2243 et
373 2212 510 2251 capituli
532 2222 568 2242 ac
591 2212 787 2243 clericorum
811 2212 978 2243 sustinere
1000 2222 1193 2249 gravamen,

178 2264 327 2295 districte
352 2265 411 2295 tibi
433 2274 491 2304 per
511 2265 690 2304 apostolica
718 2265 840 2304 scripta
860 2265 1056 2295 mandamus
1080 2270 1196 2304 quate—

178 2326 241 2347 nus
262 2320 408 2356 prefatos
434 2318 609 2357 majorem,
634 2318 788 2348 scabinos
814 2323 843 2348 et
867 2319 1011 2357 juratos,
1036 2323 1071 2347 ut
1097 2328 1196 2357 super

177 2370 238 2400 hoc
256 2371 296 2400 ab
317 2380 430 2401 eorum
452 2371 599 2401 indebita
621 2371 851 2401 molestatione
869 2371 1002 2410 penitus
1019 2371 1196 2410 conquies-

177 2427 264 2459 cant,
276 2423 459 2454 monitione
471 2424 645 2463 premissa,
659 2434 716 2463 per
733 2433 908 2454 censuram
921 2424 1192 2460 ecclesiasticam,

177 2476 397 2515 appellatione
414 2477 610 2515 postposita.
628 2477 742 2515 previa
763 2478 891 2508 ratione
908 2478 1097 2516 compellas.
1119 2479 1193 2508 Dat.

177 2530 345 2568 Anagnie,
370 2531 466 2561 XVII
487 2529 647 2561 kalendas
668 2530 831 2567 octobris,
853 2531 1067 2570 pontificatus
1090 2532 1196 2562 nostri

177 2592 265 2613 anno
281 2587 383 2613 sexto.
403 2596 416 2610 υ

248 2727 336 2756 869

214 2790 286 2817 Cum
310 2789 468 2817 Benedicto
488 2789 523 2817 de
544 2789 790 2826 Roccaberfinlnj,
812 2793 953 2820 canonico
973 2792 1194 2826 'Feri-aconensi,

177 2845 268 2873 super
278 2837 392 2864 defectu
405 2838 542 2865 natalium
555 2838 715 2874 dispensat.
725 2853 762 2860 —
772 2839 856 2873 (Rso.
874 2841 914 2875 16,
926 2841 944 2868 t'.
959 2841 992 2868 33
1003 2848 1033 2867 v⁰
1044 2853 1049 2873 2
1062 2850 1129 2869 ann.
1145 2841 1194 2876 VI,

177 2895 202 2914 c.
221 2887 277 2920 85.)

661 2729 793 2764 Anagni,
812 2731 842 2757 17
860 2731 1024 2766 septembre
1044 2731 1121 2758 1232.

219 3001 232 3015 «
259 2989 417 3018 Benedicto
441 2989 475 3018 de
500 2990 760 3028 Itoccabertin[a],
788 2993 937 3021 canonico
964 2993 1195 3022 Terraconensis

303 3046 490 3079 osmonte
509 3054 560 3084 xx,
579 3057 597 3079 t.
617 3055 637 3079 1.

1276 394 1408 428 ecclesie,
1426 393 1546 422 ordinis
1561 394 1661 422 sancti
1676 395 1852 430 i-lrtyitslini.
1873 395 1909 424 In
1928 400 2037 424 nostra
2055 397 2221 434 presentia
2237 415 2286 426 —.

1277 446 1349 475 Dat.
1368 445 1531 483 Anagnie,
1548 445 1609 475 XV
1625 444 1785 475 kalendas
1801 447 1955 476 octobris.
1975 458 2061 477 tumn
2079 454 2180 478 sexto.
2202 464 2213 474 ιι

1348 629 1438 658 δῖθ

1312 691 1431 718 Decano
1447 695 1475 718 et
1490 692 1616 726 capitulo
1634 691 1843 724 Remcnsibus,
1862 700 1927 718 cum
1944 693 1978 719 de
1999 695 2115 727 antiqua
2131 700 2289 721 cousuetu-

1277 740 1342 766 dine
1365 740 1391 765 in
1416 739 1551 766 Remeusi
1571 740 1694 766 ecclesia
1712 741 1852 767 hactenus
1868 741 2017 767 obtentum
2033 749 2128 771 essct.
2148 748 2177 768 ut
2194 744 2290 770 nullus

1277 788 1331 821 ibi,
1350 788 1405 814 nisi
1418 789 1530 823 Juraret
1545 796 1577 814 se
1592 788 1626 814 de
1642 788 1770 823 legitimo
1788 789 1970 816 matrimonio
1987 795 2178 824 procreatum,
2198 792 2223 817 in
2243 800 2285 817 ca-

1279 837 1413 863 nonicum
1435 836 1645 869 admitteretur,
1663 837 1793 871 indulget
1814 841 1843 864 ut
1863 838 2012 872 illegitime
2030 839 2144 872 genitos
2163 839 2290 874 recipere

1279 894 1333 912 non
1350 889 1500 919 cogantur,
1515 886 1624 920 absque
1641 886 1774 912 mandato
1790 887 1949 921 apostolico
1965 887 2082 922 special·
2109 889 2162 913 nisi
2176 897 2225 923 per
2241 888 2286 915 Se-

1277 934 1341 960 dem
1359 934 1558 969 Apostolicam
1575 935 1774 969 dispensatum
1792 935 1878 962 fuerit
1891 944 1957 962 cum
1969 936 2089 962 eisdem.
2104 952 2135 955 —
2148 937 2229 970 (lieo.
2248 938 2287 968 16,

1277 983 1294 1008 l',
1314 982 1345 1009 34
1366 990 1406 1013 r⁰;
1423 991 1490 1009 ann.
1510 982 1559 1017 Vl,
1575 990 1602 1010 c.
1618 983 1668 1016 80·;
1685 997 1721 1003 —
1737 983 1856 1010 Monam
1876 984 1952 1015 1¹87,
1970 984 1988 1010 s.
2008 984 2072 1014 3ts;
2090 998 2125 1004 -
2144 985 2291 1012 l’o‘rrnis'r

1277 1031 1369 1064 8998)

1762 631 1889 664 Anagni,
1910 632 1939 657 ¹3
1956 633 2120 666 septembre
2140 634 2216 660 1232.

1319 1145 1332 1159 «
1353 1156 1372 1161 ..
1390 1134 1501 1163 decano
1517 1138 1543 1162 ιί
1559 1135 1693 1171 capitulo
1710 1135 1912 1163 Itemensibus.
1936 1135 2196 1166 Honoriticentie
2220 1145 2289 1166 rna-

1278 1186 1415 1223 gnitudo
1431 1195 1496 1225 qua
1511 1204 1560 1215 —.
1579 1187 1652 1216 Dat.
1670 1187 1838 1225 Anagnie,
1852 1187 1963 1217 idibus
1976 1188 2188 1226 septembris,
2203 1198 2290 1218 anno

1278 1243 1380 1269 sexto.
1401 1252 1413 1265 »

1349 1410 1433 1439 821
1876 1411 1963 1445 Rieti,
1981 1412 2014 1439 ‘28
2027 1412 2122 1446 juillet
2141 1412 2217 1440 1232.

1314 1472 1544 1507 Archiepiscopo
1567 1472 1758 1506 Eboraceusi,
1780 1477 1809 1500 et
1833 1473 2021 1501 Coventrensi
2049 1479 2077 1501 et
2100 1474 2289 1501 Dunelmensi

1278 1521 1425 1556 episcopis
1442 1525 1540 1548 notum
1558 1522 1625 1548 facit
1640 1529 1671 1548 se
1689 1522 1819 1548 inhibere
1836 1531 1870 1548 ne
1885 1528 2073 1549 exsecutores
2090 1524 2288 1550 mandatorum

1277 1570 1512 1605 apostolicorum,
1531 1579 1581 1605 per
1597 1578 1671 1604 quos
1689 1571 1839 1597 mandabat
1858 1571 2003 1598 interdum
2020 1572 2134 1598 clericis
2150 1573 2184 1598 de
2201 1580 2290 1607 regno

1278 1619 1323 1646 vel
1338 1623 1419 1646 extra
1435 1627 1557 1654 regnum
1574 1619 1697 1653 Angliae
1715 1620 1872 1653 provideri.
1892 1620 1979 1646 ullum
1999 1621 2153 1653 praelatum
2169 1630 2185 1647 a
2202 1621 2288 1647 bene-

1278 1669 1410 1695 ficiorum
1427 1668 1594 1702 collatione,
1612 1668 1675 1695 sine
1694 1669 1811 1704 speciali
1829 1669 1963 1696 mandato
1979 1670 2148 1704 apostolice,
2164 1678 2292 1704 suspen-

1278 1717 1361 1751 dant,
1386 1726 1457 1744 neve
1478 1718 1602 1752 aliquam
1625 1717 1793 1750 ecclesiam,
1818 1718 1927 1752 absque
1950 1726 2073 1745 assensu
2098 1719 2289 1745 saecularium

1280 1771 1476 1802 patronorum,
1506 1767 1637 1794 conserve
1668 1772 1863 1802 praesumant.
1894 1783 1927 1787 —
1958 1767 2044 1804 (Rea.
2074 1767 2114 1799 16,
2145 1768 2164 1794 f.
2191 1768 2223 1795 34
2250 1774 2289 1801 1⁴⁰3

1278 1824 1346 1844 ann.
1361 1815 1412 1848 VI,
1430 1824 1456 1843 c.
1473 1815 1530 1849 87.)

1321 1931 1334 1945 «
1355 1942 1374 1947 ..
1391 1919 1617 1957 archiepiscopo
1632 1919 1827 1954 Eboracensi,
1847 1924 1872 1948 et
1888 1941 1908 1947 ..
1929 1919 2132 1953 Coventrenst',
2152 1924 2177 1947 et
2194 1941 2213 1947 ..
2234 1919 2290 1947 Du-

1278 1972 1428 2001 nelmcnsi
1452 1972 1606 2009 episcopis.
1636 1972 1743 2001 Grave
1770 1971 1916 2009 gerimus
1943 1975 1971 2002 et
1997 1989 2046 2000 —.
2070 1972 2142 2001 Dat.
2171 1972 2288 2001 Reate.

1278 2025 1307 2055 V
1322 2024 1482 2054 kalendas
1499 2024 1648 2062 augusti,
1667 2033 1753 2054 anno
1768 2028 1870 2054 sexto.
1891 2037 1903 2049 υ

1350 2196 1436 2225 8³22

1314 2258 1432 2284 Decano
1458 2261 1487 2284 et
1510 2257 1635 2292 capitulo
1657 2257 1838 2292 Tergestinis
1867 2257 2017 2284 confirmat
2044 2261 2088 2290 ut,
2116 2256 2289 2291 Lleonardil,

1277 2306 1440 2341 Tergestini
1451 2306 1544 2337 electi,
1558 2305 1712 2332 accedente
1724 2313 1880 2337 consensu,
1893 2309 2051 2340 proventus
2063 2305 2288 2340 praebendarum

1278 2355 1480 2382 decedentium
1494 2354 1700 2381 canonicorum
1718 2354 1858 2381 ecclesiae
1872 2353 2061 2388 Tergestinae
2077 2355 2104 2380 in
2120 2361 2290 2380 communes

1280 2413 1351 2431 usus
1367 2412 1454 2436 suos,
1472 2412 1523 2439 per
1538 2404 1606 2430 anui
1627 2404 1752 2438 spatium
1773 2412 1789 2429 a
1805 2403 1850 2429 die
1870 2403 2037 2429 decedentis
2057 2403 2198 2435 canonici,
2219 2410 2290 2429 con-

1279 2457 1436 2486 vertantur,
1453 2457 1484 2480 ut
1504 2461 1556 2488 per
1576 2453 1631 2479 hoc
1653 2452 1804 2487 obsequiis
1823 2451 1955 2486 ejusdem
1978 2451 2118 2478 eeclesiae
2139 2450 2290 2477 decentius

1278 2503 1414 2530 insistere
1426 2502 1548 2530 valeant.
1564 2516 1601 2522 —
1614 2501 1697 2536 (Rau.
1721 2502 1761 2531 16,
1780 2501 1799 2527 f.
1818 2501 1849 2528 3-'1
1866 2506 1909 2534 r⁰;
1925 2509 1992 2527 anu.
2010 2499 2061 2533 Vl,
2079 2508 2104 2526 c.
2122 2500 2179 2532 88.)

1762 2195 1889 2230 Anagni,
1912 2196 1941 2222 18
1959 2195 2123 2230 septembre
2143 2195 2219 2223 1232.

1320 2617 1333 2631 ι(
1354 2628 1373 2633 ..
1391 2605 1504 2634 decano
1519 2609 1545 2633 ει
1561 2604 1696 2641 capitulo
1715 2603 1903 2640 Tcryeslinis.
1920 2601 1994 2631 Hiis
2006 2610 2069 2640 que
2084 2610 2141 2639 pro
2153 2618 2200 2629 -.
2215 2601 2288 2630 Dat.

1278 2657 1446 2696 Anagnie,
1465 2658 1566 2687 XIIII
1582 2656 1742 2686 kalendas
1758 2655 1916 2689 octobris,
1937 2663 2023 2684 anno
2040 2658 2141 2683 sexto.
2163 2666 2175 2679 υ

1761 2825 1886 2860 Anagui,
1905 2824 1937 2851 20
1957 2824 2120 2858 septembre
2140 2823 2215 2850 1232.

1316 2892 1506 2919 Bracbarensi
1527 2889 1746 2924 archiepiscopo
1767 2887 1881 2914 {ualidat
1901 2890 2044 2921 quatenus
2063 2885 2195 2912 visensis
2211 2885 2289 2920 epis-

1278 2942 1359 2977 copi,
1377 2949 1427 2976 pro
1449 2940 1496 2967 sui
1517 2938 1661 2965 debilitate
1682 2936 1813 2972 corporis
1833 2935 1866 2962 ad
1885 2935 2026 2970 pastorale
2041 2942 2116 2960 onus
2136 2941 2190 2960 nou
2210 2934 2289 2960 sulli-

1278 2990 1399 3022 ciends,
1417 2988 1537 3024 recipiat
1553 2987 1733 3019 cessionem,
1751 2986 1835 3020 eique
1851 2984 1885 3010 de
1901 2983 1985 3011 bonis
2003 2982 2137 3009 visensis
2150 2982 2289 3009 ecclesiae

2136 3043 2164 3067 1ss
