2498 3242
144 193 183 221 45
967 189 1198 227 eumanum
1222 190 1387 227 ANNnu.
2183 208 2223 237 46

143 275 262 309 Angliue
277 275 420 301 restituat.
437 275 558 308 -1111111,
578 275 618 304 11.
636 276 655 301 1”.
676 277 704 301 13
720 283 761 308 re,
775 284 842 302 anu.
859 276 878 309 1,
891 284 915 303 c.
930 278 976 307 86;
993 292 1025 296 -
1040 277 1152 304 Monmu

150 324 216 350 1¹85
247 323 266 349 s.
285 324 332 356 73;
350 338 383 342 —-
402 324 542 350 l‘OTTuAsT
560 324 653 352 7913.)

183 455 198 471 «
225 467 247 474 ..
267 443 380 472 illustre·
402 444 467 482 reyi
489 442 630 473 Francie.
650 443 716 473 Pro
736 444 945 482 prerogativa
967 444 1154 474 devotionis

142 497 174 527 et
189 496 267 527 fidei
279 496 392 526 inclite
408 496 646 526 recordationis
659 504 773 534 regum
785 498 817 526 et
831 497 922 533 regni
938 497 1153 531 Francorum,

142 549 182 580 ad
205 557 297 588 reges
315 549 406 588 ipsos
426 550 457 579 et
474 557 611 588 regnum
631 558 762 588 semper
778 549 996 579 exhuberavit
1014 550 1153 588 Aposto-

140 602 203 632 lice
221 601 318 633 Sedis
339 602 487 636 affectus,
507 603 538 632 et
560 611 619 632 nos
636 602 694 641 qui
712 602 819 632 eidem
838 601 928 638 Sedi,
948 602 1023 633 licet.
1040 603 1154 632 imme-

142 655 208 688 riti,
237 654 459 692 presidemus,
489 655 629 684 tirmiter
655 655 872 693 proponimus
901 655 932 685 in
963 654 1154 693 hujusmodi

140 707 317 737 dilectione
332 707 454 737 imitari
472 707 722 746 prodecessores
738 710 870 738 nostros
886 708 1055 738 Romanos
1070 708 1154 737 Pon-

145 759 265 795 tifices,
285 762 447 798 quantum
471 769 546 790 cum
577 762 690 790 nostra
716 769 895 799 possumus
921 761 1089 790 honestate
1114 760 1153 790 de

141 813 346 843 conscientia
359 813 444 843 bona
458 814 488 843 et
500 814 597 843 corde
613 813 742 843 sincero
755 814 795 843 ad
811 814 1050 843 incrementum
1062 815 1154 843 tuum

142 868 173 896 et
199 866 290 904 regni
319 865 467 903 ejusdem
493 866 673 896 efficaciter
698 866 895 905 aspirantes.
921 867 1088 896 Nimirum
1116 875 1155 896 ex

141 918 345 949 abundantia
371 920 401 948 et
426 918 556 948 fervore
584 919 772 949 dilectionis
798 919 941 957 predicte
967 920 1155 958 frequentes

141 973 171 1002 et
198 971 348 1001 diversas
372 971 543 1001 molestias
561 971 601 1001 ab
624 980 686 1001 avo
708 973 739 1002 et
761 973 852 1010 patre
876 972 942 1002 tuis
967 972 1101 1010 regibus
1125 974 1156 1002 et

143 1032 243 1062 regno
265 1024 384 1062 Anglie
406 1025 565 1061 irrogatas
581 1024 733 1054 Romana
757 1025 905 1054 Ecclesia
922 1033 988 1054 11011
1008 1025 1078 1055 sine
1099 1026 1153 1055 de-

143 1077 311 1114 rogatione
327 1077 485 1106 sustinuit
500 1077 586 1106 fame
601 1086 671 1111 sue,
685 1085 760 1107 curn
776 1085 913 1115 iegnum
932 1078 1155 1115 Anglicanum

140 1129 329 1168 specialiter
343 1129 384 1158 ad
402 1129 508 1167 ipsam
526 1129 701 1167 pertineat,
717 1131 747 1159 et
766 1129 868 1159 immo
884 1130 916 1159 ln
934 1130 1006 1167 ejus
1022 1130 1155 1168 injuriis

140 1182 246 1212 honor
270 1182 366 1213 Sedis
392 1183 581 1221 Apostolice
606 1183 697 1212 lesus
722 1183 796 1213 suit.
817 1183 867 1212 Ex
890 1183 1005 1213 eadem
1024 1192 1155 1221 quoque
1182 1175 1184 1190 ¹

141 1229 311 1265 affectione
332 1236 493 1273 processit
515 1235 615 1273 quod,
639 1244 715 1265 cum
736 1244 820 1265 avus
841 1237 917 1265 tuus
941 1244 1006 1265 non
1032 1236 1154 1265 medio-

141 1287 239 1318 criter
258 1288 423 1318 interdum
444 1288 617 1318 offenderit
634 1288 721 1318 clare
741 1288 899 1318 memorie
921 1313 938 1318 ..
960 1297 1068 1327 regem
1088 1289 1155 1318 An—

143 1340 208 1379 glie
231 1341 509 1379 crucesignatum,
534 1341 596 1371 sub
618 1341 820 1380 protectione
842 1341 939 1371 Sedis
964 1341 1154 1380 Apostoltce

143 1393 392 1427 consistentem,
411 1394 487 1424 licet
502 1394 620 1423 fuisset
633 1394 665 1424 in
679 1394 751 1431 ejus
767 1394 924 1433 injuriam
940 1394 973 1423 id
986 1403 1157 1433 presump-

144 1448 224 1479 tum.
244 1455 309 1476 non
328 1446 436 1476 solum
455 1447 712 1476 conniventibus
728 1447 833 1477 oculis
851 1447 1076 1485 pertransivit,
1097 1447 1155 1477 sed

143 1507 219 1529 eum
235 1500 313 1529 tunc
329 1508 371 1529 ex
389 1500 447 1529 1100
464 1500 498 1530 111
515 1508 632 1538 magne
654 1500 861 1530 necessitatis
877 1500 1015 1530 articulo
1034 1501 1153 1530 eonsti-

142 1553 260 1586 tutum.
297 1552 430 1590 injuriis
461 1553 694 1586 dissimulatis,
725 1553 862 1590 adjuvst.
896 1554 1015 1583 Contra
1049 1553 1154 1591 ipsius

141 1605 239 1635 etiam
257 1605 488 1635 inhibitionem
511 1605 622 1635 inclite
642 1606 880 1635 recordationis
899 1607 992 1644 pater
1010 1607 1086 1635 tuus
1105 1614 1154 1636 re-

141 1666 243 1696 gnum
260 1658 482 1697 Auglieanum
502 1658 676 1689 invadens.
694 1659 795 1688 totam
813 1667 896 1697 pene
913 1660 1034 1689 terram
1054 1667 1154 1697 quam

141 1711 222 1740 citra
236 1719 326 1740 mare
343 1719 436 1747 reges
452 1711 572 1749 Anglie
586 1712 772 1743 tenuerant,
790 1712 979 1750 occupavit;
996 1713 1026 1741 et
1045 1713 1153 1741 tamen

142 1762 182 1793 ab
215 1764 274 1793 hoc
302 1764 452 1793 Romana
483 1764 630 1794 Ecclesti
660 1764 781 1793 retrahi
809 1774 827 1793 a
854 1765 1032 1794 dilectione
1062 1764 1155 1803 regni

144 1815 347 1846 Francorum
372 1825 436 1846 non
460 1817 580 1854 potuit,
606 1817 663 1846 sed
686 1817 757 1855 ejus
782 1825 928 1847 amorem
954 1817 1071 1847 honori
1094 1826 1153 1847 suo

144 1868 324 1907 preferens.
348 1877 449 1906 super
471 1869 531 1899 hoc
554 1878 618 1899 non
640 1870 812 1907 processit,
835 1870 920 1899 sicut
941 1870 1021 1899 sorte
1042 1878 1152 1908 proce-

143 1921 220 1951 dere
238 1921 420 1951 debuisset.
443 1922 582 1960 Insuper
598 1930 672 1951 cum
690 1924 803 1952 contra
821 1922 963 1952 barones
982 1923 1067 1961 regis
1086 1924 1152 1952 An-

143 1974 207 2013 glie
226 1974 366 2012 quedam
391 1974 570 2012 apostolice
593 1975 699 2004 littere
720 1983 783 2012 que
804 1975 931 2013 dejure
955 1975 1067 2013 negari
1089 1984 1154 2005 non

145 2028 305 2065 poterant,
331 2028 553 2061 emanassent,
579 2027 693 2057 eadem
718 2027 878 2059 Ecclesia,
901 2037 960 2066 pro
977 2028 1033 2057 illo
1055 2037 1154 2066 quem

143 2079 183 2109 ad
211 2088 349 2118 regnum
379 2080 487 2118 ipsum
518 2080 615 2110 habet
641 2081 769 2113 affectu.
800 2081 952 2110 ellectum
982 2081 1155 2119 suspendit

143 2140 269 2166 earum,
287 2132 398 2171 inquo
415 2141 480 2162 non
494 2133 657 2162 modicam
675 2134 785 2163 notam
802 2133 952 2166 incurrit,
967 2133 1155 2164 dicentibus

143 2184 313 2224 aliquibus
329 2185 418 2224 quod
434 2187 547 2216 contra
564 2186 672 2216 Deum
691 2185 819 2216 homini
836 2186 1014 2217 deserebat.
1034 2187 1154 2217 Novis-

143 2237 226 2268 sime
251 2247 339 2273 vero,
364 2238 449 2268 sicut
473 2239 673 2277 accepimus,
697 2239 800 2277 aliqui
837 2239 977 2270 suadere
1005 2239 1155 2269 nituntur

144 2290 345 2321 turbandum
371 2291 547 2322 karissimo
566 2291 599 2321 in
615 2292 747 2321 Christo
767 2292 837 2322 filio
857 2295 969 2322 nostro
991 2317 1008 2322 ..
1034 2292 1155 2323 illustri

145 2344 213 2382 regi
234 2344 420 2383 Anglorum
437 2344 521 2374 illud
542 2344 722 2379 modicum,
741 2345 828 2383 quod
849 2345 876 2375 ei
899 2345 980 2375 citra
998 2354 1088 2375 mare
1107 2354 1155 2375 re-

144 2397 276 2427 mansit.
301 2397 387 2433 Quia
414 2398 513 2435 igitur
535 2397 653 2427 merito
676 2398 716 2428 de
742 2397 840 2428 nobis
863 2407 978 2436 posses
1003 2398 1155 2428 diffidere

145 2450 231 2488 quod
246 2450 444 2480 deberemus
459 2451 493 2480 in
505 2450 571 2480 tuis
587 2451 843 2481 necessitatibus
856 2452 886 2481 te
900 2451 1025 2486 fovere,
1038 2451 1067 2481 si
1079 2451 1156 2481 aliis

144 2503 312 2541 propriam
324 2503 490 2542 justitiam
503 2503 607 2533 Sedes
622 2503 813 2542 Apostolica
825 2504 1014 2543 denegaret.
1035 2505 1067 2534 et
1078 2505 1155 2535 tunc

145 2557 200 2586 tue
221 2556 354 2586 utilitati
373 2557 593 2592 consulimus,
613 2565 688 2587 cum
709 2557 819 2587 anime
842 2558 895 2587 tue
917 2557 1058 2587 sollicite
1082 2566 1155 2596 pro-

147 2609 310 2641 videmus,
335 2610 377 2641 ad
396 2610 485 2649 quod
505 2618 546 2639 ex
569 2610 748 2648 apostolice
771 2610 943 2640 servitutis
965 2610 1074 2641 officio
1095 2610 1156 2641 tibi

147 2670 263 2692 sumus
279 2663 466 2701 specialiter
485 2663 634 2701 obligati,
654 2663 867 2693 serenitatem
888 2664 977 2693 tuam
1002 2672 1157 2702 rogamus

148 2716 180 2745 et
195 2714 364 2746 hortamur
379 2717 511 2750 attente,
529 2724 564 2745 ac
581 2715 641 2745 tibi
655 2716 753 2745 etiam
769 2716 976 2746 consulimus
990 2716 1077 2746 bona
1094 2717 1156 2746 tide

149 2768 324 2805 quatenus,
340 2776 415 2798 cum
434 2768 519 2798 inter
537 2776 630 2806 reges
646 2767 730 2798 alios
747 2768 855 2798 locum
874 2768 1025 2798 obtineas
1041 2768 1156 2799 celsio-

151 2827 231 2855 rem,
253 2819 466 2859 dispendium
491 2820 608 2850 salutis
631 2821 662 2850 et
683 2820 771 2851 fame
792 2820 939 2851 devitare
963 2829 1156 2860 procurans,

149 2874 306 2911 occupata
321 2872 464 2902 maxime
480 2873 594 2902 contra
609 2872 756 2903 Ecclesie
774 2873 984 2904 interdictum
1003 2874 1159 2904 restituas

1215 279 1246 308 et
1259 278 1297 308 ad
1315 279 1423 308 aliena
1436 279 1511 317 jura
1527 289 1647 310 manus
1663 283 1736 311 tuas
1749 291 1823 312 cum
1837 284 1958 322 injuria
1972 295 2035 316 uon
2050 288 2219 318 extendas.

1215 330 1301 365 Quia
1321 340 1396 361 eum
1420 340 1475 362 rex
1495 341 1513 362 a
1531 333 1672 371 regendo
1693 335 1832 369 dicatur,
1852 345 1916 366 non
1938 338 2038 369 debes
2054 340 2218 370 suadenti-

1215 383 1278 413 bus
1304 384 1381 414 talia
1403 386 1546 420 credere,
1564 387 1621 416 sed
1634 388 1813 426 prudenter
1838 398 1949 428 regere
1965 392 2062 422 temet
2089 393 2220 431 ipsum:

1214 436 1302 474 quod
1320 437 1453 475 quidem
1476 439 1611 469 omnino
1636 449 1700 470 non
1719 441 1822 475 tieret,
1845 443 1874 472 si
1893 451 1956 473 non
1978 444 2162 475 abstineres
2184 448 2222 477 ab

1217 489 1349 528 injuriis
1375 490 1516 521 allorum
1538 493 1569 522 et
1590 501 1654 522 non
1679 494 1868 524 restitueres
1886 495 1914 524 si
1936 505 2000 534 qua
2014 498 2100 535 juris
2121 499 2222 530 alieni

1217 542 1365 572 nosceris
1386 543 1545 574 detinere.
1572 545 1692 576 Preces
1718 546 1827 585 itaque
1857 556 1893 577 ac
1920 549 2166 581 exhortationes
2193 555 2223 581 et

1215 595 1393 625 consilium
1408 599 1557 627 nostrum
1570 599 1618 628 sic
1631 599 1671 629 ob
1685 601 1903 630 reverentiam
1921 604 2064 633 nostram
2078 606 2107 633 et
2122 606 2224 643 Apos-

1214 648 1311 678 tolice
1324 649 1420 679 Sedis
1432 650 1599 687 admittas,
1614 652 1701 690 quod
1715 654 1951 684 conscientiam
1964 657 2052 686 tuam
2067 656 2100 686 in
2114 657 2224 695 hujus-

1216 701 1306 731 modi
1324 710 1389 732 non
1407 704 1569 740 otl'endas;
1588 705 1823 735 detrimentum
1843 707 1931 737 enim
1950 709 2003 738 tue
2020 709 2138 739 salutis
2157 720 2193 740 ee
2214 712 2219 727 ¹

1217 755 1329 785 minus
1349 756 1489 786 tolerare
1508 766 1684 796 possemus
1705 768 1769 796 quo
1792 759 1885 789 illam
1905 761 2077 792 ardentius
2099 764 2225 793 allecta-

1217 816 1303 838 mus.
1318 809 1392 839 Dat.
1405 809 1571 845 Laterani,
1590 812 1669 841 VIII
1686 812 1846 843 kalendas
1856 813 1956 852 junii,
1972 823 2057 845 anno
2070 817 2188 854 primo.
2209 829 2223 844 υ

1283 969 1330 999 87
1815 971 1931 1003 Latrau,
1949 974 1982 997 2ss
2001 973 2057 999 mai
2078 976 2152 999 ¹227.

1252 1051 1393 1078 Eumdem
1415 1055 1506 1079 monet
1528 1055 1555 1079 01
1573 1054 1706 1080 hortatur
1725 1058 1865 1089 quatenus
1885 1057 2072 1084 matrimonia
2090 1058 2164 1084 111101·
2184 1059 2223 1092 ip-

1217 1099 1275 1127 sius
1296 1100 1400 1128 fratres
1419 1104 1442 1127 et
1462 1102 1533 1128 tilius
1553 1103 1716 1129 Britanniae
1732 1106 1759 1129 et
1776 1104 1917 1131 Murcbiac
1934 1106 2074 1133 comitum
2092 1107 2118 1133 111
2136 1108 2223 1141 gradu

1218 1149 1360 1182 prohibito
1378 1150 1508 1177 contrahi
1526 1160 1580 1177 non
1600 1152 1761 1185 permittat.
1776 1167 1811 1172 —
1828 1154 1906 1186 (Iitifi.
1927 1154 1991 1180 141.
2012 1156 2039 1181 13
2058 1163 2099 1182 10:
2118 1164 2183 1182 111111.
2206 1157 2223 1182 Ι.

1217 1205 1242 1223 c.
1259 1199 1307 1231 873
1324 1213 1358 1218 —
1377 1199 1491 1225 Morum:
1512 1202 1588 1231 1183,
1608 1200 1625 1226 1Ϊ
1648 1203 1700 1234 75)

1260 1304 1273 1318 «1
1296 1292 1418 1321 Eidem.
1437 1294 1486 1323 Ad
1504 1295 1649 1323 nostram
1666 1295 1799 1324 noveris
1815 1296 2016 1326 audientiam
2035 1298 2225 1335 pervenisse

1216 1346 1305 1383 quod
1321 1347 1561 1384 traetatmngest
1579 1347 1618 1376 de
1635 1348 1856 1377 matrimoniis
1874 1349 1958 1378 inter
1973 1350 2090 1379 fratres
2107 1352 2181 1379 tuos
2197 1353 2227 1380 et

1218 1399 1304 1428 tilias
1324 1399 1487 1428 nobilium
1508 1400 1655 1430 virorum
1683 1422 1703 1429 ..
1723 1401 1894 1431 Britannic
1913 1411 1948 1431 at·
1971 1426 1988 1431 ..
2010 1402 2154 1432 Marchie
2175 1414 2226 1433 00-

1217 1452 1335 1482 mitum
1351 1452 1393 1490 -in
1417 1453 1521 1491 gradu
1546 1453 1709 1491 prohibito
1733 1455 1978 1485 contrahendis.
2008 1458 2090 1485 Cum
2117 1459 2227 1487 autem

1218 1505 1277 1534 hoc
1296 1514 1357 1535 nos
1375 1506 1517 1535 moverit
1536 1506 1757 1542 vehementer,
1781 1507 1857 1545 quia
1875 1509 1992 1538 domus
2009 1510 2064 1538 tua
2082 1518 2146 1539 uon
2164 1510 2226 1540 suit

1217 1558 1376 1588 hactenus
1397 1559 1436 1588 de
1460 1559 1653 1598 hujusmodi
1675 1560 1804 1598 copulis
1827 1560 1998 1595 infamata,
2022 1570 2080 1591 nec
2105 1563 2226 1592 sereni-

1218 1613 1316 1641 tatem
1338 1613 1427 1642 tuam
1449 1612 1560 1642 deceat
1579 1613 1666 1651 quod
1690 1614 1836 1651 tempore
1860 1616 1915 1643 tuo
1933 1623 2038 1653 genus
2054 1616 2147 1645 tuum
2172 1616 2230 1645 tali

1218 1665 1348 1695 macula
1372 1667 1594 1703 respergatur,
1620 1666 1852 1697 celsitudinem
1878 1668 2000 1705 reglam
2028 1669 2228 1698 monendam

1217 1718 1376 1747 duximus
1390 1719 1546 1748 attentius
1559 1720 1589 1748 et
1604 1719 1801 1749 hortandam
1816 1722 1980 1758 quatenus
1994 1721 2025 1750 id
2042 1722 2226 1760 attemptari

1216 1771 1349 1809 penitus
1364 1780 1429 1801 non
1444 1772 1628 1810 permittas,
1648 1774 1678 1802 et
1696 1781 1735 1802 ne
1751 1772 1808 1802 fiat
1828 1773 2011 1803 districtius
2026 1774 2227 1809 inhibemus,

1217 1832 1293 1853 cum
1310 1824 1338 1853 si
1351 1833 1446 1854 secus
1462 1824 1534 1854 lieri
1547 1825 1742 1860 sustineres,
1760 1826 1875 1864 procul
1891 1826 1991 1856 dubio
2004 1829 2093 1856 tuam
2110 1829 2139 1857 et
2156 1836 2227 1866 pre-

1217 1876 1295 1906 dicti
1310 1877 1401 1914 regni
1413 1877 1552 1915 gloriam
1570 1878 1765 1914 maculares,
1780 1880 1809 1908 et
1825 1888 1884 1908 nos
1901 1879 1960 1909 hoc
1973 1888 2037 1909 non
2053 1889 2228 1919 possemus

1218 1930 1439 1967 equanimiter
1454 1930 1629 1960 sustinere.
1644 1931 1694 1959 Ad
1708 1930 1765 1960 1100
1780 1932 1960 1969 prudenter
1974 1933 2122 1962 attendas
2139 1933 2226 1971 quod

1217 1982 1283 2010 tam
1305 1983 1336 2010 in
1361 1982 1577 2011 orientalibus
1596 1991 1693 2020 quam
1718 1983 1976 2013 occidentalibus
1998 1984 2147 2022 partibus
2169 1985 2225 2014 ubi

1217 2034 1384 2071 prohibita
1397 2035 1608 2064 matrimonia
1624 2037 1700 2064 sunt
1711 2039 1915 2074 presumpta,
1931 2037 2045 2066 effudit
2060 2037 2226 2067 Dominus

1218 2086 1301 2117 iram
1323 2096 1430 2121 suam,
1447 2089 1478 2117 et
1500 2088 1673 2117 manifeste
1691 2088 1723 2117 in
1744 2089 1849 2118 oculis
1870 2089 2017 2119 omnium
2036 2091 2144 2119 docuit
2168 2099 2226 2129 per

1218 2140 1399 2171 vindictam
1421 2140 1499 2170 talia
1514 2140 1578 2170 sibi
1595 2141 1809 2171 contubernia
1830 2142 2017 2181 displicere.
2038 2144 2110 2172 bat.
2133 2144 2223 2173 Late-

1218 2193 1302 2227 rani,
1323 2194 1383 2223 VII
1403 2193 1562 2224 kalendas
1575 2194 1675 2232 junii,
1695 2203 1781 2224 anno
1797 2195 1915 2233 primo.
1942 2208 1955 2222 n

1285 2355 1334 2385 8ss
1816 2356 1930 2382 Lutruu.
1950 2358 1982 2381 25
1999 2357 2057 2383 mai
2081 2359 2153 2383 1227.

1253 2442 1397 2469 Comitem
1421 2443 1583 2469 Britanniae
1604 2446 1698 2469 monet
1721 2446 1746 2470 et
1766 2444 1899 2470 bortatur
1915 2448 2056 2479 quatenus
2078 2447 2229 2474 matrimo-

1219 2491 1298 2517 nium
1322 2491 1396 2517 intcr
1418 2491 1506 2525 ipsius
1525 2491 1613 2517 liliam
1634 2494 1660 2518 ct
1686 2491 1807 2518 tratrem
1833 2493 1907 2527 regis
1929 2493 2064 2520 Fruuriue
2088 2495 2113 2521 iu
2138 2495 2227 2527 gradu

1219 2539 1361 2574 prohibito
1376 2539 1508 2566 contrabi
1527 2548 1581 2565 uon
1600 2541 1761 2573 permittat.
1778 2556 1810 2559 —
1827 2541 1906 2570 (ttae.
1929 2542 1968 2573 ¹4,
1981 2542 2000 2568 f.
2020 2545 2050 2569 13
2065 2548 2104 2570 r⁰z
2122 2551 2188 2570 unu.
2208 2544 2226 2575 1,

1218 2596 1242 2614 c.
1261 2589 1308 2621 883
1327 2603 1360 2607 ——
1378 2588 1490 2614 Meni-:At-
1514 2589 1587 2621 1¹85,
1607 2588 1626 2614 s.
1646 2589 1704 2619 76.)

1261 2693 1274 2708 ι(
1300 2680 1406 2710 Nobili
1419 2681 1483 2710 viro
1505 2704 1523 2710 ..
1542 2681 1645 2709 eonati
1664 2681 1834 2712 Brilannie.
1859 2683 1909 2713 Ad
1930 2685 2075 2714 nostram
2094 2685 2229 2715 noveris

1220 2733 1423 2764 audientiam
1438 2733 1634 2772 pervenisse
1650 2734 1737 2771 quod
1754 2735 1926 2765 tractatum
1943 2737 1993 2765 est
2007 2736 2046 2766 de
2060 2737 2227 2767 matrimo-

1220 2787 1275 2817 nio
1292 2786 1377 2816 inter
1395 2810 1415 2816 ..
1433 2786 1537 2816 filiam
1554 2787 1642 2815 tuam
1657 2787 1687 2816 et
1706 2786 1838 2817 fratrem
1854 2787 2024 2818 karissimi
2048 2789 2080 2819 in
2097 2789 2228 2819 (Ihristo

1255 2884 1277 2906 1.
1297 2883 1333 2906 ,113
1350 2889 1354 2905 :
1372 2884 1409 2906 et.
