2498 3242
156 297 215 328 969
1014 288 1228 327 SEPTIEME
1250 290 1411 327 ANNEE.
2210 301 2268 332 970

156 363 392 401 dignaremur;
411 361 479 401 qui,
496 370 562 392 non
578 362 730 393 obstante
747 363 776 393 si
793 371 924 393 crucem
940 363 1010 401 ipse
1025 371 1173 400 assump-

157 415 238 446 serit
254 415 306 446 vel
321 419 481 450 assumat,
497 419 553 445 aut
569 415 655 446 bona
669 425 729 446 sua
740 416 839 447 donet
853 416 954 446 alicui
966 415 1017 446 vel
1029 415 1170 451 donarit,

156 477 217 499 seu
232 467 381 499 confecta
399 476 498 506 super
514 467 576 498 hoc
591 468 816 499 instrumenta
828 469 897 508 jam
911 469 1109 500 alienaverit
1122 468 1174 499 vel

156 521 258 552 etiarn
275 521 409 555 alienet,
430 520 581 551 exhiberi
599 521 664 552 sibi
681 522 843 553 facientes
859 523 1083 553 instrumenta
1099 531 1174 561 pre-

157 575 260 609 dicta,
279 579 310 605 et
327 574 439 605 debita
460 575 496 604 in
517 574 640 614 quibus
658 575 717 605 alii
739 580 894 606 tenentur
914 575 1036 610 eidem,
1055 584 1091 606 ac
1108 575 1174 605 alia

157 628 243 659 bona
260 628 343 667 ejus,
362 627 589 666 compellendo
609 628 650 658 ad
667 628 716 663 id,
737 637 803 659 non
819 629 970 659 obstante
990 629 1028 659 de
1045 628 1173 659 duabus

157 681 257 711 dietis
280 681 519 711 constitutione
543 681 677 711 concilii
701 681 886 719 generalis,
907 682 1113 717 detentores,
1143 685 1174 711 et

157 734 364 765 debitoribus
383 734 454 764 suis
470 743 512 765 ne
534 734 585 764 illi
607 735 817 765 satisfaciant
839 734 1038 770 inhibendo,
1059 743 1173 764 eorum

157 787 392 825 indempnitati
408 796 584 826 precavere
600 792 790 826 procurent,
808 788 895 818 sicut
912 787 1058 818 viderint
1075 796 1173 826 expe-

156 841 239 871 dire.
257 840 341 872 Cum
362 840 465 878 igitur
483 849 548 871 non
573 841 617 870 sit
633 840 774 871 malitiis
796 840 971 871 hominum
994 841 1172 879 indulgen-

155 894 249 924 dum.
271 901 331 924 nec
350 893 427 933 jura
449 893 649 923 subveniant
666 893 911 933 decipientibus
928 894 986 924 sed
1008 893 1170 932 deceptis,

155 947 354 978 mandamus
368 951 544 986 quatenus,
563 947 692 976 faciens
708 947 821 977 omnia
836 947 1059 977 instrumenta
1074 947 1172 977 dona-

156 1001 284 1031 tionum
301 1004 333 1030 et
355 999 543 1030 debitorum
564 999 786 1038 predictorum
812 999 852 1029 ad
874 1008 994 1030 manus
1021 1004 1094 1030 tuas
1115 1008 1172 1030 ve-

156 1053 240 1087 nire,
259 1053 308 1083 sic
325 1061 424 1091 super
439 1051 507 1082 hiis
519 1053 540 1087 ¹,
562 1051 738 1090 premissis
755 1052 910 1082 omnibus
926 1061 992 1082 non
1009 1052 1173 1082 obstanti-

155 1106 228 1141 bus,
244 1105 370 1136 eisdem
387 1105 516 1135 civibus
529 1104 702 1143 providere
714 1113 882 1143 procures,
899 1105 997 1144 quod,
1011 1105 1059 1135 eis
1071 1114 1129 1144 per
1142 1109 1172 1135 te

157 1163 223 1189 tam
244 1158 284 1188 de
299 1158 397 1188 bonis
421 1157 535 1188 Tinozi
558 1166 658 1196 quam
684 1157 872 1187 debitorum
895 1157 1001 1196 ipsius
1024 1157 1173 1196 plenarie

157 1211 345 1245 satisfacto,
368 1210 402 1240 in
425 1210 500 1250 jure
523 1219 584 1241 suo
608 1210 804 1248 indempnes
821 1210 951 1240 valeant
968 1211 1171 1246 conservari,

156 1265 236 1302 [non
252 1263 463 1294 obstantibus
482 1263 652 1302 jamdictis
673 1263 910 1293 donationibus
927 1263 979 1293 vel
996 1263 1174 1294 alienatio-

157 1317 257 1348 nibus
273 1317 308 1346 in
329 1316 481 1346 fraudem
503 1316 651 1355 ipsorum
674 1320 798 1346 temere
814 1316 1019 1354 attemptatis
1031 1318 1067 1354 2].
1086 1317 1173 1348 Con-

157 1371 353 1402 tradictores
369 1374 444 1405 etc„
461 1378 568 1408 usque
584 1378 809 1407 compescens,
827 1373 857 1399 et
875 1369 1050 1405 advocans,
1069 1370 1098 1400 si
1114 1379 1173 1400 ne-

157 1432 249 1455 cesse
267 1423 380 1458 fuerit,
396 1427 511 1453 contra
525 1421 622 1452 illum
637 1421 834 1459 suffragium
852 1421 981 1452 brachii
993 1421 1170 1458 secularis,

155 1477 349 1507 mandatum
366 1480 517 1506 nostrum
533 1475 646 1506 taliter
662 1475 877 1514 impleturus,
896 1475 984 1514 quod
1000 1475 1038 1506 de
1055 1476 1172 1506 fraude

155 1529 364 1560 commodum
385 1537 452 1559 non
469 1531 630 1567 reportet,
651 1532 683 1558 et
697 1527 763 1567 ipsi
781 1537 841 1566 per
856 1527 1066 1566 diligentiam
1080 1532 1172 1558 tuam

153 1591 189 1614 se
207 1582 373 1621 gaudeant
398 1590 493 1612 suam
512 1581 680 1621 justitiam
700 1580 850 1619 plenarie
870 1585 1077 1611 consecutos.
1094 1581 1169 1611 Dat.

151 1635 320 1671 Laterani,
339 1635 389 1665 III
406 1643 511 1665 nonas
527 1632 702 1668 februarii,
724 1642 812 1664 anno
829 1633 981 1672 septimo.
1001 1646 1014 1661 n

227 1807 338 1835 ¹¹2ss!

189 1868 264 1903 Regi
284 1868 420 1895 Franciae
436 1868 471 1894 de
487 1868 586 1895 eadem
603 1877 633 1894 re
649 1868 750 1895 scribit
765 1877 891 1902 eumque
909 1873 990 1903 rogat
1000 1873 1028 1895 et
1041 1870 1171 1896 hortatur

152 1922 299 1953 quatenus
314 1917 424 1945 eisdem
442 1917 556 1945 Oddoni
572 1917 711 1944 Mannettt
727 1921 756 1943 et
772 1917 930 1952 Stephano,
949 1919 975 1944 in
993 1917 1073 1945 Urbe
1088 1918 1171 1945 nobi-

154 1967 231 1994 libus
255 1971 285 1993 et
310 1967 494 2002 potentibus,
511 1966 651 1993 auxilium
675 1971 703 1993 et
725 1966 852 1993 savorem
875 1967 1036 2002 impendat,
1060 1967 1096 1993 ita
1119 1975 1171 1994 eos

154 2016 246 2051 gratia
262 2019 291 2042 et
307 2016 508 2042 benevolentia
524 2015 726 2050 prosequendo
737 2037 743 2047 ,
759 2015 835 2050 quod
853 2020 1030 2043 memoratus
1044 2015 1171 2043 Tinozus

154 2065 190 2092 de
215 2064 314 2091 frande
339 2063 522 2090 commodum
549 2072 603 2090 non
630 2068 767 2097 reportet.
783 2064 914 2098 —fflsm
941 2066 986 2096 17,
1008 2065 1026 2091 s.
1055 2065 1098 2091 141
1122 2072 1168 2096 v⁰;

154 2122 220 2141 ann.
242 2112 306 2144 x'11,
322 2121 349 2140 c.
366 2112 416 2139 512
431 2122 436 2142 2
453 2126 489 2132 —
504 2112 622 2140 Mons-‚zu
644 2112 719 2144 1188,
737 2112 755 2138 s.
772 2112 822 2139 313
839 2115 890 2144 v0.)

736 1805 848 1838 Lati-an,
865 1807 879 1833 4
896 1806 1001 1833 sevi-ier
1019 1806 1097 1834 1‘234.

199 2228 211 2241 «
235 2238 256 2244 ..
280 2215 398 2244 illustri
419 2215 485 2252 reqt'
507 2214 648 2243 Francie.
674 2213 793 2243 Oblata
817 2213 913 2244 nobis
939 2218 1000 2244 etc.
1018 2232 1067 2243 —.
1094 2215 1168 2244 Dat.

156 2267 324 2302 Laterani,
344 2268 375 2297 II
393 2276 497 2297 nouas
514 2266 687 2301 februarii,
705 2275 792 2296 anno
808 2266 957 2305 septimo.
979 2279 992 2293 n

192 2391 296 2415 ¹282.
307 2401 342 2408 --
354 2387 385 2413 In
397 2386 521 2413 eundem
535 2387 650 2412 modum
663 2387 803 2421 scriptum
818 2392 861 2413 est
876 2408 893 2413 ..
906 2388 1168 2421 cornutoampanie.

229 2555 248 2582 Ι
257 2555 344 2583 ¹2ss3

191 2617 422 2652 Archiepiscopo
444 2616 608 2643 Senonensi
632 2618 756 2652 ejusque
775 2617 966 2652 suffraganeis
989 2621 1086 2644 notum
1104 2618 1171 2645 facit

738 2554 852 2587 Lati-an,
869 2556 882 2582 4
901 2555 1003 2582 sevrier
1022 2555 1098 2583 1934.

154 2674 187 2692 se
206 2675 221 2692 a
237 2666 444 2701 jun-Istlictione
468 2666 674 2701 inquisitorum
696 2666 859 2693 haereticae
884 2667 1031 2701 pravitatis
1052 2668 1171 2701 provin-

154 2715 228 2742 ciam
250 2714 452 2741 Senonensem
477 2723 631 2742 revocare.
649 2723 759 2750 eosque
780 2715 910 2742 hortatur
928 2719 968 2747 ut,
985 2724 1050 2742 cum
1067 2716 1170 2743 fratres

157 2762 378 2790 Praedicatores
393 2764 426 2789 ad
449 2764 641 2790 confutandos
657 2764 820 2791 haereticos
839 2764 967 2799 aptiores
982 2765 1054 2796 sint,
1071 2773 1123 2792 eos
1135 2765 1169 2792 ad

191 2878 211 2902 t.
225 2877 278 2902 Les
291 2882 362 2902 mots
374 2879 440 2905 hiis.
453 2879 604 2908 premissis
617 2897 632 2902 ..
646 2880 752 2903 eisdem
765 2879 900 2903 resultent
911 2879 992 2903 d'une
1003 2880 1169 2905 correction.

188 2922 211 2946 2.
229 2921 266 2946 Le
280 2923 400 2946 membre
416 2922 450 2946 do
465 2923 563 2953 phrase
575 2923 696 2947 enferme
708 2923 743 2947 ici
758 2926 836 2948 entre
849 2923 974 2948 crocbets
988 2923 996 2954 [
1011 2923 1020 2955 Ἰ
1038 2927 1088 2954 est,
1101 2923 1170 2948 daus

157 2967 182 2991 le
195 2968 330 2996 Reqislre.
347 2967 459 2997 mai-que
473 2967 510 2991 du
526 2967 605 2998 siguo
619 2967 653 2991 de
666 2968 848 2999 suppression
863 2970 966 2992 eat-cat.

1255 362 1458 397 exstirpandos
1487 372 1601 391 errores
1632 373 1834 400 perversorum
1860 365 2027 401 dogmatum
2052 366 2205 394 advocent.
2233 383 2267 388 —

1254 409 1648 444 ‹Rso.17.r.1ttv⁰;ann.
1666 413 1910 446 V11‚c.513;—
1927 414 2046 442 Motu-:us
2066 416 2145 447 1188,
2163 416 2181 443 s.
2197 416 2265 447 3t5;

1254 473 1287 479 —
1306 458 1451 487 Po'rwAsr
1466 461 1558 494 9388.)

1296 574 1309 588 «ι
1333 585 1352 590 ..
1375 564 1601 602 archiepiscopo
1622 565 1790 594 Senam-nsi
1811 570 1837 594 et
1855 567 2058 603 sufflagyancis
2079 569 2154 597 suis.
2179 568 2267 598 Olim

1255 614 1424 645 intellecto
1448 616 1534 654 quod
1561 617 1595 646 in
1621 617 1820 655 quibusdam
1844 619 2025 656 provinciis
2052 620 2266 650 inconsutilis

1256 667 1357 697 vestis
1375 667 1521 704 Christi,
1541 669 1595 698 cui
1611 678 1729 699 manus
1746 670 2013 708 crucifigentium
2030 677 2264 710 pepercerunt,

1255 720 1471 759 rumpebatur
1483 721 1604 752 abillis
1614 722 1670 761 qui
1683 731 1757 752 eum
1770 723 1804 752 in
1815 724 1973 753 membris
1983 725 2053 755 suis
2063 725 2184 755 iterum
2196 735 2266 755 cru-

1255 772 1404 811 cifigunt,
1420 777 1452 804 et
1470 774 1603 812 reptilia
1619 784 1694 814 que.
1717 775 1840 805 dudum
1858 776 2055 807 insidiantia
2072 778 2226 808 calcaneo
2242 780 2264 808 ¹.

1254 829 1289 854 ut
1305 834 1379 855 cum
1393 835 1478 865 equo
1493 832 1742 865 prosternerent
1759 837 1980 859 ascensorem.
1997 831 2123 861 occulte
2140 831 2174 860 in
2193 831 2268 870 pul-

1253 887 1330 908 vere
1351 878 1542 915 latitabant,
1561 889 1650 910 nunc
1668 881 1888 919 insurgebant
1910 883 1945 912 in
1968 883 2087 914 faciem
2107 888 2137 913 et
2153 884 2268 915 catho-

1253 931 1316 961 lice
1332 931 1410 962 fidei
1425 932 1568 963 insidias
1585 934 1810 964 moliebantur
1825 940 1967 974 apertas.
1986 945 2046 966 nec
2062 946 2127 967 non
2142 938 2266 968 anima-

1254 984 1297 1015 lia
1310 985 1431 1023 pusilla
1447 988 1469 1021 2,
1488 996 1551 1025 que
1567 987 1700 1018 vineam
1712 988 1848 1018 Domini
1867 989 2010 1019 lat-enter
2025 996 2266 1022 consueverant

1253 1037 1418 1074 demoliri,
1433 1043 1585 1077 patenter
1598 1049 1741 1071 messem
1754 1041 1956 1072 dominicam
1967 1042 2079 1079 ligatis
2091 1044 2130 1073 ad
2144 1044 2266 1074 caudas

1253 1091 1384 1121 facibus
1396 1092 1635 1123 comburebant
1645 1096 1657 1115 ³
1673 1104 1679 1123 :
1693 1094 1853 1125 fratribus
1863 1095 1991 1126 ordinis
2004 1097 2263 1132 Predicatorum,

1254 1143 1456 1175 habentibus
1468 1145 1574 1175 zelum
1585 1147 1646 1176 Dei
1659 1147 1735 1177 etin
1745 1156 1842 1186 opere
1851 1148 2041 1186 potentibus
2051 1159 2088 1180 ac
2099 1158 2263 1185 sermone,

1255 1197 1435 1235 apostolica
1460 1199 1582 1237 scripta
1609 1199 1792 1231 direximus
1816 1205 1852 1230 nt
1879 1202 1919 1231 ad
1949 1207 2044 1240 caput
2074 1202 2266 1242 hujusmodi

1254 1249 1426 1288 reptilium
1450 1252 1706 1289 conterendum,
1728 1253 1844 1292 vulpes
1864 1254 2020 1292 parvulas
2042 1256 2219 1294 capiendas
2237 1257 2263 1287 ⁴.

1255 1306 1287 1332 et
1311 1303 1464 1333 maxillas
1487 1313 1602 1334 corum
1626 1305 1683 1344 qui
1707 1305 1833 1337 Christi
1859 1307 2041 1337 Ecclesiam
2061 1308 2262 1345 lacerabant,

1254 1355 1289 1384 in
1313 1355 1407 1385 freno
1429 1357 1632 1388 cohibendas
1656 1363 1685 1388 et
1709 1367 1801 1389 camo
1824 1361 1846 1395 ⁵,
1872 1364 2023 1398 potenter
2052 1367 2263 1399 assurgerent

1254 1412 1286 1438 et
1301 1416 1378 1438 oves
1395 1414 1545 1439 errantes
1560 1410 1600 1440 ad
1616 1410 1701 1441 exile
1716 1412 1786 1442 suis
1803 1412 1952 1443 humeris
1970 1419 2187 1452 reportarent,
2205 1423 2266 1445 nec

1254 1468 1320 1489 non
1338 1469 1498 1499 personas
1520 1462 1661 1493 infectas
1682 1464 1798 1494 scabra
1818 1465 1972 1504 rubigine
1994 1468 2167 1498 vetustatis
2184 1467 2265 1498 lima

1254 1521 1313 1543 sue
1328 1514 1567 1551 predicationis
1585 1516 1776 1552 eraderent,
1796 1521 1830 1547 ut
1847 1519 1969 1548 munde
1985 1519 2020 1548 in
2037 1521 2265 1551 sanctuarium

1253 1566 1388 1596 Domini
1411 1571 1441 1597 et
1465 1567 1505 1597 ad
1530 1568 1686 1599 celestem
1707 1570 1848 1608 patriam
1872 1571 2062 1602 introirent.
2086 1574 2154 1603 Nec
2175 1574 2264 1603 enim

1252 1618 1363 1649 decuit
1382 1620 1607 1658 Apostolicam
1625 1622 1754 1658 Sedem,
1775 1623 1809 1652 in
1826 1624 1932 1654 oculis
1955 1625 2025 1655 suis
2044 1635 2119 1655 cum
2138 1626 2266 1656 Madia-

1252 1671 1323 1701 nita
1335 1677 1473 1703 coeunte
1485 1673 1602 1709 Judeo,
1615 1683 1752 1704 manum
1765 1685 1860 1705 suam
1872 1686 1889 1706 a
1901 1678 2064 1714 sanguine
2076 1678 2264 1716 prohibere.

1252 1733 1305 1759 ne,
1324 1725 1353 1754 si
1371 1734 1468 1755 secus
1482 1731 1605 1764 ageret,
1618 1736 1684 1757 non
1701 1728 1868 1759 custodire
1885 1729 2041 1768 populum
2060 1730 2189 1761 Israhel
2205 1741 2266 1762 nec

1253 1785 1352 1816 super
1374 1787 1472 1817 grege
1494 1788 1553 1809 suo
1579 1780 1685 1810 noetis
1708 1781 1842 1819 vigilias
1865 1782 2021 1820 vigilare,
2045 1784 2102 1814 sed
2122 1784 2266 1815 dormire

1253 1839 1312 1860 seu
1337 1831 1516 1862 dormitare
1538 1833 1649 1870 potius
1673 1833 1852 1864 videretur.
1875 1836 1978 1865 Porro
2003 1845 2063 1867 nec
2085 1837 2149 1867 fuit
2171 1846 2266 1867 man-

1253 1883 1363 1913 dantis
1384 1884 1527 1914 intentio
1549 1894 1609 1915 nec
1632 1886 1811 1917 scribentis
1827 1888 1981 1919 voluntas
2004 1888 2065 1919 hoc
2082 1889 2210 1926 habuit,
2230 1895 2266 1920 ut

1253 1945 1353 1974 super
1367 1936 1444 1967 aliis
1460 1938 1643 1975 provinciis
1657 1943 1767 1977 preter
1782 1949 1881 1979 quam
1898 1941 1936 1971 de
1954 1941 2064 1972 heresi
2079 1943 2263 1978 infamatis,

1253 1989 1293 2018 ad
1311 1998 1366 2019 eos
1383 1990 1506 2028 scripta
1524 1990 1714 2030 hujusmodi
1736 1998 1945 2023 emanarent:
1964 1995 2020 2024 sed
2038 1995 2066 2025 si
2087 1996 2171 2026 sorte
2187 2005 2266 2026 con-

1254 2042 1377 2071 trarius
1401 2042 1500 2073 fuerit
1527 2044 1726 2074 subsecutus
1743 2050 1896 2076 eventus.
1915 2047 2082 2078 credimus
2103 2049 2188 2088 quod
2204 2049 2265 2079 hoc

1252 2094 1368 2131 ignara
1386 2096 1557 2133 occupatio
1568 2096 1685 2127 feccrit
1697 2097 1749 2128 vel
1760 2098 1871 2128 dolosa
1886 2100 2051 2138 surreptio
2067 2102 2263 2139 procurarit.

1253 2147 1375 2177 acideo
1388 2157 1425 2178 ea
1436 2148 1590 2180 volumus
1602 2150 1721 2180 effectu
1738 2160 1861 2182 carere.
1877 2153 1999 2191 quibus
2011 2162 2110 2184 causa
2124 2163 2188 2185 non
2202 2156 2265 2185 fuit

1253 2200 1401 2230 efficiens
1415 2201 1558 2232 intentio
1569 2202 1785 2233 mandatoris.
1802 2205 1926 2234 Verum
1943 2206 2021 2244 qnia
2035 2207 2123 2237 inter
2138 2212 2264 2238 ceteras

1252 2253 1441 2290 provincias
1457 2259 1566 2284 vestra
1583 2255 1809 2286 sinceritatem
1828 2257 1989 2289 catholice
2005 2259 2093 2290 fidei.
2110 2266 2219 2291 vestra
2236 2267 2267 2292 et

1252 2307 2268 2353 vestrorumpredecessorumsollicitudine.perpetuistempo-

1251 2359 1345 2389 ribus
1358 2360 1557 2393 observavit.
1572 2362 1768 2393 mandamus
1780 2368 1956 2402 quatenus,
1976 2375 2040 2395 non
2057 2367 2267 2398 obstantibus

1252 2411 1374 2442 litteris
1397 2422 1498 2451 super
1519 2415 1694 2452 premissis
1713 2415 1761 2455 [..]
1781 2416 1885 2455 priori
1907 2419 2104 2456 provinciali
2125 2421 2264 2451 fratrum

1253 2464 1505 2496 Prcdicatorum
1527 2467 1561 2496 in
1579 2468 1718 2498 Francia
1737 2469 1931 2500 destinatis.
1950 2480 2032 2509 quas
2049 2478 2211 2510 quantum
2227 2475 2268 2504 ad

1253 2518 1359 2556 ipsam
1381 2519 1587 2558 provinciam
1603 2530 1813 2557 revocamus,
1832 2523 1957 2561 singuli
1975 2529 2120 2554 vestrum
2142 2526 2176 2555 in
2195 2526 2267 2556 dio-

1253 2571 1386 2602 cesibus
1403 2572 1486 2608 suiS,
1504 2578 1707 2611 opponentes
1723 2583 1780 2604 vos
1797 2584 1929 2604 murum
1946 2586 2003 2614 pro
2020 2577 2115 2607 domo
2133 2578 2267 2608 Domini

1253 2624 1513 2655 ascendentibus
1532 2636 1568 2656 cx
1589 2627 1743 2663 adverso,
1763 2633 1876 2657 contra
1896 2628 2059 2660 hereticos
2076 2630 2267 2669 hujusmodi

1253 2680 1416 2710 studeatis
1432 2680 1574 2711 sollicite
1588 2681 1736 2711 debitum
1750 2683 1927 2721 pastoralis
1940 2685 2040 2714 oflicii
2054 2694 2217 2716 exercerc.
2236 2691 2267 2717 et

1287 2792 1306 2815 t.
1324 2791 1365 2816 Cf.
1383 2792 1464 2822 Gen,
1484 2793 1530 2821 111,
1551 2793 1586 2818 15.

1283 2835 1306 2860 2.
1325 2835 1371 2860 Ps.
1388 2836 1464 2865 0111,
1478 2837 1517 2861 25.

1284 2880 1307 2904 3.
1323 2880 1366 2905 Cf.
1382 2880 1485 2912 Jumc„
1502 2882 1561 2909 XV,
1578 2882 1630 2907 4-5.

1283 2923 1307 2948 ⁴.
1324 2923 1366 2949 Cs.
1382 2924 1477 2953 CAN1'.,
1494 2925 1528 2955 11,
1547 2926 1582 2951 15.

1285 2969 1307 2992 5.
1325 2967 1367 2993 Cf.
1384 2969 1430 2994 Ps.
1445 2969 1544 2998 xxxt,
1561 2972 1583 2994 9.
