2498 3242
191 318 250 348 865

192 383 288 414 Sedis
301 382 458 421 legatum,
475 391 574 420 snper
592 381 659 412 hiis
674 382 803 411 duxerit
822 381 1070 414 recurremlum,
1086 387 1207 408 memo-

190 439 284 466 ratus
295 443 415 469 comes,
429 438 538 465 motus
552 434 784 464 vehementius
797 439 911 464 contra
922 443 1009 467 cum,
1022 441 1085 462 oon
1101 431 1207 461 solum

192 487 227 517 in
254 486 424 526 presentia
450 487 558 525 ipsius
584 487 728 524 episcopi
755 486 825 525 juri
851 496 966 524 parere
996 484 1205 522 contempsit,

193 548 308 570 verum
327 539 428 569 etiam
446 548 553 578 usque
567 540 648 570 adeo
667 540 775 578 ipsum
795 539 972 569 deterruit.
994 538 1080 577 quod
1097 537 1136 567 ab
1155 546 1208 567 cc-

193 592 296 623 clesia
313 597 446 622 coactus
463 593 630 628 recedere,
649 593 688 622 ad
707 602 779 623 eam
797 592 925 629 regredi
943 601 1007 621 non
1025 591 1184 629 presumit
1201 601 1206 625 ;

194 648 326 683 propter
342 644 429 684 quod
445 644 619 675 humiliter
635 646 727 684 petiit
746 650 792 680 ut,
811 655 885 674 cum
902 645 1020 679 eidem,
1037 643 1093 682 qui
1111 642 1209 672 desti-

194 698 286 728 tutus
303 698 410 728 adhuc
426 699 556 736 cogitur
572 698 716 729 exulare.
736 699 837 728 nimis
854 702 941 728 esset
955 696 1088 727 difficilt¹
1107 696 1141 725 in
1159 696 1208 735 ju-

196 750 282 781 dicio
312 751 514 782 contendere
545 760 618 781 cum
647 752 766 782 comite
794 755 994 786 memorato,
1026 758 1208 787 congruum

196 812 295 842 super
314 802 376 833 hoc
399 803 557 834 adhihere
576 804 759 834 remedium
780 804 1005 840 dignaremin-⁸
1030 802 1125 833 Unde
1150 810 1209 831 nos

194 855 380 895 predictum
397 856 550 885 comitem
568 857 751 894 rogandum
767 856 936 889 duximus,
956 855 1072 885 dantes
1086 854 1116 884 ei
1133 863 1210 883 nos-

195 908 256 938 tris
274 907 397 938 litteris
418 909 452 938 in
473 909 639 939 mandatis
660 913 692 939 ut
715 909 827 938 villam
851 908 989 939 candem
1013 916 1086 937 cum
1108 907 1210 945 pcrti-

195 961 337 996 nentiis,
356 961 467 1001 bajulo
484 972 543 992 suo
560 962 636 992 inde
657 966 798 996 remoto,
815 962 966 992 restituat
985 960 1123 991 ecclesie
1140 969 1209 990 me-

194 1019 337 1052 morate,
356 1024 410 1050 ac,
432 1015 577 1046 relaxato
590 1016 780 1055 juramento
794 1015 964 1045 fidelitatis
981 1014 1138 1053 predicto,
1156 1023 1210 1043 rc-

195 1067 265 1098 dire
285 1069 453 1107 permittat
478 1069 602 1099 dictum
620 1069 765 1107 priorem
781 1068 821 1098 ad
835 1077 929 1098 suam
941 1067 1116 1097 ecclesiam
1132 1070 1163 1096 et
1174 1066 1208 1095 in

196 1121 310 1151 eadem
328 1121 407 1151 villa
423 1122 693 1161 jurisdictionem
709 1121 905 1160 premissam
924 1120 1028 1150 libere
1045 1128 1208 1155 exercere,

195 1174 350 1205 faciendo
379 1175 444 1205 sihi
469 1175 508 1205 de
537 1175 690 1214 dampnis
717 1179 746 1205 et
774 1174 910 1214 injuriis
945 1173 1209 1204 satisfactionem

196 1236 375 1265 congruam
406 1227 568 1258 exhiberi.
602 1227 652 1257 Ad
681 1227 740 1257 hec
771 1227 879 1257 eidem
913 1226 1065 1264 episcopo
1097 1229 1209 1255 nostra

196 1279 319 1318 scripta
335 1280 532 1310 direximus.
555 1284 608 1315 ut,
632 1280 661 1310 si
685 1279 793 1309 dictus
814 1288 923 1309 comcs
940 1283 1089 1308 nostrum
1110 1278 1210 1308 nollet

198 1332 379 1371 adimplere
398 1333 606 1368 mandatum,
626 1333 712 1370 ipse,
730 1332 893 1371 inquisita
911 1341 1010 1370 super
1026 1331 1092 1361 hiis
1109 1336 1140 1361 et
1156 1340 1210 1361 co-

197 1386 290 1424 gnita
306 1385 448 1416 sollicite
465 1386 620 1421 veritate,
641 1386 670 1415 si
688 1394 758 1416 rem
778 1385 945 1415 inveniret
964 1385 1009 1414 ita
1033 1394 1122 1419 esse,
1141 1385 1210 1414 dic-

198 1442 268 1468 tum
290 1438 444 1468 comitem
468 1443 505 1468 ut
528 1439 737 1469 satisfaceret
761 1439 849 1468 infra
875 1438 1095 1477 quadraginta
1121 1438 1208 1473 dies

193 1491 289 1531 juxta
308 1491 449 1521 formam
465 1492 556 1530 pacis
577 1491 665 1522 inter
681 1500 756 1521 eum
773 1495 803 1521 et
820 1491 1004 1521 Ecclesiam
1020 1492 1209 1526 reformate,

197 1543 376 1582 diligenter
393 1544 564 1575 induceret
588 1549 619 1575 et
640 1548 798 1574 moneret.
820 1544 914 1581 Quod
934 1544 962 1573 si
983 1544 1054 1573 suis
1074 1543 1211 1573 monitis

195 1606 313 1636 parere
333 1601 597 1636 contempneret,
621 1606 698 1627 eum
716 1597 757 1627 ad
774 1597 808 1627 id
830 1606 887 1636 per
907 1606 1082 1627 censuram
1106 1597 1211 1627 eccle-

196 1649 377 1687 siasticam,
397 1650 617 1689 appellatione
637 1650 836 1689 postposita,
856 1650 1061 1685 coherceret,
1079 1650 1211 1689 proviso

195 1712 237 1734 ne
267 1703 463 1734 auctoritate
492 1703 682 1734 litterarum
715 1708 906 1734 nostrarum
935 1703 1137 1733 directarum
1171 1703 1212 1733 ad

196 1764 287 1792 eum,
304 1756 340 1785 in
356 1760 479 1786 terram
494 1756 602 1795 ipsius
624 1756 748 1786 nobilis
763 1756 934 1786 interdicti
953 1757 1117 1795 proferret
1134 1765 1211 1787 sen—

195 1809 352 1845 tentiam,
377 1809 444 1839 nisi
466 1818 485 1839 a
509 1809 605 1839 n‘obis
628 1818 727 1848 super
747 1809 809 1839 hoc
833 1808 1032 1839 mandatum
1050 1809 1211 1848 reciperet

195 1861 351 1900 speciale.
374 1863 515 1898 Verum,
541 1871 617 1892 cum
639 1862 807 1901 sepefatus
832 1862 1006 1900 episcopus
1027 1862 1211 1892 secundum

195 1915 344 1945 mandati
360 1915 467 1946 nostri
482 1920 632 1946 tenorem
644 1915 679 1945 in
690 1915 883 1955 hujusmodi
894 1924 995 1945 causa
1006 1915 1208 1954 procederet,

195 1973 227 1999 et
241 1977 434 2007 processum
448 1976 557 1998 coram
574 1977 609 1998 se
625 1968 778 1998 habitum
792 1968 832 1998 ad
845 1977 983 1998 examen
1000 1968 1096 1999 Sedis
1108 1968 1210 2006 Apos-

194 2020 292 2052 tolice
311 2021 506 2056 destinaret,
527 2021 605 2060 quia
626 2021 836 2059 supradictus
857 2030 978 2056 comes,
999 2021 1116 2051 nolens
1132 2029 1210 2051 nos-

195 2078 300 2110 trum,
319 2074 406 2104 sicut
421 2074 626 2113 accepimus,
648 2073 829 2112 adimplere
845 2074 1055 2109 mandatum,
1081 2074 1121 2104 ab
1138 2074 1210 2112 ipso

193 2136 353 2167 processu
369 2127 410 2156 ad
425 2131 573 2157 nostram
590 2127 796 2157 audientiam
813 2126 1002 2166 appellavit,
1020 2136 1080 2157 nos
1096 2136 1209 2166 procu—

194 2181 362 2211 ratoribus
376 2180 554 2219 utriusque
571 2180 676 2219 partis
694 2180 728 2209 in
743 2185 854 2210 nostra
868 2180 1035 2219 presentia
1052 2180 1210 2211 constitu-

196 2235 238 2265 tis
265 2234 423 2264 dilectum
452 2233 559 2263 filium
587 2238 738 2264 nostrum
766 2234 816 2269 S.,
842 2234 933 2264 tituli
958 2234 1077 2264 Sancte
1105 2234 1210 2265 Marie

194 2286 436 2318 Transtiberim
453 2286 675 2325 presbiterum
692 2286 912 2321 cardinalem,
935 2296 1035 2326 super
1049 2286 1111 2317 hoc
1131 2295 1210 2318 con-

194 2340 358 2372 cessimus
378 2339 575 2370 auditorem.
599 2339 670 2376 Quo
691 2339 824 2370 tandem
845 2340 1011 2370 referente
1033 2339 1129 2371 nohis
1145 2349 1210 2379 que

195 2393 236 2424 ab
251 2397 392 2433 utraque
408 2396 501 2432 parte
520 2392 615 2423 suere
632 2392 802 2431 proposita
816 2402 927 2423 coram
942 2402 997 2429 eo,
1019 2393 1098 2432 quia
1112 2392 1210 2423 nobis

194 2455 260 2477 non
279 2446 387 2486 potuit
413 2446 452 2476 de
476 2445 606 2476 meritis
629 2446 777 2485 ejusdem
800 2455 899 2477 cause
920 2446 1016 2485 plene
1039 2451 1207 2482 constare,

195 2508 271 2530 cum
291 2499 332 2530 ad
355 2499 561 2538 apertionem
582 2498 718 2529 testium
737 2499 973 2538 productorum
993 2499 1130 2530 obtentu
1152 2508 1210 2538 ap-

194 2552 386 2592 pellationis
407 2551 582 2582 memorati
604 2552 753 2588 comitis,
776 2552 916 2583 minime
937 2552 981 2583 sit
997 2561 1208 2591 processum,

195 2605 393 2636 mandamus
409 2608 590 2644 quatenus,
610 2609 792 2636 memorato
807 2605 917 2644 priore
935 2614 1035 2644 super
1050 2604 1118 2635 hiis
1134 2605 1210 2644 qui-

195 2659 258 2690 bus
274 2659 384 2698 ipsum
399 2657 527 2697 liquido
543 2657 722 2696 spoliatum
738 2658 937 2693 constiterit,
953 2659 1026 2690 sine
1042 2667 1132 2689 more
1146 2659 1210 2690 dis-

194 2711 315 2751 pendio
331 2711 460 2750 integre
474 2711 641 2746 restituto,
660 2715 691 2741 et
707 2720 806 2750 super
819 2711 931 2742 dubiis
942 2712 1106 2751 inquisita
1122 2712 1210 2742 solli-

196 2765 260 2796 cite
273 2764 424 2800 veritate‚
437 2763 558 2802 ipsum,
574 2772 639 2794 non
651 2763 803 2795 obstante
817 2764 1038 2804 appellatione
1049 2764 1208 2804 predicta,

195 2817 382 2850 restituatis
400 2821 432 2848 et
447 2816 580 2847 faciatis
593 2817 726 2847 restitui
740 2817 781 2847 ad
796 2817 909 2848 omnia
927 2818 1050 2858 quibus
1065 2827 1142 2849 eum
1158 2818 1211 2848 in-

194 2870 357 2902 veniretis
381 2869 572 2909 spoliatum.
598 2870 866 2901 Contradictores
891 2875 952 2901 etc.
977 2871 1071 2908 Quod
1093 2871 1123 2902 si
1144 2880 1211 2902 non

195 2933 311 2956 omnes
341 2927 403 2954 etc.
429 2923 504 2954 Dat.
529 2923 700 2962 Anagnie,
728 2924 793 2955 VII
817 2923 977 2955 kalendas
1000 2924 1208 2961 novembris,

195 2987 283 3009 anno
299 2977 452 3017 septimo.
474 2989 488 3003 n

319 3036 507 3069 enacmin:
525 3043 577 3074 1x,
596 3045 614 3068 t.
634 3043 656 3068 1.

1046 305 1261 344 SEPTIEME
1283 306 1443 343 ANNEE.

2243 317 2300 345 886

1365 380 1481 408 ¹525

1823 380 1948 409 Anazni,
1967 380 1999 407 20
2016 381 2133 407 octobre
2153 381 2229 409 ¹2:33.

1327 447 1432 473 Abbati
1458 452 1486 473 et
1508 448 1592 481 priori
1613 448 1647 473 ‹le
1671 448 1847 482 l<tnnestorp
1870 453 1916 477 (τε
1940 448 2178 481 nonnus-rsdors),
2205 454 2232 476 et
2255 449 2303 476 Li-

1291 496 1379 524 sai-dn,
1393 497 1531 522 canonico
1544 497 1641 522 Sancti
1655 496 1796 523 Cerconis
1808 496 2000 523 coloniensis,
2014 498 2164 524 committit
2181 498 2302 524 audien-

1291 544 1355 570 <tam
1378 548 1406 570 et
1427 544 1634 570 terminandam
1657 552 1773 570 causzmi
1791 551 1919 570 exortam
1938 546 2010 570 inter
2027 545 2201 572 sinmtonem
2219 547 2303 572 cieri-

1291 601 1368 623 cum,
1390 602 1487 627 quem.
1505 593 1540 618 ate
1563 598 1640 627 patre
1662 594 1811 619 sacerdote
1831 598 1858 619 et
1876 594 1995 619 ntulit-r«¹
2013 596 2166 627 compta-vata
2186 599 2300 620 natum.

1290 641 1530 676 archiepiscopus
1546 641 1728 667 Coloniensis
1746 641 1907 675 praebenda
1923 650 2008 675 (piam
2027 643 2052 667 in
2068 643 2193 668 ecclesia
2205 642 2302 669 Sancti

1292 689 1423 716 Severini
1447 689 1630 715 Colonienffls
1650 690 1814 716 obtinebat.
1839 691 2008 723 privaverat.
2029 695 2055 715 et
2073 690 2224 716 Girartlum
2243 692 2303 717 cie-

1292 738 1400 770 ricum,
1419 739 1465 764 cui
1489 738 1562 764 idem
1583 738 1822 772 archiepiscopus
1838 737 1966 764 eandem
1986 739 2176 773 praebendam
2199 744 2303 765 contu-

1293 787 1373 814 lerat.
1392 802 1423 806 —
1442 787 1525 819 (litu.
1547 787 1586 817 17,
1606 787 1623 812 s.
1641 786 1673 813 97
1692 792 1731 816 ¹¹⁰:
1749 794 1816 812 ann.
1837 785 1930 813 x'11.c
1959 787 2034 813 34¹.)

1335 923 1347 935 ι(
1369 933 1387 938 ..
1406 910 1507 938 abban·
1523 914 1549 938 et
1565 910 1698 947 ..priori
1715 909 1748 937 dc
1759 910 1946 946 Itttmesmtq),
1963 909 2152 937 Trevercnsis
2168 910 2302 938 diuersis.

1292 968 1318 992 et
1334 962 1468 999 Lisamlo.
1486 963 1634 991 canonico
1651 963 1758 991 Sancti
1775 963 1884 990 (jercon
1892 962 1915 989 is
1931 962 2128 991 Coloniensi&
2143 962 2305 991 Girardus

1292 1015 1434 1045 clericus
1446 1015 1481 1044 in
1496 1018 1607 1043 nostra
1621 1014 1787 1052 presentia
1803 1014 1973 1052 proposuit
1990 1014 2191 1044 constitutus
2206 1015 2303 1053 quod,

1292 1077 1366 1099 cum
1388 1067 1590 1098 venerabilis
1612 1068 1715 1097 frater
1735 1072 1848 1097 noster
1870 1090 1887 1096 ..
1916 1067 2186 1105 archiepiscopus
2209 1067 2306 1098 Colo-

1292 1121 1421 1151 niensis
1437 1120 1638 1151 Sibodoncm
1654 1120 1823 1152 clericum,
1840 1129 1938 1158 quem
1955 1124 2047 1158 pater
2063 1121 2134 1159 eJus
2151 1120 2304 1150 sacerdos

1292 1174 1331 1204 de
1346 1173 1488 1213 quadam
1503 1173 1642 1203 muliere
1659 1174 1845 1212 conjugata.
1865 1178 2043 1203 commatre
2061 1182 2131 1207 sua,
2147 1183 2204 1211 per
2216 1173 2306 1203 adul-

1292 1227 1413 1257 terium
1433 1226 1548 1263 gennit
1568 1230 1596 1255 et
1616 1226 1791 1256 incestum.
1813 1226 1980 1264 prebenda
1997 1235 2095 1264 quam
2113 1226 2146 1255 in
2165 1226 2304 1256 ecclesia

1293 1280 1407 1311 Sancti
1433 1279 1584 1310 Severini
1613 1279 1824 1309 Coloniensis
1847 1288 1920 1309 cum
1947 1278 2125 1308 multorum
2150 1279 2306 1308 scandalo

1292 1332 1476 1363 detinebat.
1492 1332 1622 1371 justitia
1640 1332 1803 1368 exig-rente.
1822 1332 2003 1370 privasset.
2027 1340 2098 1361 eam
2116 1331 2179 1370 ipsi
2196 1332 2234 1361 G.
2251 1340 2306 1361 ca-

1293 1385 1411 1415 nonice
1446 1384 1662 1417 conserendo,
1694 1384 1780 1414 idem
1809 1384 1942 1422 spurius
1973 1384 2013 1413 ad
2039 1385 2305 1423 persequendum

1293 1439 1403 1477 ipsum
1426 1438 1594 1476 aspirans,
1618 1446 1692 1467 eum
1710 1446 1809 1475 snper
1830 1437 1945 1466 eadem
1965 1437 2132 1475 prebenda
2155 1446 2264 1466 coram
2285 1461 2302 1466 ..

1293 1491 1460 1530 preposito
1476 1490 1615 1521 ecclesie
1637 1490 1750 1520 Sancti
1774 1489 1865 1519 Petri
1882 1489 2151 1519 padeburnensis
2168 1490 2306 1529 ejusque

1294 1544 1441 1582 collegis,
1470 1553 1528 1582 per
1557 1543 1717 1582 quasdam
1749 1542 1878 1572 litteras
1904 1552 1967 1581 que
1993 1546 2069 1572 ante
2096 1542 2306 1573 collationem

1294 1596 1486 1636 hujusmodi
1502 1596 1637 1626 fuerant
1655 1595 1840 1634 impetrate,
1863 1595 1943 1625 item
1962 1599 2089 1633 patrem
2107 1595 2177 1634 ejus
2198 1606 2307 1625 coram

1294 1650 1420 1680 eisdem
1430 1649 1601 1689 judicibus
1615 1653 1647 1679 et
1662 1653 1802 1678 matrem
1819 1649 1890 1687 ejus
1905 1657 2014 1678 coram
2029 1649 2068 1678 H.
2090 1652 2121 1678 et
2140 1649 2193 1683 R.,
2209 1658 2308 1678 cano-

1294 1703 1380 1733 nicis
1397 1701 1731 1736 Monasteriensibus,
1749 1710 1807 1740 per
1823 1701 1906 1731 alias
1924 1700 2064 1737 litteras,
2083 1710 2183 1740 super
2198 1701 2309 1731 diver-

1294 1756 1357 1791 sis,
1377 1760 1412 1785 ut
1429 1755 1611 1789 dicebatur,
1631 1753 1782 1784 articulis
1801 1753 1969 1784 malitiose
1988 1754 2086 1783 traxit
2103 1754 2137 1783 in
2154 1763 2306 1789 causam,

1294 1813 1325 1840 et
1354 1813 1401 1844 ut,
1432 1807 1665 1846 multiplicatis
1689 1807 1972 1845 persecutoribus,
1999 1815 2036 1837 eo
2064 1807 2170 1845 magis
2198 1807 2308 1846 ipsum

1294 1861 1527 1896 confunderet,
1548 1870 1613 1900 quo
1633 1861 1746 1890 minus
1768 1864 1879 1898 posset
1902 1859 1942 1890 ab
1963 1859 2118 1890 omnibus
2146 1869 2180 1890 se
2205 1860 2305 1890 tueri.

1292 1924 1351 1954 per
1367 1914 1528 1954 quosdam
1549 1914 1673 1943 amicos
1690 1922 1783 1948 suos,
1803 1913 1958 1943 videlicet
1973 1922 2032 1951 per
2052 1936 2071 1941 ..
2095 1913 2307 1943 scolasticum

1294 1968 1409 1999 Sancti
1430 1967 1580 2005 Georgii,
1605 1976 1715 1997 coram
1739 1990 1756 1995 ..
1783 1966 1993 1997 thesaurario
2016 1966 2129 1996 Sancti
2156 1966 2308 1996 Severini

1293 2022 1431 2061 ejusque
1448 2020 1690 2060 conjudicibus,
1715 2020 1795 2049 item
1818 2028 1876 2058 per
1893 2019 1971 2053 Th„
1990 2019 2115 2049 dictum
2138 2018 2305 2049 Firleben.

1293 2074 1490 2105 canonicum
1504 2073 1617 2104 Sancti
1629 2073 1782 2103 Severini
1790 2072 2014 2107 Coloniensis,
2026 2080 2136 2102 coram
2150 2095 2169 2100 ..
2183 2072 2308 2102 decano

1292 2126 1546 2158 Padehurnensi
1569 2126 1707 2166 ejusque
1730 2125 1883 2163 collegis,
1907 2129 1937 2155 et
1959 2134 2018 2163 per
2037 2124 2198 2164 quosdam
2224 2125 2307 2155 alios

1293 2180 1452 2211 adversus
1465 2179 1606 2210 eundem
1622 2178 1792 2214 clericum,
1808 2178 1925 2212 nichil,
1942 2183 1979 2207 ut
1990 2177 2105 2212 credit,
2120 2177 2307 2216 questionis

1292 2233 1465 2269 habentes,
1484 2233 1596 2271 [eum],
1613 2241 1671 2271 per
1687 2231 1876 2269 generalem
1892 2230 2077 2261 clausulam
2093 2231 2220 2268 quidam
2237 2231 2306 2260 alii.

1293 2286 1394 2317 simul
1416 2286 1495 2317 fecit
1519 2286 1609 2315 infra
1630 2285 1729 2315 breve
1755 2289 1884 2323 tempus
1911 2283 1952 2314 ad
1977 2288 2103 2314 remota
2126 2288 2156 2313 et
2177 2283 2309 2313 diversa

1291 2340 1364 2371 loca
1379 2339 1487 2374 citari,
1503 2343 1534 2369 et
1550 2338 1718 2376 assignari
1731 2337 1797 2368 sibi
1813 2337 1974 2368 terminos
1989 2337 2023 2366 in
2037 2336 2160 2376 quibus
2178 2341 2309 2375 propter

1292 2393 1440 2424 locorum
1457 2392 1653 2422 distantiam
1670 2395 1702 2421 et
1721 2391 1879 2429 temporis
1893 2390 2090 2420 brevitatem
2105 2398 2170 2419 non
2184 2393 2306 2428 posset,

1292 2446 1469 2486 presertim
1492 2454 1566 2475 cum
1589 2444 1654 2475 sihi
1674 2443 1746 2474 loca
1768 2447 1839 2473 tuta
1858 2452 1923 2473 non
1945 2447 2071 2478 essent,
2095 2442 2308 2481 aliquatenus

1293 2507 1494 2538 comparere.
1516 2497 1612 2529 Unde
1633 2497 1775 2527 clericus
1796 2496 1867 2536 ipse
1884 2505 1994 2527 coram
2015 2495 2155 2534 prefatis
2173 2495 2308 2525 thesau-

1292 2552 1381 2583 rario
1395 2552 1534 2592 ejusque
1548 2550 1695 2588 collegis,
1713 2549 1748 2579 in
1760 2558 1902 2589 quorum
1915 2548 2084 2587 presentia
2099 2548 2207 2587 potuit
2223 2556 2307 2578 com-

1291 2614 1424 2645 parere,
1444 2612 1632 2644 proponens
1648 2603 1736 2643 quod
1751 2602 1853 2633 simul
1868 2611 1935 2632 non
1953 2605 2081 2640 poterat
2097 2609 2208 2631 coram
2224 2600 2307 2639 ipsis

1293 2663 1325 2690 et
1340 2658 1417 2689 aliis
1432 2657 1577 2695 litigare,
1593 2661 1624 2687 et
1640 2656 1784 2687 offerens
1803 2655 1890 2694 quod
1904 2658 2039 2693 paratus
2057 2658 2127 2684 erat
2142 2653 2177 2682 in
2194 2662 2308 2683 eorum

1291 2711 1473 2751 presentia,
1487 2719 1586 2749 super
1599 2709 1755 2740 omnibus
1771 2708 1811 2738 de
1827 2707 1949 2747 quihus
1965 2706 2106 2746 predicti
2123 2702 2307 2736 adversarii

1293 2768 1409 2795 contra
1423 2764 1545 2803 ipsum,
1561 2767 1688 2802 patrem
1703 2766 1733 2792 et
1749 2765 1889 2791 matrem
1906 2760 1989 2799 ejus,
2011 2758 2221 2798 questionem
2237 2767 2309 2788 mo-

1293 2817 1430 2853 vebant,
1448 2817 1615 2857 justitiam
1632 2814 1803 2849 exhihere,
1823 2812 2000 2843 dummodo
2015 2811 2135 2850 prefati
2153 2811 2308 2841 adversa-

1293 2870 1337 2901 rii
1359 2874 1584 2909 acceptarent,
1609 2867 1768 2908 quoniam
1791 2866 1831 2897 ad
1856 2866 1917 2896 hoc
1942 2874 2007 2895 non
2028 2864 2093 2895 suit
2120 2863 2305 2899 admissus.

1294 2923 1413 2955 Sedem
1424 2922 1648 2962 Apostolicam
1663 2919 1852 2960 appellavit.
1868 2918 1933 2950 Sed
1948 2917 2084 2957 quidam
2097 2917 2137 2947 de
2150 2916 2308 2955 predictis

1290 2975 1462 3016 judicibus
1482 2976 1519 3006 in
1539 2976 1664 3014 ipsum,
1685 2977 1813 3013 patrem
1831 2976 1863 3003 et
1878 2974 2018 3002 matrem
2041 2970 2128 3010 ejus,
2149 2974 2308 3008 tanquam

2154 3036 2185 3060 55
