2498 3242
269 263 343 293 1095

268 329 375 360 eidem
398 327 537 358 ecclesie
564 327 673 358 taliter
699 328 876 357 assistatis.
899 327 1006 357 dando
1029 328 1059 358 ei
1083 326 1272 362 consilium,

269 380 431 411 auxilium
447 385 476 410 et
494 381 652 410 savorem.
670 379 757 418 quod
773 380 812 410 de
829 380 899 410 suis
916 379 1019 418 possit
1039 379 1204 417 angustiis
1223 388 1275 409 re-

269 434 404 472 spirare.
421 434 493 463 Dat.
507 434 620 463 Reate.
634 434 678 463 vl
691 433 849 463 kalendas
864 433 1008 471 augusti,
1023 442 1109 462 anno
1119 437 1243 462 octavo.
1259 444 1272 458 ι)

302 555 406 580 2⁰28.
422 565 458 572 -
478 551 508 578 In
527 551 650 577 eundem
673 551 787 578 modum
809 552 948 586 scriptum
970 556 1014 577 est
1036 571 1054 577 ..
1075 551 1275 584 arcln'epcscopo

266 602 389 628 aenne-nsi·
404 604 426 626 ct
443 602 626 632 suffragancis
642 603 710 627 suis.

338 789 459 818 202⁷

302 851 501 885 Gluillelmum
526 851 756 885 Aldcbrandinil,
783 852 916 877 comitem
938 851 1098 878 Palatinum
1123 850 1274 885 [Tusciael.

862 789 949 821 nien,
967 789 1000 816 ‘20
1013 789 1108 823 juittet
1128 789 1202 816 1—234.

267 901 294 927 in
316 900 486 933 obsequium
511 899 656 926 Ecclesiae
679 899 824 926 Romanae
850 900 971 925 militare
993 900 1185 933 cogitantem,
1209 907 1275 926 cum

266 949 400 975 omnibus
425 949 507 974 honis
532 949 586 974 sub
620 950 798 982 protectione
824 957 877 975 sua
903 949 1036 982 suscipit.
1063 963 1095 968 —
1121 948 1204 981 (Rea.
1231 949 1275 980 17,

266 998 285 1024 f.
310 997 414 1028 1961ae
431 1005 498 1023 ann.
517 996 599 1027 vm.
617 1005 643 1023 c.
664 998 728 1028 17-2;
746 1012 779 1017 —
796 997 964 1024 Rouexnsno
981 997 1054 1030 590.)

308 1112 320 1126 α
342 1099 442 1128 Nobili
461 1100 525 1128 riro
542 1100 591 1132 G..
611 1101 718 1128 comiti
734 1100 890 1134 Palatino,
913 1101 1058 1137 spiritum
1082 1100 1206 1129 consilii
1226 1108 1276 1129 sa-

264 1153 365 1181 nior-is
380 1153 400 1180 ¹.
423 1151 512 1181 Sicut
531 1151 642 1181 dilecti
659 1151 721 1181 filii
737 1169 784 1180 —.
804 1152 878 1181 Dat.
896 1152 1015 1187 Reate,
1035 1152 1099 1182 VII
1115 1151 1275 1182 kalendas

266 1205 411 1243 augusti.
430 1213 516 1234 anno
534 1209 659 1234 octavo.
682 1217 694 1231 n

337 1391 456 1420 2028
861 1390 950 1425 Rieu,
966 1391 1000 1418 -23
1012 1392 1108 1426 juillet
1127 1392 1191 1420 1234

301 1452 444 1487 Episcopo
468 1452 622 1478 sabinensi
645 1452 790 1485 significat
811 1461 843 1478 se
866 1454 1038 1480 sententiam
1054 1463 1070 1479 a
1092 1453 1273 1489 GIuiffredo]‚

266 1501 340 1528 tituli
363 1501 460 1526 Sancti
485 1500 573 1527 Marci
597 1501 766 1535 presb-vtem
787 1501 937 1534 cardinali,
955 1502 1038 1528 latam
1053 1503 1081 1529 in
1098 1511 1185 1530 causa
1202 1504 1275 1530 inter

265 1549 398 1575 eumdem
415 1548 623 1581 sabinensem,
641 1557 675 1574 ex
694 1557 749 1575 una
766 1554 859 1583 parte,
877 1554 905 1575 et
920 1550 1202 1585 archipresbyterum
1225 1560 1274 1578 ec-

264 1597 370 1623 clesiae
390 1596 511 1622 Sanctae
538 1595 682 1622 Victoriae
702 1601 730 1623 et
752 1597 883 1624 abbatem
906 1599 1071 1624 monasterii
1093 1598 1190 1625 Sancti
1212 1600 1274 1626 An-

265 1645 351 1672 dreae
375 1645 402 1671 in
429 1644 568 1674 Flumine.
594 1654 627 1671 ex
644 1647 741 1675 altera.
759 1654 847 1681 super
866 1648 932 1681 jure
957 1648 1113 1682 episcopali
1131 1650 1156 1674 in
1175 1649 1273 1675 eadem

265 1695 387 1721 ecclesia
405 1703 508 1720 exerce
524 1695 578 1727 nlo,
600 1698 707 1727 exorta,
730 1695 910 1721 confirmare.
934 1711 962 1714 —
981 1695 1064 1728 (Hm.
1083 1697 1122 1725 17,
1137 1697 1154 1723 f.
1173 1698 1272 1729 1951·⁰;

264 1751 331 1770 ann.
352 1742 430 1772 Vlll,
448 1752 473 1769 e.
496 1744 566 1774 173)

307 1858 318 1869 0
341 1868 359 1872 ,,
379 1846 512 1881 ιρῐςπηρο
534 1845 707 1873 sabinensi.
726 1844 843 1875 Coram
868 1845 987 1875 dilecto
1005 1846 1073 1875 filio
1093 1852 1204 1877 nostro
1220 1848 1271 1883 G„

266 1896 353 1926 tituli
379 1897 490 1925 Sancti
515 1897 617 1926 Marci
641 1897 824 1935 presbiter
845 1898 1022 1934 cardinali,
1041 1909 1137 1938 quem
1157 1900 1226 1936 tibi,
1243 1905 1274 1931 et

265 1951 314 1987 [..]
330 1949 608 1987 archipresbitero
625 1949 763 1979 ecclesie
781 1951 900 1981 Sancte
913 1952 1059 1983 Victorie
1071 1962 1108 1982 ae
1127 1977 1146 1982 ..
1162 1953 1272 1983 abbati

264 2003 459 2032 monasterii
477 2003 590 2032 sam-ti
605 2003 735 2033 Andree
749 2004 782 2032 in
800 2004 963 2040 Flumine,
981 2006 1032 2035 cui
1047 2006 1187 2037 ecclesia
1202 2007 1273 2045 ipsa

264 2055 402 2084 subesse
419 2055 551 2084 dicitur.
569 2057 795 2087 concessimus
810 2057 1004 2093 auditorem,
1017 2059 1072 2098 jus
1087 2060 1272 2099 episcopale

264 2107 298 2137 in
317 2108 429 2137 eadem
446 2107 596 2137 ccclesia.
613 2113 642 2137 et
661 2109 939 2147 archipresbitero
953 2116 982 2141 et
998 2111 1153 2152 [clericis]
1166 2113 1272 2151 ipsius

264 2160 424 2190 ecclesie2
441 2161 577 2198 petiisti.
602 2170 660 2191 nee
675 2171 739 2191 non
755 2166 783 2192 et
799 2162 1113 2201 archipresbiterum
1131 2166 1272 2197 eundem

263 2213 466 2251 compelliad
475 2213 740 2244 observationem
751 2216 992 2245 sententiarum
1003 2219 1233 2256 suspensionis
1242 2225 1272 2250 et

264 2262 616 2296 excomnmnicationis
627 2267 752 2306 quasin
763 2268 883 2306 ipsum.
894 2278 952 2307 pro
962 2279 998 2300 eo
1009 2271 1106 2309 quod,
1116 2282 1137 2301 4]
1153 2277 1181 2302 te
1194 2273 1272 2303 cita-

267 2322 318 2347 tus
342 2319 572 2356 peremptorie,
598 2319 630 2348 in
654 2320 795 2349 termino
821 2321 885 2350 sibi
904 2323 1072 2360 assignato
1091 2329 1121 2354 et
1141 2331 1271 2365 recepto

264 2379 329 2401 non
346 2371 539 2409 (emptu-uit,
556 2371 696 2401 duxeras
712 2373 979 2411 promulgandas,
998 2385 1151 2408 asserens
1164 2379 1271 2410 inten-

264 2423 389 2453 tionem
407 2428 495 2453 tuam
518 2424 550 2453 in
570 2425 744 2462 premissis
766 2435 838 2456 esse
861 2427 989 2466 dejure
1008 2432 1174 2461 communi
1193 2433 1271 2463 sun-

263 2476 385 2512 datam,
399 2486 472 2506 cum
487 2477 600 2508 eadem
614 2478 754 2508 eeclesia
765 2479 799 2508 in
814 2484 868 2509 tua
883 2480 924 2510 sit
939 2481 1062 2513 diocesi
1079 2485 1268 2516 constituta.

262 2530 309 2560 Ex
332 2530 469 2560 adverso
491 2536 600 2560 autem
620 2532 842 2569 predictorum
865 2534 1134 2573 archipresbiteri
1159 2543 1189 2568 et
1212 2540 1270 2569 ab·

263 2582 349 2612 batis
369 2592 405 2611 ac
424 2583 617 2613 monasterii
635 2590 863 2622 procuratores
880 2586 972 2617 litem
991 2592 1204 2622 contestando
1222 2597 1270 2622 ta-

296 2707 316 2730 t.
331 2707 368 2730 M.
390 2707 555 2738 Rodenberg
575 2708 623 2731 fait
639 2710 789 2739 Justement
810 2712 940 2735 observet·
958 2713 994 2744 (p.
1016 2714 1069 2743 479,
1088 2722 1115 2740 n.
1134 2717 1156 2746 2)
1176 2720 1269 2748 quola

262 2751 379 2775 foi-mule
395 2753 530 2780 spiritum
548 2754 663 2776 consilii
678 2756 804 2778 sanioris
819 2762 848 2778 se
865 2759 962 2780 trouve
979 2758 1012 2781 ici
1030 2762 1089 2782 tout
1107 2760 1122 2782 ii
1139 2761 1186 2785 fait
1205 2763 1268 2788 hors

262 2795 296 2818 de
311 2802 423 2825 propos,
436 2799 462 2818 ct
478 2796 536 2819 doit
552 2797 609 2820 etse
623 2798 744 2827 imputee
760 2799 940 2829 uniquernent
953 2801 968 2823 a
983 2809 1037 2826 une
1054 2803 1215 2830 disti-action
1232 2808 1267 2831 du

263 2840 368 2870 copiste
386 2840 422 2862 «ju
438 2841 571 2869 Iieyistre.

292 2883 316 2907 ’1.
338 2885 453 2907 Cterims
474 2888 515 2907 est
535 2885 650 2909 restitue
673 2886 707 2909 ici
728 2887 835 2918 d'apres
857 2895 887 2912 ce
908 2890 953 2920 qui
970 2897 999 2914 se
1015 2891 1046 2915 lit
1062 2892 1122 2922 plus
1140 2895 1196 2918 toin
1214 2905 1220 2918 z
1236 2897 1268 2920 in

263 2930 388 2957 ecclesia,
406 2929 639 2957 archipresbitero
657 2933 680 2954 et
698 2932 810 2955 clericis
825 2935 1010 2962 supradictis.

993 261 1232 292 REGISTRES
1253 260 1309 290 DE
1331 253 1553 291 GREGomE
1577 263 1635 292 IX.

2289 264 2364 296 1096

1356 325 1433 356 liter
1449 328 1702 366 responderunt,
1719 329 1873 360 videlicet
1889 329 2019 359 nullum
2031 330 2087 369 jus
2104 329 2164 360 tibi
2180 334 2364 369 competere

1356 379 1392 408 in
1409 379 1549 410 ecelesia
1565 381 1765 420 supradicta,
1787 386 1817 412 et
1833 390 1868 412 se
1884 381 1946 411 tibi
1963 381 2003 412 ad
2020 381 2054 412 id
2071 382 2282 422 aliquatenus
2298 391 2364 414 non

1358 433 1480 468 teneri;
1502 442 1601 471 super
1616 434 1846 465 observatione
1864 443 1941 465 vero
1961 434 2204 465 sententiarum
2227 444 2365 474 suspen·
2410 464 2414 467 .
2457 472 2461 473 ⁷

1357 485 1462 515 sionis
1479 490 1510 515 et
1526 488 1878 518 excommunicationis
1899 487 2070 526 respondit
2093 488 2365 527 archipresbiteri

1356 544 1549 576 procurator
1567 549 1601 570 se
1619 549 1683 571 non
1701 541 1833 571 credere
1850 541 1954 572 dictas
1971 541 2156 572 sententias
2171 542 2207 571 in
2223 541 2365 572 eundem

1357 592 1674 630 archipresbiterum
1692 604 1764 625 esse
1781 595 1880 630 latas,
1900 603 1960 625 nec
1982 595 2064 625 ferri
2081 595 2180 625 etiam
2196 595 2362 634 potuisse3

1358 644 1398 674 ad
1415 654 1554 684 quarum
1567 646 1842 683 observationem,
1861 647 1960 678 etiam
1974 647 2002 677 si
2018 647 2083 678 late
2095 652 2217 683 essent,
2235 647 2365 678 dicebat

1357 698 1466 736 ipsum
1492 690 1807 737 archipresbiterum
1834 710 1899 730 non
1925 700 2043 731 teneri.
2070 701 2142 731 Lite
2169 709 2245 734 vero
2266 709 2365 739 super

1357 751 1531 789 premissis
1550 760 1659 781 coram
1681 752 1795 783 eodem
1815 753 1978 783 cardinali
1999 753 2148 791 legitime
2164 757 2362 789 contestata,

1358 804 1456 834 factis
1485 804 1685 843 quibusdam
1712 805 1934 843 positionibus
1961 810 1992 836 et-
2023 805 2297 844 responsionibus
2325 805 2367 836 ad

1358 857 1508 891 easdem,
1536 857 1608 887 visa
1640 867 1770 897 quoque
1800 859 1966 888 sententia
1995 858 2102 888 felicis
2126 858 2366 889 recordationis

1359 909 1547 940 Innocentii
1563 919 1662 948 pape,
1683 910 1926 948 predecessoris
1947 911 2066 946 nostri,
2085 920 2149 950 qua
2168 920 2244 950 pars
2263 911 2367 942 altera

1358 971 1393 992 se
1410 962 1581 1001 potissime
1599 962 1764 998 tuebatur,
1785 963 1945 1002 inspeetis
1961 963 2059 993 dictis
2079 964 2213 994 testium
2230 964 2366 1003 produc-

1358 1020 1466 1045 torum
1479 1020 1510 1045 et
1523 1015 1646 1045 auditis
1660 1024 1868 1055 quecumque
1880 1020 1991 1054 partes
2005 1015 2170 1047 voluerint
2184 1025 2367 1055 proponere

1359 1077 1468 1098 eoram
1494 1068 1577 1106 ipso,
1600 1068 1700 1103 idem,
1722 1068 1836 1099 habito
1856 1069 2065 1108 quorundam
2081 1070 2222 1099 fratrum
2238 1073 2363 1100 nostro-

1358 1130 1432 1151 rum
1443 1125 1474 1151 et
1491 1121 1632 1151 aliorum
1648 1121 1847 1160 prudentum
1862 1121 2014 1158 consilio,
2027 1127 2224 1161 receptoque
2236 1132 2255 1152 a
2271 1122 2367 1153 nobis

1358 1174 1397 1204 de
1421 1174 1587 1204 sententia
1614 1174 1812 1212 proferenda
1832 1175 2002 1210 mandato,
2022 1175 2078 1214 jus
2100 1175 2161 1205 tibi
2182 1175 2368 1214 episcopale

1357 1227 1559 1267 adjudicavit
1580 1228 1614 1257 in
1634 1227 1788 1263 ecelesia,
1810 1227 2088 1267 archipresbitero
2109 1232 2141 1258 et
2161 1228 2292 1259 clericis
2311 1237 2368 1259 su-

1358 1281 1534 1320 pradictis,
1555 1281 1698 1320 prefatos
1717 1285 1947 1320 procuratores
1964 1290 2063 1320 super
2083 1281 2162 1317 hoe,
2187 1281 2376 1312 eorundem.

1357 1335 1629 1373 archipresbiteri
1652 1339 1683 1365 et
1708 1335 1837 1365 abbatis
1862 1344 1899 1365 ae
1921 1335 2116 1365 monasterii
2140 1335 2284 1369 nomine,
2309 1344 2367 1374 per

1357 1387 1568 1418 diffinitivam
1585 1388 1783 1418 sententiam
1799 1388 2080 1426 condempnando,
2095 1388 2237 1427 exceptis
2257 1387 2363 1419 trihus

1357 1441 1518 1477 articulis,
1545 1441 1756 1472 institutione
1782 1441 1936 1472 videlicet
1961 1446 1992 1472 et
2015 1441 2230 1472 destitutione
2254 1441 2364 1472 archi-

1356 1495 1549 1534 presbiteri,
1569 1504 1604 1525 ac
1623 1495 1799 1525 interdicto
1820 1495 1970 1533 ponendo
1990 1495 2023 1524 in
2046 1495 2151 1533 ipsam
2172 1494 2362 1530 ecelesiam,

1357 1553 1451 1587 prout
1469 1548 1502 1577 in
1520 1547 1665 1586 predicta
1681 1547 1925 1586 predecessoris
1942 1548 2047 1577 nostri
2061 1548 2228 1577 sententia
2241 1547 2364 1586 specia-

1356 1601 1433 1631 liter
1445 1601 1683 1639 exprimuntur,
1698 1601 1731 1629 in
1748 1600 1869 1639 quibus
1881 1604 2109 1638 procuratores
2125 1600 2267 1635 eosdem,
2280 1600 2365 1638 ipso-

1352 1663 1429 1683 -rum
1463 1654 1607 1683 nomine.
1636 1653 1777 1682 reddidit
1805 1652 1991 1684 absolutos:
2021 1653 2202 1691 premissas
2227 1653 2365 1692 insuper

1357 1707 1540 1737 sententias
1567 1707 1599 1735 in
1619 1706 1814 1745 jamdictum
1840 1705 2155 1744 archipresbiterum
2181 1715 2199 1735 a
2224 1710 2255 1736 te
2279 1705 2363 1736 latas

1357 1759 1577 1798 pronuntians
1592 1768 1696 1797 usque
1712 1759 1753 1787 ad
1769 1758 2032 1788 satisfactionem
2049 1758 2246 1796 condignam
2263 1758 2364 1788 firmi-

1357 1817 1405 1843 ter
1423 1811 1604 1845 observari,
1620 1815 1866 1850 procuratorem
1883 1820 1991 1846 suum,
2011 1811 2081 1850 ejus
2098 1811 2243 1846 nomine,
2265 1819 2364 1849 super

1356 1865 1417 1895 hoe
1441 1864 1685 1894 sententialiter
1708 1864 1972 1902 condempnavit.
1992 1864 2061 1894 Nos
2082 1863 2195 1902 igitur,
2214 1863 2300 1903 quod
2323 1863 2364 1893 ab

1357 1919 1469 1948 eodem
1488 1917 1649 1947 cardinali
1667 1918 1789 1947 factum
1808 1921 1857 1947 est
1873 1917 1907 1946 in
1924 1916 1986 1947 hac
1998 1921 2102 1955 parte,
2118 1920 2247 1955 gratum
2264 1920 2295 1946 et
2310 1925 2364 1946 ra-

1357 1976 1425 2002 tum
1451 1971 1628 2005 habentes,
1656 1971 1689 2000 id
1714 1970 1910 2000 auctoritate
1936 1974 2047 2000 nostra
2073 1969 2308 2000 confirmamus
2333 1972 2365 2000 et

1355 2024 1521 2063 presentis
1545 2023 1659 2062 scripti
1683 2023 1867 2062 patrocinio
1889 2023 2146 2052 communimus.
2169 2022 2263 2053 Nulli
2287 2030 2364 2060 ergo

1357 2083 1417 2108 ete.
1436 2078 1470 2108 Si
1486 2077 1561 2116 quis
1575 2081 1683 2107 autem
1700 2081 1760 2106 etc.
1776 2078 1850 2107 Dat.
1867 2077 1981 2107 Reate.
1999 2077 2030 2106 X
2045 2075 2204 2106 kalendas
2218 2075 2362 2114 augusti,

1356 2140 1443 2161 anno
1459 2135 1585 2160 octavo.
1606 2143 1618 2156 n

1425 2316 1547 2344 2029
1947 2314 2036 2346 Rieti,
2054 2314 2087 2341 ‘26
2100 2314 2197 2348 juillet
2213 2313 2291 2342 1234.

1390 2379 1620 2414 Arcbiepiscopo
1637 2377 1776 2404 Remensi
1799 2376 1913 2403 mandat
1929 2379 2088 2410 quatenus,
2105 2376 2129 2402 si
2146 2375 2214 2410 quid
2234 2372 2261 2402 in
2278 2383 2363 2411 prae-

1349 2428 1491 2462 judicium
1515 2427 1644 2462 episcopi
1667 2426 1873 2453 Noviomensis
1896 2428 2065 2451 attentatum
2088 2425 2185 2457 fuerit,
2209 2425 2362 2453 occasione

1352 2477 1476 2504 mandati
1493 2477 1625 2511 ejusdem
1642 2474 1853 2510 archiepiscopi
1866 2474 2024 2501 Remensis
2038 2474 2074 2500 de
2089 2474 2242 2501 interdicto
2258 2475 2285 2500 in
2301 2473 2361 2501 No-

1352 2526 1494 2553 viomensi
1524 2525 1670 2560 provincia
1695 2523 1884 2559 proterendo,
1911 2523 1964 2549 hoc
1994 2526 2120 2550 revocet.
2146 2538 2178 2542 —
2205 2522 2288 2556 (Rau.
2315 2523 2360 2556 17,

1351 2575 1370 2601 f.
1396 2575 1444 2602 196
1466 2580 1508 2606 vo,
1529 2583 1596 2601 ann.
1619 2572 1699 2606 VIII,
1721 2581 1746 2600 c.
1770 2573 1835 2602 174;
1859 2588 1890 2592 —
1913 2572 2030 2599 Meni-:Au
2054 2571 2131 2606 1189,
2148 2572 2167 2599 f.
2188 2572 2257 2604 1223
2272 2586 2305 2593 —
2320 2572 2358 2599 cf.

1351 2631 1446 2657 supra,
1465 2630 1495 2649 n⁰
1510 2623 1602 2655 2014.)
2316 2631 2320 2636 ·

1393 2737 1406 2751 ι(
1428 2747 1448 2753 .,
1468 2725 1693 2762 archiepiscopo
1711 2723 1857 2753 Remensi.
1881 2721 2051 2752 Accedens
2075 2721 2117 2751 ad
2134 2721 2359 2760 Apostolieam

1351 2777 1470 2809 Sedem
1486 2777 1687 2807 venerabilis
1703 2777 1806 2805 frater
1823 2779 1934 2805 noster
1949 2797 1969 2803 ..
1984 2774 2219 2804 Noviomensis
2235 2774 2358 2813 episeo-

1349 2839 1411 2868 pus
1440 2830 1474 2859 in
1505 2834 1617 2859 nostra
1640 2828 1810 2868 proposuit
1835 2827 2004 2866 presentia
2031 2827 2230 2857 constitutus
2258 2826 2356 2866 quod,

1350 2891 1423 2911 cum
1439 2882 1634 2912 auctoritate
1648 2881 1781 2912 concilii
1794 2879 2021 2919 provincialis,
2034 2883 2070 2909 ut
2083 2879 2226 2915 dicebas,
2240 2882 2272 2910 et
2287 2882 2355 2916 tua,

1306 2962 1311 2966 .
1349 2934 1385 2964 in
1409 2935 1531 2965 virtute
1553 2935 1742 2965 obedientie
1762 2934 1911 2964 districte
1930 2932 2143 2972 precipiendo
2163 2931 2357 2963 mandasses
