2498 3242
125 374 181 404 481

125 465 184 488 sue
200 457 437 496 compatientes
454 456 583 493 affectu,
600 458 631 487 et
647 458 895 495 persecutorum
917 458 1016 487 etiam
1033 457 1135 487 inten-

126 509 242 540 dentes
268 509 367 539 saluti
390 509 575 544 consulere,
602 518 641 539 ne
670 509 815 540 fornacis
836 511 992 548 perpetue
1017 510 1136 540 dentur

126 562 279 593 incendio
295 563 382 593 tante
403 562 582 601 impietatis
597 563 629 592 et
647 562 773 592 malitie
790 571 1016 598 succensores,
1038 571 1135 593 vene-

126 615 224 645 rabili
248 615 341 645 sratri
364 616 475 646 nostro
497 638 516 645 ..
535 615 690 654 episcopo
711 617 742 646 et
763 616 880 646 dilecto
905 616 973 646 tilio
991 638 1011 645 ..
1030 615 1135 645 archi-

126 667 264 698 diacono
281 668 319 698 de
340 667 474 699 Sabolio
497 669 530 698 et
545 669 702 707 magistro
722 669 879 704 Raberio,
899 668 1058 698 canonico
1077 668 1135 698 Ce-

127 720 401 754 nomanensibus,
427 720 550 750 nostris
571 720 691 750 damus
713 721 832 751 litteris
858 721 891 750 in
913 721 1078 751 mandatis
1103 722 1137 751 nt

126 773 247 803 dictam
271 773 626 803 excommunicationis
648 774 857 808 sententiam,
885 773 970 803 sicut
993 773 1136 803 rationa-

126 825 237 856 biliter
250 827 299 855 est
313 826 452 864 prolata,
469 826 591 856 faciant
608 834 711 864 usque
729 826 769 856 ad
786 826 1044 856 satisfactionem
1062 834 1137 856 con-

127 878 274 917 dignam,
293 879 513 917 appellatione
535 880 670 914 remota,
694 879 933 908 inviolabiliter
952 878 1134 908 observari.

127 931 260 966 Quodsi
275 940 333 961 nec
352 931 398 961 sic
419 932 460 961 ad
476 932 669 961 mandatum
692 931 836 961 Enetos-ie
855 931 1044 961 curaverint
1062 939 1136 961 cum

127 983 311 1014 humilitate
326 984 445 1018 redire,
458 984 619 1023 prefatam
631 985 827 1014 sententiam
844 984 965 1014 faciant
980 992 1039 1022 per
1054 984 1136 1013 Bur-

127 1036 350 1075 degalensem,
374 1036 675 1075 Rothomagensem
697 1038 728 1067 ct
749 1037 979 1067 Turonensem
1002 1036 1135 1075 provin-

127 1090 195 1119 cias
211 1089 354 1128 singulis
367 1090 485 1119 diebus
500 1089 677 1119 dominicis
693 1091 723 1120 et
739 1090 879 1125 festivis,
897 1090 1037 1128 pulsatis
1052 1098 1137 1119 cam-

126 1143 223 1182 panis
246 1144 276 1173 et
305 1143 452 1173 candelis
479 1143 627 1173 accensis
652 1144 881 1181 sollempniter
904 1143 1080 1182 publicari,
1107 1144 1138 1173 et

128 1196 199 1226 loca
214 1204 274 1226 sua
297 1196 337 1225 ad
357 1205 420 1234 que
446 1196 535 1234 ipsos
561 1196 673 1225 venire
697 1196 881 1234 configet-it,
906 1196 1065 1234 quamdiu
1093 1196 1136 1225 ibi

127 1249 261 1279 fuerint.
272 1250 460 1288 supponant
471 1248 693 1279 ecclesiastico
709 1248 894 1282 interdicto,
904 1249 948 1278 ita
964 1250 997 1278 ut
1009 1249 1138 1278 nullum

126 1302 162 1332 in
183 1302 232 1332 eis
257 1302 409 1331 divinum
437 1301 586 1331 officium
609 1301 804 1336 celebretur,
831 1301 883 1331 vel
907 1301 1136 1337 exhibeantur,

125 1355 235 1394 preter
258 1354 457 1392 baptismata
475 1354 693 1392 parvulorum
718 1355 748 1383 et
770 1354 972 1392 penitentias
997 1354 1138 1384 morien-

126 1406 222 1440 tium,
242 1406 465 1436 ecclesiastica
491 1407 719 1436 sacramenta:
733 1406 768 1437 Si
789 1407 898 1436 autem
920 1407 967 1436 sic
988 1407 1138 1444 percussi

128 1467 246 1490 nomen
274 1459 410 1489 Domini
437 1467 501 1489 non
526 1459 720 1497 quesierint,
746 1459 776 1488 et
802 1459 920 1489 moniti
946 1459 986 1489 ab
1013 1459 1073 1493 015,
1099 1459 1139 1488 ad

127 1512 364 1552 percutientem
380 1511 487 1542 redire
504 1512 579 1550 post
596 1511 813 1541 monitionem
830 1520 945 1541 eorum
965 1520 1031 1541 11011
1046 1520 1139 1541 cura-

129 1564 239 1595 verint
254 1564 340 1594 infra
364 1572 527 1599 mensem,
545 1564 637 1603 ipsos
663 1564 800 1594 clericos
826 1564 1010 1598 beneficiis,
1038 1564 1141 1594 laicos

128 1625 207 1647 vero
216 1617 324 1647 feudis
333 1625 397 1655 que
410 1616 451 1646 ab
462 1616 612 1647 ecclesiis
624 1616 783 1653 obtinent,
799 1616 932 1655 privare
949 1617 1140 1647 auctoritate

129 1671 241 1700 nostra
256 1671 445 1709 procurent,
463 1670 617 1700 invocato
630 1670 671 1699 ad
685 1670 758 1703 hoc,
771 1670 800 1699 si
817 1678 901 1708 opus
919 1669 1031 1704 fuerit,
1049 1670 1139 1699 auxi-

130 1718 174 1749 lio
200 1718 328 1749 brachii
351 1719 524 1755 secularis,
549 1720 585 1749 ut
607 1727 691 1757 quos
714 1718 776 1748 Dei
798 1719 897 1749 timor
921 1728 940 1749 a
964 1719 1051 1748 malo
1076 1727 1142 1748 non

131 1772 274 1805 revocat,
289 1771 432 1801 humane
445 1771 616 1801 coherceat
627 1771 787 1816 severitas
800 1771 987 1810 discipline.
1002 1771 1052 1802 Ne
1064 1780 1142 1802 vero

130 1824 218 1854 idem
247 1824 424 1862 episcopus
450 1824 484 1854 in
507 1824 706 1863 episcopalis
729 1824 900 1862 dignitatis
927 1824 1143 1863 opprobrium

131 1877 321 1907 mendicare
347 1878 492 1915 cogatur,
515 1886 589 1907 011111
615 1877 654 1906 ab
679 1877 818 1908 ecclesia
843 1886 903 1907 sua
924 1877 1053 1907 nullum
1076 1877 1143 1907 fere

132 1929 321 1960 subsidium
339 1930 471 1968 assequi
488 1930 607 1964 valeat,
627 1939 645 1959 a
659 1929 795 1968 prelatis
805 1931 859 1960 tue
871 1930 1052 1968 provincie,
1069 1938 1143 1968 pre-

133 1982 247 2013 sertim
262 1982 348 2013 circa
365 1984 472 2021 partes
488 1983 672 2017 Britannic,
689 1983 716 2012 si
734 1983 905 2013 commode
925 1983 997 2013 lieri
1012 1983 1144 2021 poterit,

134 2035 326 2066 auctoritate
345 2036 458 2065 nostra
473 2035 580 2065 eidem
599 2035 765 2074 episcopo,
783 2035 975 2073 hujusmodi
992 2044 1145 2074 persecu-

134 2088 223 2120 tione
242 2088 393 2122 durante,
416 2088 519 2118 facias
537 2088 673 2118 honeste
694 2089 728 2118 in
749 2088 946 2118 necessariis
966 2089 1145 2127 provideri,

135 2142 170 2172 ut
196 2141 274 2171 dum
299 2141 491 2179 provisione
517 2141 774 2176 connuunicant,
803 2141 979 2171 videantur
1004 2141 1147 2180 compati

135 2194 285 2233 patienti,
298 2195 327 2223 et
341 2193 373 2224 in
385 2193 493 2224 alieno
509 2202 587 2224 casu
601 2202 798 2232 cognoscere
813 2202 947 2224 causam
960 2202 1065 2224 suam.
1081 2194 1148 2224 Res

135 2247 256 2277 etenim
275 2247 383 2285 agitur
398 2247 637 2285 proximorum,
650 2246 707 2276 ubi
719 2246 856 2285 parietis
872 2246 1022 2276 imminet
1042 2246 1150 2277 incen-

137 2299 231 2330 dium
245 2299 424 2330 convicini.
438 2299 704 2330 Contradictorcs
717 2300 779 2329 etc.
794 2300 869 2329 Dat.
886 2299 999 2335 Reate,
1015 2299 1150 2330 1111110-

138 2352 253 2383 lendas
272 2352 443 2387 februarii,
461 2352 673 2392 pontificatus
690 2352 794 2382 nostri
810 2361 896 2383 anno
913 2352 1041 2391 quinto.
1065 2365 1079 2379 »

209 2567 281 2598 758

726 2565 809 2599 Ricti,
825 2567 858 2593 ‘28
873 2566 987 2600 janvier
1004 2567 1081 2594 1239.

176 2649 314 2683 Episcopo
340 2649 566 2683 Semigalliensi‚
590 2657 675 2684 quem
699 2650 727 2676 in
750 2649 916 2684 episcopum
936 2651 1068 2677 manibus
1093 2651 1152 2677 suis

142 2701 373 2730 consecraverat,
403 2698 534 2724 concedit
563 2698 592 2724 in
621 2698 748 2729 Livonia,
778 2698 959 2730 (lothlandia,
988 2699 1152 2731 Vinlandia‚

143 2746 289 2778 llestonia,
313 2746 492 2779 Semigallia,
517 2746 682 2779 Curlandia,
707 2748 736 2773 et
761 2747 864 2773 ceteris
890 2748 1100 2782 neophytorum
1127 2750 1154 2774 et

144 2802 323 2829 paganorum
346 2794 500 2828 provinciis
517 2796 545 2821 et
566 2794 666 2821 insulis
686 2795 900 2829 circumpositis
918 2796 1070 2830 legationis
1091 2795 1153 2822 osti-

143 2842 221 2870 cium
243 2851 293 2877 pro
314 2842 378 2869 111101
402 2842 505 2869 finibus
531 2842 697 2875 dilatandis,
717 2842 799 2876 cique
822 2843 942 2870 mandat
963 2846 1104 2878 quatenus
1126 2844 1154 2870 in

144 2890 213 2918 locis
237 2890 347 2917 eisdem
367 2889 455 2916 libere
475 2889 622 2916 Christum
640 2889 803 2921 annuntiet,
824 2889 959 2917 instituat
977 2890 1005 2917 in
1027 2891 1155 2918 ecclesiis

144 2941 172 2966 et
189 2938 253 2966 inde
274 2940 417 2971 amoveat,
437 2945 503 2965 cum
526 2945 595 2972 opus
617 2937 713 2970 suerit,
736 2938 862 2970 abbates,
883 2938 1004 2972 priores,
1028 2939 1155 2974 aliosque

145 2987 271 3015 subditos
285 2989 311 3013 et
325 2988 495 3021 personatus
509 2985 658 3018 habentes,
675 2988 843 3020 promoveat
857 2987 893 3013 ad
905 2987 1020 3014 ordines
1037 2987 1156 3015 clericos

144 3037 174 3063 et
191 3035 362 3078 electionem
381 3035 582 3069 episcoporum
600 3034 762 3062 confirmet.
782 3049 816 3054 —
836 3035 915 3070 (Rae.
938 3037 980 3069 15,
1000 3035 1020 3063 f.
1043 3037 1092 3063 150
1110 3042 1155 3070 v⁰;

273 3078 462 3104 GREGOIRE
477 3078 526 3108 lx.
539 3079 559 3103 t.
575 3077 600 3104 1.

952 367 1200 410 CINQUIEME
1222 368 1389 406 ANNEE.

2141 384 2202 414 482

1194 466 1260 484 ann.
1282 458 1314 490 V,
1332 467 1355 485 0.
1374 460 1436 493 172;
1458 474 1491 480 -
1508 460 1622 487 Memmi]
1641 463 1717 494 ¹187,
1735 463 1754 488 f.
1777 464 1839 496 152;
1857 479 1889 482 -
1911 465 2050 492 Ροττ11Α5τ
2066 467 2150 499 88523
2167 481 2202 487 —

1195 506 1359 534 Rom-:saeue
1376 508 1450 540 401.)

1236 611 1250 625 «
1275 622 1296 629 ..
1313 599 1448 639 episcopo
1457 600 1693 640 Semzyalliensi,
1709 603 1882 642 Apostolice
1894 604 1982 634 Sedis
1995 605 2103 644 1091110.
2117 607 2202 638 Cum

1194 652 1228 682 in
1246 652 1368 683 minori
1385 670 1434 682 —.
1452 653 1527 684 Dat.
1548 654 1662 691 Reate,
1680 656 1710 686 V
1727 656 1887 687 kalendas
1905 658 2076 694 februarii,
2097 660 2203 699 ponti—

1194 705 1310 736 ficatus
1330 706 1434 737 nostri
1451 715 1537 738 anno
1555 708 1681 746 quinto.
1707 721 1722 735 »

1263 867 1335 897 7259

1798 867 1882 900 uicti,
1901 870 1914 894 5
1933 867 2036 895 sevrier
2053 868 2132 896 1232.

1230 947 1328 974 Eidem
1343 948 1461 974 mandat
1472 950 1612 983 quatenus
1626 951 1757 976 coerceat
1772 950 1961 977 ambitionem
1974 953 2002 977 et
2013 952 2205 986 pervicaciam

1195 996 1340 1031 [Nicolail‚
1360 997 1485 1031 episcopi
1506 997 1647 1031 ltigcnsis,
1673 998 1732 1032 qui,
1756 1001 1853 1033 spreta
1876 1000 2067 1033 prohibitione
2091 1002 2206 1029 Summi

1195 1045 1339 1072 l'ontiticis
1352 1047 1380 1072 ct
1391 1046 1513 1079 ottonis,
1531 1047 1627 1073 Sancti
1643 1047 1750 1074 Nicolai
1766 1048 1794 1074 in
1811 1049 1930 1075 Carcere
1947 1049 2077 1076 Tulliano
2093 1050 2207 1078 diaconi

1195 1093 1361 1127 cardinalis,
1379 1095 1558 1128 Apostolicae
1574 1095 1654 1122 Sedis
1675 1096 1772 1130 legati,
1791 1096 1866 1123 inter
1881 1097 1951 1123 alios
1969 1106 2054 1124 ausus
2071 1098 2208 1132 nefarios,

1195 1142 1402 1176 plantationem
1421 1144 1564 1170 novellam
1584 1144 1619 1170 ad
1630 1144 1802 1171 catholicam
1818 1145 1903 1171 iidem
1921 1153 2103 1179 conversam,
2114 1162 2147 1166 ——
2162 1147 2208 1174 cui

1196 1191 1425 1225 Semigalliensis
1446 1192 1593 1226 episcopus
1615 1192 1642 1219 in
1664 1192 1791 1220 favorem
1812 1194 1888 1226 fidei,
1912 1195 1945 1220 de
1967 1203 2086 1222 assensu
2108 1195 2209 1230 lligen-

1196 1239 1236 1266 sis
1253 1240 1370 1274 capituli
1388 1243 1415 1267 et
1433 1241 1560 1268 militum
1576 1241 1682 1268 Christi
1699 1242 1733 1268 de
1745 1242 1874 1275 Livonia,
1890 1243 2010 1270 ecclesia
2030 1244 2143 1277 Rigensi
2165 1253 2210 1271 va-

1196 1291 1290 1321 cante,
1309 1291 1416 1315 statum
1440 1289 1598 1316 indulserat
1625 1290 1778 1323 libertatis,
1793 1306 1825 1310 —-
1841 1299 1909 1317 suae
1935 1292 2097 1327 subjecerat
2118 1293 2209 1320 servi-

1198 1337 1261 1362 tuti.
1279 1352 1309 1355 —
1330 1337 1411 1371 (linc.
1432 1339 1472 1370 15,
1489 1338 1507 1364 f.
1531 1340 1572 1365 151
1593 1343 1634 1372 r03
1652 1347 1719 1365 aun.
1737 1339 1804 1371 V,c.
1826 1340 1888 1373 ¹73;
1905 1354 1939 1359 —-
1957 1341 2098 1367 Porrmsr
2116 1342 2209 1377 8867.)

1240 1441 1255 1456 «
1294 1429 1415 1459 Eidem.
1447 1430 1579 1465 Quanto
1611 1440 1786 1470 personam
1817 1434 2019 1464 venerabilis
2049 1452 2098 1464 —.
2134 1435 2210 1466 Dat.

1198 1483 1313 1517 Reate,
1340 1483 1437 1513 nonis
1458 1483 1628 1516 februarii.
1652 1486 1863 1523 pontificatus
1885 1488 1988 1517 nostri
2012 1496 2098 1518 anno
2118 1488 2213 1527 quin-

1198 1537 1243 1566 to.
1269 1547 1284 1562 1)

1270 1696 1343 1727 760
1805 1696 1890 1730 nien,
1908 1699 1922 1724 3
1940 1697 2044 1724 sevrier
2062 1699 2138 1725 1232.

1238 1777 1337 1803 Eidem
1350 1777 1468 1804 mandat
1478 1780 1618 1812 quatenus
1631 1778 1773 1805 universis
1787 1779 1894 1806 Christi
1909 1780 2040 1807 fidelibus
2053 1781 2130 1809 infra
2144 1790 2213 1809 suae

1203 1825 1355 1860 legationis
1372 1826 1513 1853 terminos
1529 1826 1694 1854 constitutis
1711 1827 1840 1854 inhibeat
1854 1836 1888 1855 ne
1904 1837 1969 1855 cuin
1987 1831 2107 1864 paganis
2123 1833 2213 1858 terra—

1203 1883 1268 1901 rum
1287 1875 1404 1902 illarum
1421 1878 1469 1902 aut
1484 1875 1633 1909 lluthenis,
1650 1876 1708 1903 sive
1727 1885 1812 1911 super
1835 1885 1902 1911 pace
1924 1878 1983 1904 sive
2007 1887 2090 1913 super
2115 1882 2216 1915 treuga

1204 1924 1340 1957 tenenda,
1355 1924 1416 1951 sine
1446 1924 1507 1959 ejus
1535 1932 1654 1951 assensu
1682 1925 1823 1952 rationem
1853 1926 1926 1952 inire
1955 1930 2155 1960 praesumant.
2180 1943 2214 1948 —-

1205 1973 1284 2007 (linc.
1306 1975 1346 2006 ¹5,
1364 1973 1382 1999 t'.
1406 1975 1448 1999 151
1470 1978 1512 2006 r03
1529 1981 1597 2000 ann.
1614 1973 1647 2006 V,
1663 1981 1687 2000 c.
1707 1975 1770 2007 1743
1787 1989 1819 1994 —-
1838 1975 1979 2001 Porrnasr
1996 1977 2089 2010 8864.)

1248 2077 1263 2093 «
1282 2065 1402 2095 Eidem.
1420 2065 1632 2096 Frater-nitati
1646 2067 1700 2096 tue
1716 2067 1921 2106 presentium
1936 2085 1986 2098 —-.
2009 2069 2085 2100 Dat.
2101 2069 2216 2106 Reate,

1208 2119 1257 2149 III
1278 2127 1382 2149 nonas
1399 2118 1570 2155 februarii,
1589 2119 1800 2157 pontificatus
1823 2121 1926 2150 nostri
1945 2130 2030 2151 anno
2049 2122 2174 2160 quinto.
2200 2135 2215 2151 »

1279 2281 1348 2312 761

1248 2350 1385 2385 Episcopo
1400 2352 1428 2377 et
1442 2350 1566 2385 capitulo
1582 2350 1697 2385 Majoris
1709 2351 1864 2384 Ecclesiae,
1879 2354 1907 2378 et
1922 2353 2030 2379 civibus
2042 2353 2220 2388 lligensibus,

1213 2408 1247 2426 ac
1259 2399 1401 2426 militibus
1412 2399 1519 2426 Christi
1531 2399 1564 2425 de
1573 2399 1701 2431 Livonia,
1715 2400 1855 2434 praecipit
1868 2403 2007 2435 quatenus
2022 2402 2221 2436 Semigalliam

1213 2456 1280 2475 cum
1294 2448 1476 2482 pertinentiis
1489 2449 1519 2474 et
1529 2448 1673 2475 obsidibus
1685 2448 1816 2483 episcopo
1829 2449 2054 2483 Semigalliensi,
2069 2450 2224 2484 apostolico

1214 2496 1319 2530 legato,
1334 2497 1459 2529 tradant,
1476 2504 1531 2523 non
1545 2496 1725 2523 obstantibus
1740 2497 1845 2524 litteris
1862 2498 2087 2533 quibuscumque
2103 2501 2153 2525 aut
2168 2498 2225 2525 alio

1213 2552 1393 2579 quocumque
1419 2545 1617 2579 acquisitionis
1642 2545 1735 2578 titulo,
1759 2548 1790 2572 ut
1812 2547 1974 2579 donatione,
1999 2547 2162 2574 venditione
2182 2547 2225 2573 vel

1214 2593 1389 2620 alienatione
1406 2593 1482 2620 facta
1501 2602 1551 2628 per
1570 2593 1794 2630 L[ambertum],
1811 2595 1858 2629 qui
1875 2604 1905 2621 50
1923 2596 2067 2629 quondam
2086 2604 2136 2630 pro
2154 2595 2226 2630 epis-

1215 2650 1283 2676 copo
1301 2642 1515 2677 Semigalliensi
1540 2643 1666 2677 gerebat,
1684 2643 1733 2669 sed
1753 2643 1923 2670 canonicum
1943 2651 1998 2670 non
2022 2644 2159 2670 habuerat
2183 2644 2225 2670 in-

1215 2698 1347 2725 gressum
1367 2690 1486 2723 ibidem,
1507 2691 1581 2724 qnod
1601 2690 1694 2718 fuerat
1710 2691 1858 2718 institutus
1878 2692 2080 2727 ab[Albert01,
2096 2692 2228 2727 episcopo

1216 2739 1393 2774 nigensi,qui
1410 2739 1579 2767 instituendi
1594 2740 1786 2771 solummodo,
1797 2748 1852 2767 non
1864 2741 2056 2767 substituendi
2069 2741 2227 2775 episcopos,

1217 2787 1244 2814 in
1266 2789 1352 2815 terris
1370 2788 1404 2815 de
1426 2796 1497 2815 novo
1513 2789 1670 2823 conversis,
1690 2788 1818 2815 ecclesiis
1840 2789 2052 2816 cathedralibus
2070 2789 2133 2824 jam
2153 2788 2228 2815 aedi-

1216 2836 1321 2868 ficatis,
1337 2837 1542 2863 auctoritatem
1572 2836 1703 2863 habebat.
1722 2851 1757 2856 —
1777 2837 1854 2871 (nm.
1880 2839 1920 2869 15,
1939 2836 1958 2864 s.
1982 2838 2026 2863 151
2047 2842 2091 2870 v⁰·,
2107 2844 2175 2864 ann.
2195 2836 2229 2869 V,

1217 2892 1242 2912 0.
1265 2886 1329 2918 175;
1344 2900 1379 2905 -
1394 2886 1537 2913 Ροτ111Α51
1554 2886 1646 2920 8865.)

1816 2281 1898 2314 inuti,
1915 2282 1932 2308 4
1947 2282 2051 2309 sevrier
2072 2283 2146 2311 ¹232.

1259 2990 1274 3007 α
1299 3001 1321 3009 ..
1338 2980 1479 3019 episcopo
1497 2984 1523 3008 ce
1540 2978 1674 3018 capitulo
1690 2978 1819 3017 Majoris
1834 2977 1983 3013 Ecclesie,
2002 2981 2029 3007 et
2047 2976 2160 3007 civibus
2177 2977 2230 3007 Ri-

1221 3031 1372 3072 9ensibus,
1382 3042 1417 3062 ac
1428 3031 1573 3061 militibus
1587 3030 1703 3062 Christi
1713 3029 1897 3061 deLivom'a.
1910 3030 1994 3061 Cum
2008 3030 2232 3061 venerabilem

2073 3080 2101 3106 31
