2498 3242
163 293 222 326 937
1021 286 1235 325 SEPTIEME
1256 289 1417 326 ANNEE.
2213 302 2271 333 938

164 370 228 400 que
244 360 352 391 dictus
367 362 411 396 J„
430 369 507 392 voce
524 362 565 392 ad
581 370 640 392 nos
659 361 892 400 appellationis
912 361 1045 395 emissa,
1063 369 1176 398 procu-

164 418 308 444 ratorem
335 414 375 444 ad
402 415 666 454 prosequendam
691 415 946 454 appellationem
975 415 1113 445 eandem
1137 414 1177 445 ad

163 471 312 497 nostram
336 468 539 506 presentiam
561 469 821 501 transmisisset.
840 470 909 508 ipse
932 470 1098 508 quendam
1119 478 1176 508 pro

162 529 198 550 se
214 525 461 559 procuratorem
484 521 525 551 ad
546 521 790 560 impetrandum
810 522 968 552 duntaxat
993 526 1023 552 et
1045 526 1176 552 contra-

161 573 339 604 dicendum
356 574 395 604 ad
412 574 531 605 Sedem
545 575 768 614 Apostolicam
785 576 979 607 destinavit:
998 576 1054 615 qui
1072 585 1088 606 a
1106 584 1175 614 pro-

162 630 314 656 curatore
328 627 432 664 partis
448 626 586 658 alterius
603 628 860 661 circumventus.
879 638 953 659 cum
970 638 1007 659 eo
1023 629 1058 658 in
1075 637 1175 668 quen-

163 678 238 708 dam
261 678 437 710 clericum.
461 680 519 719 qui
544 685 621 710 tunc
639 685 710 710 erat
729 681 764 710 in
786 681 902 715 Curia,
926 690 1117 720 quanquam
1136 681 1174 711 de

163 731 458 770 compi-omittendo
481 733 674 763 mandatum
700 742 764 763 non
794 734 964 769 habuerit,
991 744 1090 772 super
1115 734 1175 764 eli-

163 785 280 823 gendis
291 785 462 824 judicibus
474 787 699 825 compromisit
712 798 718 822 ;
737 787 894 825 sedidem
906 787 1058 818 clericus.
1077 792 1174 817 utens

163 847 221 876 pro
235 839 362 868 ratione
376 839 506 878 propria
520 838 701 873 voluntate,
719 839 888 870 Oddonem
905 844 936 869 et
952 839 1172 875 VVillelmum,

162 891 426 926 archidiaconos,
435 901 472 922 ac
482 893 707 930 „magistrum
716 892 881 923 scolarum
892 893 1172 928 Cenomanenses,

161 944 226 975 sibi
242 944 334 974 valde
351 949 521 983 suspectos
537 949 568 975 et
585 945 721 976 adverse
738 946 823 984 parti
845 945 1046 976 familiares.
1064 946 1175 984 posuit

157 999 288 1038 judices
309 998 343 1027 in
367 998 490 1028 litteris
508 1007 571 1037 que
591 1008 690 1037 super
712 998 932 1037 appellatione
952 999 1113 1037 premissa
1139 1000 1174 1029 in

161 1051 330 1082 communi
358 1052 464 1081 forma
493 1051 625 1081 fuerant
653 1052 839 1090 impetrate.
861 1052 944 1083 Cum
967 1057 1076 1082 autem
1099 1062 1174 1091 pre-

158 1105 269 1140 dictus
294 1104 549 1135 archidiaconus
573 1105 784 1144 Bajocensis,
809 1113 907 1135 suum
927 1109 1174 1143 procuratorem

161 1165 306 1196 sequens
328 1157 368 1186 ad
384 1156 484 1195 pedes
504 1162 654 1192 nostros,
673 1157 895 1195 personaliter
913 1157 1073 1187 laborarit
1092 1162 1122 1188 et
1138 1158 1173 1188 in

161 1209 216 1240 via
233 1209 387 1240 didicerit
406 1214 653 1248 procuratorem
669 1210 778 1249 ipsum
798 1210 846 1240 sic
864 1210 970 1240 fuisse
987 1210 1171 1249 deceptum,

162 1263 258 1294 nobis
274 1262 448 1292 humiliter
470 1262 669 1301 supplicavit
689 1267 725 1292 ut
743 1271 842 1301 super
858 1262 934 1298 hoc,
952 1272 1026 1293 cum
1043 1263 1174 1301 pericu-

160 1316 268 1347 losum
284 1315 403 1345 existat
417 1323 528 1345 coram
541 1315 704 1353 suspectis
717 1315 888 1354 judicibus
906 1315 1050 1353 litigare,
1067 1317 1174 1354 provi-

161 1369 239 1400 dere
256 1368 321 1399 sibi
343 1368 523 1398 salubriter
543 1368 769 1405 dignaremur.
787 1369 872 1405 Quia
887 1378 965 1399 vero
981 1368 1127 1407 deceptis
1143 1374 1174 1400 et

160 1429 226 1451 non
237 1419 567 1458 decipientibusjura
577 1419 792 1454 subveniunt,
805 1419 954 1450 volentes
965 1420 1173 1459 utjudicium

159 1473 233 1504 sine
265 1472 451 1511 suspitione
476 1472 650 1511 procedat,
679 1472 838 1510 predictis
867 1472 1123 1503 archidiaconis
1142 1477 1173 1503 et

157 1526 318 1564 magistro
337 1525 504 1556 scolarum
524 1534 542 1555 a
558 1534 657 1556 cause
676 1525 865 1563 cognitione
886 1526 1021 1564 penitus
1039 1527 1170 1562 amotis,

156 1588 214 1610 vos
230 1583 322 1609 motu
336 1579 470 1618 proprio
493 1578 620 1608 eisdem
636 1578 670 1608 in
689 1578 883 1618 hujusmodi
902 1579 1035 1617 negotio
1053 1579 1172 1609 subro-

155 1636 284 1670 gantes,
302 1631 500 1661 mandamus
518 1635 701 1670 quatenus,
724 1631 752 1661 si
769 1631 944 1670 premissis
960 1631 1083 1661 veritas
1100 1632 1171 1662 suf-

153 1685 315 1723 fragatur,
333 1685 368 1714 in
391 1684 506 1715 eodem
523 1685 656 1722 negotio
668 1685 761 1724 juxta
779 1684 996 1723 prescriptam
1018 1685 1168 1720 formam,

155 1737 377 1778 appellatione
393 1742 532 1773 remota,
545 1738 674 1768 ratione
687 1737 813 1776 previa,
826 1737 1012 1776 procedatis
1027 1755 1075 1766 —.
1095 1739 1169 1768 Dat.

155 1791 324 1827 Laterani,
343 1792 375 1821 ΙΙ
389 1791 465 1821 idus
477 1791 638 1831 januarii,
657 1800 744 1821 anno
761 1791 912 1830 septimo.
935 1803 948 1818 »

231 1998 251 2025 Ι
258 1996 345 2025 699

193 2058 317 2093 Trojano
337 2062 365 2085 et
385 2058 526 2085 Lucerino
547 2058 696 2093 episcopis
715 2058 830 2084 mandat
845 2064 990 2093 quatenus
1004 2063 1104 2085 contra
1120 2059 1171 2091 M.,

157 2107 291 2134 abbatem
317 2106 485 2133 monasterii
505 2106 673 2138 Tremitani,
695 2108 760 2141 ejtts
781 2107 954 2133 excessibus
974 2107 1171 2141 exigentibus,

160 2155 326 2192 procedant.
343 2170 375 2176 -
391 2155 475 2187 (Rso.
499 2156 541 2187 17,
558 2155 576 2182 f.
598 2155 645 2182 1-28
662 2161 701 2187 r⁰;
717 2164 784 2182 ann.
802 2154 868 2187 Vll,
886 2163 911 2182 c.
930 2155 1002 2187 454.)

712 1996 826 2029 Lati-an,
847 1997 1099 2030 t1tjanvier1234.

202 2285 215 2298 «
234 2295 253 2300 ..
271 2272 402 2309 Trojano
414 2276 440 2301 et
452 2294 473 2300 ..
491 2272 640 2301 Lucerino
652 2272 808 2309 episcopis.
824 2271 965 2301 Gravem
977 2271 1173 2302 dilectorum

158 2324 304 2355 filiorum
324 2323 500 2362 Gir[ardi],
518 2323 631 2359 Pauli,
651 2323 757 2354 David
774 2327 805 2354 et
825 2323 1074 2362 quamplurium
1091 2323 1174 2354 alio-

157 2387 232 2408 rum
265 2377 502 2408 monachorum
538 2377 734 2407 monasterii
769 2377 953 2407 Tremitani
987 2377 1173 2416 recepimus

157 2431 385 2470 questionem,
408 2430 510 2469 quod,
540 2439 615 2460 cum
640 2429 850 2460 venerabiles
876 2430 995 2460 fratres
1023 2431 1127 2460 nostri
1152 2453 1170 2460 ..

158 2483 380 2516 Termulanus
397 2488 429 2513 et
447 2506 466 2512 ..
490 2483 688 2514 Gai-diensis
709 2482 855 2522 episcopi
877 2487 907 2513 et
927 2483 972 2518 S„
993 2483 1173 2514 canonicus

156 2537 391 2571 Termulanus‚
405 2536 444 2567 de
460 2536 616 2567 mandato
628 2540 741 2566 nostro
753 2536 794 2565 ad
808 2536 917 2574 ipsum
933 2537 1174 2567 monasterium

159 2591 391 2625 accessissent,
406 2590 518 2625 iidem,
534 2589 569 2619 in
586 2589 764 2620 commisso
781 2589 845 2619 sihi
863 2589 1097 2629 negotiojuxta
1112 2590 1174 2620 for-

157 2653 246 2675 mam
265 2644 314 2674 eis
332 2643 486 2674 traditam
501 2643 734 2682 procedentes,
754 2643 839 2673 facta
860 2642 1080 2681 inquisitione
1096 2643 1174 2674 dili—

159 2697 250 2736 genti
263 2701 328 2727 tam
342 2697 377 2726 in
391 2696 499 2735 capite
511 2705 610 2735 quam
624 2695 658 2725 in
674 2695 843 2729 membris,
859 2695 1007 2736 M.,t11nc
1021 2695 1174 2726 abbatem

159 2758 285 2784 eorum,
304 2758 322 2779 a
338 2749 502 2788 regimine
515 2749 595 2779 dicti
609 2748 815 2782 monasterii,
831 2747 938 2786 culpis
954 2747 1025 2778 suis
1039 2748 1175 2787 exigen-

159 2801 266 2838 tibus,
301 2806 512 2837 amoverunt,
541 2801 598 2832 sed
628 2801 716 2840 ipse,
749 2809 903 2831 asserens
931 2809 966 2830 se
989 2809 1047 2839 pro
1073 2810 1111 2831 eo
1133 2801 1176 2831 ab

160 2855 286 2886 eisdem
303 2854 534 2884 visitatoribus
555 2853 756 2892 appellasse,
774 2853 862 2892 quod
877 2853 1103 2891 exceptionem
1119 2862 1175 2884 ex—

161 2907 474 2938 communicationis
500 2907 535 2936 in
557 2907 703 2945 prefatos
721 2906 912 2944 episcopum
928 2910 960 2936 et
977 2906 1175 2936 canonicum

161 2959 379 2991 Termulanos
395 2959 557 3000 objectam
574 2959 760 2993 admittere,
779 2968 815 2988 ac
832 2958 985 2997 rescripti
1003 2958 1176 2997 apostolici

1262 361 1325 391 sihi
1349 363 1487 401 copiam,
1510 374 1609 402 quam
1627 374 1798 404 nunquam
1814 366 1985 397 habuerat.
2003 368 2110 397 facere
2127 369 2270 405 denega-

1262 420 1346 447 rant,
1368 420 1497 446 nostras
1513 426 1612 455 super
1626 418 1687 447 hoc
1704 418 1743 447 ad
1759 428 1815 448 vos
1832 418 1959 448 litteras
1975 420 2174 458 impetravit.
2194 422 2268 455 Sed,

1261 469 1438 507 propositis
1465 470 1664 508 quibusdam
1695 471 1944 508 exozptionitnts
1973 482 2080 501 corant
2115 474 2207 504 vobis
2239 481 2266 505 et

1923 526 2029 555 dictus·
2060 529 2114 557 M..
2145 533 2269 558 armata

1261 583 1361 605 manu
1385 576 1424 605 ad
1448 577 1687 606 monasterium
1711 577 1797 606 idem
1821 579 1995 608 :tt-cedvns.
2015 580 2212 618 quibusdam
2232 592 2268 612 ex

1261 521 1427 560 disputato
1455 524 1650 562 aliquandiu
1677 533 1776 562 super
1806 524 1890 556 hiis,

1260 628 1309 658 eis
1327 628 1359 657 in
1376 629 1487 666 sugam
1503 630 1627 664 versis,
1643 629 1857 668 quamplures
1875 631 1956 660 alios
1975 632 2096 661 ibidum
2117 634 2269 664 inventos

1259 681 1378 710 ferreis
1392 681 1532 711 nexibus
1545 681 1705 719 alligavit,
1721 691 1837 718 graves
1851 684 1899 713 eis·
1913 685 2080 714 cruciatus
2097 696 2267 724 corporum

1259 737 1290 763 et
1309 733 1450 772 injurias
1473 734 1665 769 inserendo;
1690 735 1784 774 cujus
1806 745 1923 765 manus
1944 737 1994 766 vix
2020 739 2165 777 tandem.
2184 740 2267 769 sicut

1259 786 1421 816 Dominus
1439 787 1553 820 voluit,
1571 792 1759 817 evaserunt.
1776 788 1934 819 Nolentes
1947 790 2050 825 igitur
2070 796 2100 819 nt
2122 792 2268 829 vjnsttom

1259 839 1302 868 M.
1327 848 1481 869 excessus
1507 846 1701 870 remaneant
1722 841 1913 871 incorrecti.
1939 843 2133 873 mandamus
2155 850 2270 882 quate-

1260 901 1339 927 nus,
1359 892 1387 922 si
1406 897 1455 922 est
1473 892 1534 925 ita,
1559 893 1684 923 eisdem
1707 893 1879 923 monachis
1898 894 1938 924 ad
1955 897 2118 933 prefatum
2137 906 2269 927 monas-

1260 945 1378 975 terium
1409 945 1592 980 restitutis,
1628 946 1661 975 in
1695 947 1826 983 negotio
1860 947 1931 985 ipso
1963 949 2147 986 procedatis
2175 951 2267 989 juxta

1259 998 1405 1036 priorum
1418 998 1658 1028 continentiam
1670 998 1868 1033 litterarum,
1884 1005 1997 1030 contra
2010 1002 2206 1039 jamdictum
2225 1004 2267 1033 M.

1258 1051 1411 1081 abbatem
1429 1060 1528 1090 super
1543 1052 1716 1089 premissis
1733 1053 1941 1085 excessibus,
1963 1059 2056 1092 prout
2076 1056 2193 1085 merita
2209 1065 2269 1087 sua

1258 1104 1482 1142 poposcerint,
1508 1104 1747 1135 nichilominus
1767 1107 1964 1144 processuri.
1992 1108 2065 1137 Dat.
2096 1109 2266 1142 Laterani,

1259 1157 1307 1187 111
1326 1157 1401 1187 idus
1414 1157 1574 1196 januarii.
1592 1166 1679 1188 anno
1695 1159 1847 1197 septimo.
1867 1171 1880 1186 »

1331 1372 1351 1399 Ι
1360 1371 1447 1399 ¹²0⁰

1292 1432 1436 1467 Episcopo
1459 1432 1692 1466 constantiensi,
1725 1434 1878 1461 recensitis
1909 1435 2006 1461 multis
2036 1437 2207 1462 excessibus
2238 1437 2263 1463 in

1255 1480 1384 1507 dioecesi
1411 1480 1628 1507 Constantieusi
1656 1482 1783 1508 indebite
1809 1483 1948 1511 toleratis,
1980 1484 2093 1510 mamlat
2121 1489 2266 1519 quatenus

1810 1371 1923 1401 Latran,
1943 1373 2101 1407 tojam-ier
2120 1374 2194 1401 1‘234.

1255 1530 1319 1556 illos
1340 1530 1389 1564 qui
1411 1539 1461 1564 per
1482 1530 1668 1565 injectionem
1691 1539 1826 1558 manuum
1844 1532 1871 1557 in
1889 1533 2011 1560 clericos
2028 1534 2070 1559 vel
2089 1534 2265 1562 intersectio-

1256 1587 1320 1605 nem
1338 1587 1454 1610 eorum,
1472 1579 1500 1605 in
1521 1586 1662 1605 canonem
1683 1579 1851 1612 inciderint,
1869 1582 2136 1608 ox‹·‹›munmicatos
2152 1582 2265 1609 denun-

1255 1626 1315 1653 tiet.
1337 1643 1364 1646 —
1384 1627 1468 1660 (ttae.
1485 1629 1524 1659 17,
1543 1627 1560 1654 f.
1582 1627 1628 1654 t-ES
1645 1633 1684 1655 r⁰z
1701 1637 1767 1655 ann.
1788 1628 1852 1656 Vll,
1869 1637 1895 1656 c.
1912 1629 1986 1661 1'tt'15)

1297 1755 1309 1769 «
1333 1735 1352 1770 .’.
1375 1743 1510 1780 episcopo
1528 1743 1765 1772 Constantiensi.
1786 1744 1979 1782 Speculator
1994 1745 2028 1774 in
2045 1746 2140 1775 domo
2158 1764 2207 1775 —.
2228 1748 2264 1777 In

1255 1795 1455 1834 quibusdam
1480 1796 1693 1825 monasteriis
1719 1801 1749 1826 et
1777 1796 1979 1834 prioratibus
2007 1798 2180 1829 diores-ana
2207 1800 2265 1830 tibi

1255 1847 1326 1885 lege
1356 1847 1533 1886 subjectis,
1565 1847 1659 1878 valde
1688 1849 1861 1887 pauciores
1894 1850 2072 1881 servitores
2103 1851 2267 1883 habentur

1255 1909 1355 1939 quam
1376 1908 1490 1930 eorum
1511 1900 1677 1930 sufficiant
1699 1901 1891 1937 facultates;
1916 1903 1950 1932 in
1975 1904 2173 1942 quibusdam
2190 1915 2266 1936 vero

1255 1957 1435 1983 consuetus
1457 1957 1507 1983 est
1536 1954 1735 1984 servitorum
1765 1964 1924 1986 numerus
1954 1956 2158 1993 diminutus,
2190 1958 2265 1989 licet

1255 2015 1369 2036 eorum
1390 2015 1453 2036 non
1470 2007 1677 2037 decreverint
1694 2008 1881 2044 facultates,
1902 2013 1932 2038 et
1948 2011 2101 2040 nonnulli
2119 2011 2266 2050 religiosi

1255 2060 1290 2088 in
1306 2059 1396 2089 villis
1415 2064 1445 2090 et
1466 2060 1595 2098 oppidis
1614 2070 1650 2090 ac
1667 2061 1818 2091 ecclesiis
1834 2062 2100 2100 parrochialilms
2116 2065 2178 2094 soli
2196 2075 2266 2095 ma-

1256 2121 1334 2142 nere
1354 2117 1552 2151 presumunt
1579 2113 1614 2142 in
1640 2113 1794 2144 homines
1820 2115 2002 2146 seculares:
2033 2108 2167 2156 auidam
2190 2128 2266 2149 vero

1255 2161 1422 2203 peculium
1438 2165 1561 2196 habere
1582 2172 1793 2204 presumunt.
1818 2169 1866 2197 eis
1887 2178 1944 2207 pro
1963 2171 2265 2203 annninistratione

1255 2217 1367 2257 aliqua
1396 2227 1461 2248 non
1487 2219 1706 2257 pe1·missum;
1736 2220 1831 2250 multi
1858 2226 1967 2252 autem
1995 2224 2203 2262 recipiuntur
2231 2226 2266 2255 in

1256 2273 1470 2302 monasteriis
1500 2273 1666 2303 mediante
1700 2274 1779 2304 vitio
1807 2276 1977 2314 symonis),
2007 2282 2036 2307 et
2067 2277 2132 2307 alia
2164 2278 2268 2309 multa

1256 2324 1478 2360 committunt,
1496 2334 1554 2364 per
1569 2335 1632 2365 que
1654 2336 1719 2357 non
1737 2326 1842 2357 solum
1861 2328 2015 2366 religioni
2033 2329 2220 2361 detrahitur
2237 2337 2266 2361 et

1256 2378 1450 2408 scandalum
1469 2384 1657 2417 generatur,
1676 2389 1790 2410 verum
1809 2381 1908 2411 etiam
1926 2382 2097 2421 multiplex
2116 2385 2268 2423 sequitur

1256 2431 1441 2470 periculum
1458 2432 1663 2468 animarum;
1686 2433 1821 2472 quidam
1841 2439 1990 2472 preterca
2007 2436 2191 2473 regulares,
2210 2447 2267 2476 pro

1257 2493 1294 2515 eo
1308 2485 1396 2524 quod
1406 2485 1441 2514 in
1458 2486 1658 2524 quibusdam
1671 2486 1884 2526 ecclesiisjus
1898 2488 2047 2518 obtinent
2061 2494 2264 2527 patronatus.

1256 2537 1452 2576 pensionem
1474 2542 1505 2569 et
1526 2543 1653 2578 partem
1674 2540 1878 2570 decimarum
1899 2551 1934 2571 ac
1954 2541 2176 2578 oblationum,
2194 2544 2266 2575 sinc

1256 2591 1471 2621 concessione
1488 2592 1648 2622 canonica
1662 2592 1815 2631 alicujus.
1831 2593 1864 2622 in
1877 2593 2001 2624 eisdem
2020 2595 2187 2633 percipere
2202 2605 2265 2626 non

1257 2648 1423 2674 verentur.
1442 2645 1538 2679 item,
1554 2654 1628 2674 cum
1645 2645 1678 2674 in
1696 2645 1842 2683 generali
1860 2646 2000 2676 concilio
2015 2648 2150 2685 provida
2168 2649 2265 2679 suerit

1257 2695 1497 2727 deliberatione
1525 2702 1685 2727 statutum
1713 2703 1748 2727 ut
1782 2699 1977 2736 presbiteris
2009 2701 2266 2738 parrochialium

1258 2748 1485 2785 ecclesiarum,
1497 2751 1738 2781 consuetudine
1748 2751 1895 2790 qualibet
1907 2753 2063 2792 episcopi.
2076 2754 2125 2784 vel
2137 2757 2266 2793 patroni

1258 2810 1316 2832 seu
1333 2802 1529 2842 cujusquam
1547 2803 1683 2833 alterius
1705 2812 1769 2833 non
1790 2804 1956 2836 obstante.
1975 2807 2081 2844 poi-tio
2098 2809 2266 2839 sntlicicns

1257 2853 1297 2884 de
1312 2854 1461 2893 ipsarum
1476 2856 1692 2894 proventibus
1708 2856 1908 2894 assignetur.
1925 2857 1959 2887 in
1978 2859 2173 2896 prtwiuciali
2189 2871 2266 2900 quo-

1258 2915 1322 2946 que
1338 2907 1480 2938 concilio
1496 2909 1536 2937 sit
1557 2913 1700 2939 taxatum
1722 2914 1753 2939 ut
1773 2910 1963 2948 quindecim
1988 2911 2146 2942 librarum
2163 2915 2266 2945 Turo-

1259 2960 1374 2991 nensis
1390 2966 1520 2991 monete
1537 2961 1577 2991 ad
1594 2962 1705 2992 minus
1724 2963 1829 3001 portio
1848 2964 2016 2994 sntliciens
2033 2965 2148 3007 debeat
2170 2978 2267 3007 repu-
