2498 3242
190 294 248 326 993
1048 284 1262 324 SEPTIEME
1283 285 1444 323 ANNEE.
2243 298 2300 328 994

189 369 271 401 opus
286 361 398 395 fuerit.
417 361 517 391 etiam
533 361 670 392 calicem
687 362 801 393 bibere
816 360 994 400 passionis,
1011 360 1046 389 in
1062 367 1206 390 messem

188 413 325 445 Domini
347 413 479 444 mittere
499 414 728 452 dignaremur.
752 415 821 445 Nos
844 414 958 452 igitur,
977 413 1069 451 pium
1086 412 1158 451 ejus
1176 415 1208 441 et

191 471 343 497 sanctum
358 467 564 505 propositum
583 468 618 497 in
641 468 784 498 Domino
802 467 1083 500 commendantes,
1102 474 1138 494 ac
1155 473 1207 494 re-

190 523 347 550 vocantes
374 519 552 557 legationis
577 520 722 550 officium
751 525 782 550 et
811 520 987 550 universas
1016 518 1146 547 litteras
1176 521 1207 547 et

191 572 420 611 indulgent-ias
440 572 625 603 venerabili
647 574 742 603 fratri
760 577 873 603 nostro
891 596 910 601 ..
929 571 1082 610 episcopo
1099 569 1207 601 Semi—

192 625 348 665 galliensi
371 635 562 663 concessas,
582 635 657 657 eum
674 626 715 656 ad
737 625 1031 663 evangelizandum
1052 624 1207 663 gentibus

193 688 313 710 nomen
341 680 475 709 Domini
501 679 615 710 Nostri
639 679 745 709 ,Jhesu
768 679 913 713 Christi,
940 678 1116 708 commisso
1142 675 1208 706 sihi

192 732 290 771 plene
306 731 483 770 legationis
497 732 615 762 officio.
629 732 670 762 ad
683 736 793 770 partes
810 731 899 770 ipsas
916 729 1120 769 providimus
1138 728 1207 759 des-

193 785 369 815 tinandum
389 802 438 814 ——.
462 785 635 815 Monemus
658 785 771 824 itaque
792 784 1047 814 universitatem
1064 786 1208 812 vestram

193 838 354 868 attentius
371 843 401 868 et
417 837 590 868 hortamur
610 838 644 867 in
666 838 824 871 Domino,
842 847 901 876 per
917 836 1098 875 apostolica
1113 834 1207 865 vobis

193 892 316 930 scripta
344 891 558 930 precipiendo
594 891 791 921 mandantes
827 895 1010 929 quatenus,
1041 889 1207 928 prefatum

193 945 383 984 episcopum
406 949 564 984 tanquam
585 945 731 983 legatum
757 944 852 975 Sedis
877 943 1080 982 Apostolice,
1105 943 1207 973 immo

191 1007 368 1037 personam
382 1002 530 1029 nostram
543 998 578 1028 in
593 1007 641 1034 eo,
659 997 859 1036 recipientes
875 997 1005 1027 ilariter
1021 1000 1052 1027 et
1068 996 1207 1026 honeste

192 1054 384 1086 tractantes,
396 1051 502 1089 ipsius
513 1050 716 1081 salutaribus
728 1050 864 1080 monitis
874 1054 904 1080 et
916 1049 1082 1079 mandatis
1092 1048 1207 1087 pronis

191 1103 362 1134 mentibus
375 1103 570 1139 intendatis,
583 1107 615 1134 et
627 1112 690 1142 que
701 1103 789 1133 inter
805 1112 862 1133 vos
877 1102 1051 1133 statuenda
1064 1101 1205 1133 duxerit,

193 1160 352 1196 tanquam
374 1156 561 1187 devotionis
584 1156 646 1186 filii
666 1157 809 1187 teneatis
831 1156 972 1186 tirmiter
999 1160 1030 1186 et
1053 1155 1205 1186 servetis.

191 1209 352 1249 Alioquin
364 1210 565 1240 sententiam
577 1218 676 1249 quam
689 1209 751 1239 rite
763 1209 877 1239 tulerit
888 1209 922 1238 in
934 1208 1087 1243 rebelles,
1101 1212 1208 1238 ratam

191 1262 392 1293 habebimus
408 1267 439 1293 et
458 1263 632 1298 faciemus,
655 1267 789 1292 auctore
809 1262 969 1297 Domino,
989 1262 1130 1291 firmiter
1149 1261 1208 1291 ob-

193 1315 332 1347 servari.
352 1316 399 1346 De
418 1315 524 1354 ipsius
541 1316 631 1345 enim
650 1314 947 1353 circumspectione
963 1314 1099 1353 provida
1114 1313 1209 1344 illam

193 1368 351 1398 fiduciam
375 1368 565 1399 obtinemus
593 1368 700 1407 quod,
723 1368 888 1405 dirigente
907 1367 1050 1397 Domino
1073 1375 1208 1405 gressus

194 1421 277 1461 ejus,
290 1421 329 1451 de
341 1430 455 1460 sparso
465 1421 593 1451 semine
606 1420 788 1459 reportabit
801 1429 877 1450 cum
888 1420 1091 1450 exultatione
1104 1419 1222 1449 11111111-Δ

193 1474 289 1514 pulos
302 1474 471 1504 fructuum
484 1479 686 1504 eternorum.
701 1474 775 1504 Dat.
791 1473 959 1507 Laterani,
976 1474 1076 1503 VIIII
1092 1472 1209 1503 kalen-

195 1527 253 1558 das
269 1527 393 1558 martii.
412 1535 500 1557 anno
515 1527 665 1566 septimo.
690 1538 703 1553 n

230 1794 433 1830 Semigaliensi
457 1795 595 1830 episcopo
616 1794 719 1821 scribit
744 1806 749 1821 :
775 1805 787 1818 α
808 1794 876 1822 licet
894 1795 961 1822 olim
983 1795 1034 1822 tibi
1054 1795 1209 1830 legationis

196 1855 210 1869 n
231 1844 354 1871 officium
377 1844 548 1871 duxerimus
567 1843 818 1876 committendum,
839 1845 906 1879 quia
928 1848 1024 1871 tamen
1044 1853 1134 1879 super
1154 1845 1209 1871 hoc

196 1904 209 1918 n
229 1893 408 1920 intendimus
423 1893 505 1920 aliter
521 1893 683 1928 providere,
700 1893 768 1920 illud
786 1893 821 1920 de
837 1897 915 1920 certa
930 1894 1051 1920 scientia
1065 1901 1207 1920 revocan-

196 1953 210 1967 ι»
231 1945 287 1975 tes,
305 1942 476 1969 mandamus
495 1946 582 1977 atque
603 1942 780 1978 precipimus
802 1946 947 1977 quatenus
964 1942 1091 1977 negotiis
1105 1942 1157 1969 tibi
1173 1943 1208 1969 ab

195 2002 209 2016 n
231 1990 400 2026 Apostolica
422 1990 498 2018 Sede
521 1992 697 2024 commissis,
720 1992 846 2026 receptis
867 1991 1068 2026 presentibus,
1089 1991 1208 2018 omnino

196 2051 210 2065 ιο
231 2039 426 2076 supersedere
446 2048 596 2075 procures.
617 2050 630 2066 n
653 2054 690 2061 —
710 2040 794 2074 (Rea.
819 2041 860 2073 17,
884 2041 902 2067 f.
926 2040 973 2068 151
994 2047 1037 2071 r⁰;
1054 2049 1120 2068 ann.
1139 2040 1206 2073 VII,

193 2097 221 2116 c.
241 2089 316 2122 559.)

773 1732 888 1766 Latran,
905 1732 920 1759 9
936 1733 1039 1760 sevrier
1058 1733 1135 1760 1234.

235 2203 248 2218 (ι
267 2214 286 2220 ..
307 2191 523 2229 δετηίῃαίἰεηεί
539 2191 684 2229 episcopo.
703 2190 795 2221 Licet
813 2190 892 2220 olim
908 2190 970 2220 tibi
988 2208 1037 2220 —.
1054 2191 1128 2221 Dat.
1144 2191 1208 2221 La-

195 2243 314 2279 terani,
332 2244 361 2274 V
376 2243 451 2274 idus
465 2243 639 2278 februarii,
655 2252 743 2273 anno
759 2243 911 2282 septimo.
932 2255 944 2270 n

231 2512 377 2548 Episcopo
398 2511 585 2538 Atrebatensi
608 2510 723 2538 mandat
738 2514 883 2545 quatenus
898 2511 1038 2545 quosdam
1055 2511 1208 2546 religiosos

197 2566 226 2590 et
248 2561 371 2589 clericos
393 2560 559 2587 saeculares
584 2560 628 2586 vel
652 2560 751 2592 laicos,
776 2559 836 2594 qui,
861 2560 896 2586 ab
921 2560 1060 2586 usurariis
1081 2560 1125 2587 vel
1145 2560 1209 2587 aliis

198 2609 402 2638 Atrebatensis
423 2608 549 2636 civitatis
566 2611 595 2634 et
612 2608 757 2635 dioecesis
774 2612 965 2635 exsecutores
980 2610 1146 2636 testamenti
1162 2609 1209 2636 sui

197 2659 360 2691 constituti,
377 2662 487 2693 partem
503 2657 643 2683 bonorum
661 2656 786 2692 propriis
802 2656 905 2694 usibus
920 2656 1111 2691 applicabant,
1129 2665 1209 2684 com-

196 2708 283 2744 pellat
299 2711 330 2734 ut
345 2709 519 2734 testamenta
530 2705 614 2740 plene
624 2713 657 2732 ac
668 2704 791 2731 fideliter
801 2709 1009 2739 exsequantur.
1022 2719 1055 2724 ——
1067 2705 1151 2739 (Rae.
1166 2706 1208 2739 17,

196 2758 216 2784 f.
237 2757 282 2784 151
302 2763 348 2788 v⁰;
365 2764 431 2782 ann.
450 2754 514 2787 Vll,
532 2763 557 2782 c.
575 2754 643 2786 560;
659 2768 694 2774 —
711 2753 830 2781 Monam
848 2754 926 2786 1188,
943 2754 961 2780 f.
980 2754 1053 2787 340.)

753 2448 868 2481 Latran,
885 2448 916 2475 21
934 2449 1040 2475 fevrier
1058 2449 1135 2477 1234.

239 2871 252 2885 (ι
282 2881 301 2887 ..
327 2859 462 2896 episcopo
485 2857 684 2886 Atrebatensi.
713 2855 831 2894 Operis
858 2855 1136 2894 complementum
1161 2856 1209 2885 in-

196 2912 286 2942 vitus
304 2928 351 2940 ——.
370 2911 444 2940 Dat.
473 2909 639 2944 Laterani,
662 2909 761 2939 V1111
783 2908 944 2939 kalendas
970 2909 1098 2942 martii,
1122 2917 1210 2939 anno

198 2965 350 3004 septimo.
371 2976 384 2990 ι)

323 3022 509 3054 (3111ἓο011111
527 3028 578 3056 1x.
597 3031 615 3052 t.
636 3028 656 3052 1.

1365 360 1383 387 Ι
1392 359 1481 388 820

1328 420 1472 456 Episcopo
1502 421 1658 449 Narniensi
1689 425 1787 448 notum
1815 423 1879 449 tacit
1909 431 1941 448 se
1970 424 2105 450 unionem
2135 426 2301 452 monasterii

1291 468 1390 495 Sancti
1408 469 1557 496 Benedicti
1580 471 1605 496 in
1632 470 1741 497 Fundis
1756 479 1821 496 cum
1839 472 2014 497 monasterio
2030 471 2128 498 Sancti
2153 472 2299 506 Matthaei,

1292 517 1431 544 Reatinae
1457 518 1611 551 dioecesis,
1639 522 1770 545 recenter
1796 519 1908 548 factam.
1936 528 2081 548 revocare.
2108 525 2136 546 et
2163 521 2302 556 episcopo

1293 565 1415 592 Reatino
1437 571 1465 592 et
1488 565 1635 600 Blerardo]
1657 566 1760 602 Moysi,
1781 568 1921 593 canonico
1942 567 2074 595 Reatino.
2097 570 2248 595 mandasse
2272 574 2303 596 ut

1852 360 1963 392 Lati-an,
1984 361 2015 387 18
2031 362 2135 388 sevrier
2152 363 2227 390 1234.

1292 614 1386 649 ipsum
1404 614 1595 641 Narniensetn
1614 616 1783 650 episcopum
1802 617 1827 642 in
1846 624 1907 641 eam
1926 618 2141 650 possessionem
2159 619 2201 643 vel
2218 619 2302 652 quasi

1293 663 1430 698 praedicti
1451 665 1616 690 monasterii
1644 664 1743 691 Sancti
1770 664 1918 691 Benedicti
1945 666 2092 693 reducant.
2117 668 2142 692 in
2165 676 2220 700 qua
2236 672 2302 694 ante

1293 711 1466 746 praedictam
1486 713 1620 738 unionem
1636 713 1698 747 ipse
1714 721 1746 739 ac
1763 713 1856 747 ipsius
1873 714 2113 747 praedecessores
2131 715 2252 742 fuerant,
2269 729 2305 736 —

1290 758 1372 792 (Rae.
1394 760 1440 791 17,
1460 761 1477 786 Γ.
1500 760 1543 786 151
1563 767 1606 789 vv:
1624 768 1690 787 ann.
1712 760 1824 792 V11,c.
1844 762 1965 788 5612—
1985 763 2021 788 cs.
2044 770 2144 795 supra,
2169 772 2196 789 n.
2223 764 2303 790 1171-

1294 807 1360 834 11Ἱῖ
1377 813 1405 834 et
1424 808 1598 841 1-260-1261.)

1333 922 1346 936 «
1363 932 1384 938 ..
1402 911 1536 947 episcopo
1554 910 1733 939 Narniensi.
1752 910 1844 941 Licet
1858 910 1937 939 011111
1956 910 2127 941 intellecto
2143 912 2230 950 quod
2247 913 2305 942 ab·

1291 962 1350 992 bas
1364 966 1393 992 et
1403 966 1587 993 conventus
1601 963 1797 993 monasterii
1809 964 1922 994 Sancti
1935 964 2107 993 Benedicti
2120 964 2154 994 in
2167 965 2303 1000 Fundis,

1291 1023 1329 1045 eo
1345 1015 1531 1053 inspirante
1551 1015 1645 1055 cujus
1665 1016 1803 1055 spiritus
1825 1016 1881 1046 ubi
1904 1016 1972 1046 vult
1996 1017 2116 1055 spirat,
2135 1019 2254 1048 mutati
2270 1019 2304 1048 111

1290 1068 1380 1098 viros
1393 1068 1514 1099 alteros
1526 1068 1760 1099 emulabantur
1770 1069 1948 1099 carismata
1960 1069 2098 1100 meliora
2108 1071 2128 1105 ¹,
2148 1079 2182 1101 se
2196 1075 2227 1101 et
2238 1080 2305 1101 mo-

1291 1121 1476 1151 nasterium
1492 1121 1640 1159 ipsorum
1661 1122 1866 1160 incorporari
1887 1122 2103 1153 Cisterciensi
2120 1123 2229 1154 ordini
2247 1133 2305 1154 cu-

1290 1173 1432 1212 pientes,
1451 1178 1482 1204 et
1498 1183 1558 1204 nos
1574 1174 1722 1213 ipsorum
1741 1175 1917 1205 desideriis
1934 1180 2137 1212 annuentes,
2157 1177 2305 1216 ejusdem

1292 1230 1322 1257 et
1337 1227 1450 1257 Sancti
1465 1227 1600 1262 Mathei,
1622 1227 1763 1257 Reatino
1780 1227 1938 1259 diocesis,
1963 1228 2199 1259 Cisterciensis
2216 1230 2305 1259 ordi-

1292 1279 1356 1312 nis.
1375 1280 1671 1315 monasteriorum,
1690 1280 1728 1310 de
1744 1284 1800 1311 tuo
1823 1285 1854 1310 et
1877 1280 2013 1319 capituli
2035 1281 2235 1312 Narniensis
2252 1292 2306 1313 as-

1292 1341 1404 1363 sensu.
1420 1333 1508 1362 facta
1524 1333 1679 1371 primitus
1695 1334 1831 1368 unione,
1848 1334 1937 1372 ipsos
1951 1334 2156 1372 incorporari
2173 1336 2306 1365 manda-

1291 1386 1439 1415 verimus
1458 1386 1567 1415 ordini
1584 1390 1776 1421 memorato,
1796 1409 1815 1415 ..
1834 1386 1952 1416 abbate
1967 1391 1997 1417 et
2013 1393 2177 1418 conventu
2192 1389 2306 1418 Sancti

1293 1438 1418 1468 Mathei
1444 1448 1478 1468 se
1507 1438 1547 1468 ad
1574 1438 1700 1468 dictum
1727 1440 1841 1469 Sancti
1870 1440 2042 1469 Benedicti
2066 1442 2305 1471 monasterium

1293 1491 1592 1526 transferentibus,
1612 1500 1647 1521 ac
1665 1491 1790 1522 eisdem
1807 1492 1924 1522 abbate
1948 1503 1984 1523 ae
2007 1498 2170 1523 conventu
2193 1494 2306 1523 Sancti

1293 1544 1467 1574 Benedicti
1489 1544 1753 1582 suscipientibus
1777 1544 1928 1575 habitum
1954 1545 2081 1575 ordinis
2105 1546 2304 1584 supradicti:

1293 1596 1372 1635 quia
1394 1601 1505 1626 tamen
1528 1606 1565 1626 ex
1590 1597 1706 1627 multis
1732 1598 1843 1627 causis
1871 1607 1979 1627 coram
2008 1598 2103 1628 nobis
2128 1599 2306 1637 propositis

1292 1649 1373 1679 unio
1389 1649 1462 1687 ipsa
1479 1649 1606 1679 servari
1620 1658 1685 1679 non
1702 1654 1819 1688 potest,
1839 1654 1866 1679 et
1885 1650 1985 1679 iidem
2003 1650 2104 1680 abbas
2121 1656 2150 1680 et
2168 1660 2307 1681 ‹fonven-

1293 1707 1346 1732 tus
1362 1707 1450 1732 retro
1467 1702 1663 1740 respiciunt,
1679 1703 1776 1741 quasi
1793 1703 1834 1732 ad
1857 1703 1977 1741 Egypti
1991 1712 2135 1742 pepones
2152 1709 2182 1734 et
2199 1704 2283 1734 allea
2295 1701 2308 1718 ²

1293 1755 1503 1794 suspirando,
1523 1759 1553 1784 te
1573 1764 1726 1793 expresse
1744 1760 1886 1793 negante
1903 1756 1941 1785 de
1963 1761 2017 1785 tuo
2036 1756 2087 1786 vel
2105 1757 2242 1795 capituli
2259 1757 2308 1787 tui

1293 1817 1434 1838 assensu
1457 1808 1617 1838 unionem
1639 1808 1831 1848 hujusmodi
1847 1809 1969 1838 factam
1988 1818 2078 1844 esse,
2098 1810 2163 1839 nisi
2181 1819 2308 1840 recom-

1291 1861 1487 1900 pensatione
1504 1860 1619 1891 habita
1636 1866 1666 1891 et
1683 1861 1883 1900 quibusdam
1900 1861 2148 1892 conditionibus
2165 1863 2307 1901 interpo-

1292 1914 1378 1950 sitis,
1405 1914 1465 1943 tibi
1486 1918 1517 1944 et
1541 1914 1679 1944 ecclesie
1704 1919 1758 1945 tue
1781 1915 1815 1944 in
1842 1915 1970 1953 prefato
1994 1915 2107 1945 Sancti
2135 1916 2307 1946 Benedicti

1291 1967 1495 1997 monasterio
1511 1967 1700 2003 reservatis,
1720 1968 1879 1998 unionem
1896 1977 2088 1999 revocamus
2106 1969 2255 1999 eandem.
2272 1969 2306 1998 in

1292 2029 1368 2051 eum
1382 2025 1505 2050 statum
1519 2020 1689 2058 negotium
1706 2021 1913 2055 reducentes,
1926 2021 1959 2050 in
1977 2030 2041 2060 quo
2055 2026 2131 2051 ante
2148 2022 2306 2052 unionem

1292 2074 1399 2113 ipsam
1420 2074 1569 2103 noscitur
1585 2073 1747 2104 extitisse.
1768 2074 1863 2105 Unde
1881 2074 2064 2104 venerabili
2081 2075 2176 2103 fratri
2194 2079 2306 2104 nostro

1295 2150 1314 2155 ..
1332 2126 1485 2165 episcopo
1501 2130 1531 2156 et
1551 2125 1671 2156 dilecto
1687 2126 1756 2156 filio
1771 2127 1809 2156 Β.
1825 2127 1945 2165 Moysi,
1964 2127 2123 2157 canonico
2140 2127 2304 2163 Reatinis,

1292 2179 1417 2209 nostris
1436 2179 1553 2209 damus
1570 2179 1691 2209 litteris
1704 2180 1739 2209 in
1756 2179 1934 2215 mandatis,
1950 2185 1996 2214 ut,
2015 2180 2173 2219 predictis
2188 2180 2306 2211 abbate

1292 2237 1324 2263 et
1339 2237 1505 2263 conventu
1521 2233 1716 2263 monasterii
1733 2233 1847 2263 Sancti
1865 2233 1989 2263 Mathei
2006 2234 2098 2272 prius
2119 2243 2176 2272 per
2193 2243 2248 2264 eos
2266 2234 2306 2263 ad

1292 2286 1533 2316 monasterium
1549 2285 1659 2324 ipsum
1677 2286 1834 2321 reductis,
1851 2286 1970 2316 deinde
1989 2291 2017 2316 te
2035 2286 2069 2315 in
2086 2296 2158 2316 eam
2175 2296 2307 2325 posses-

1293 2339 1422 2369 sionem
1446 2338 1497 2369 vel
1525 2338 1621 2377 quasi
1644 2339 1839 2369 monasterii
1867 2339 2042 2369 memorati
2067 2339 2241 2375 reducant,
2271 2339 2306 2369 in

1292 2401 1358 2431 qua
1378 2396 1414 2421 tu
1437 2400 1473 2421 ae
1495 2391 1748 2430 predecessores
1770 2392 1817 2421 tui
1835 2392 1941 2422 fuisse
1962 2396 2037 2422 ante
2057 2392 2178 2422 dictam
2197 2392 2307 2422 nosci-

1292 2445 1377 2474 mini
1397 2444 1568 2475 unionem.
1593 2444 1861 2475 Contradictorcs
1884 2449 2011 2480 autem,
2035 2445 2064 2475 si
2087 2445 2145 2484 qui
2166 2445 2304 2480 suerint,

1293 2502 1352 2528 etc.
1381 2499 1454 2528 Dat.
1484 2498 1655 2533 Laterani,
1683 2499 1748 2528 XII
1772 2498 1932 2528 kalendas
1960 2498 2092 2534 martii,
2118 2507 2205 2528 anno
2232 2507 2306 2536 sep-

1293 2551 1384 2582 timo.
1407 2563 1420 2577 1)

1367 2743 1479 2772 1821

1329 2804 1473 2840 Episcopo
1502 2804 1624 2831 Reatino
1649 2809 1674 2830 et
1703 2803 1829 2830 Boi-ardo
1860 2803 1967 2838 Moysi,
1998 2803 2136 2829 canonico
2169 2802 2301 2835 Reatino,

1855 2742 1967 2774 Lati-an,
1988 2742 2017 2768 18
2034 2741 2137 2768 fex-rier
2157 2742 2233 2770 1234.

1328 2927 1348 2950 1.
1367 2926 1409 2951 Cf.
1425 2927 1536 2956 Joasxq
1555 2927 1602 2954 111,
1619 2929 1632 2949 s
1648 2930 1673 2950 ct
1694 2926 1699 2949 l
1719 2925 1799 2952 Con..
1819 2925 1930 2955 X11,31.

1325 2971 1613 3000 ¹2.t1r.Nt-.x=.,x{‚5.

2151 3025 2180 3049 63
