2498 3242
206 276 265 304 ’215

206 356 238 385 111
250 358 279 385 te
296 358 325 384 et
341 355 510 393 provincia
521 357 575 384 tua
588 362 622 384 se
635 354 754 384 habere
768 355 932 393 proponit.
946 356 987 384 te.
1000 362 1057 392 pro
1069 362 1107 383 eo
1121 353 1208 391 quod

205 410 340 438 vocatus
367 407 407 436 ab
434 407 506 445 ipso
533 406 573 436 ad
598 407 775 436 concilium
807 407 960 436 accedere
993 405 1210 444 personaliter

205 460 375 490 recusasti.
393 462 422 488 et
445 459 618 495 dili-genter
645 460 789 488 monitus
807 459 941 488 noluisti
959 467 1110 488 revocure
1127 457 1209 487 111111-

205 513 345 542 bitiones
362 520 444 549 111135
462 511 603 540 subditis
620 512 683 541 tuis
699 512 834 541 feceras.
850 521 887 541 ne
905 512 1012 550 ipsum
1028 511 1209 548 reciperent

204 565 271 594 Bur
285 564 483 601 ‘egalensem
521 564 728 602 prox-inciam
763 564 966 597 visitantem,
998 571 1034 592 ac
1066 562 1209 600 prolatas

202 618 334 654 propter
355 616 414 645 lm„—
437 616 469 645 in
491 624 559 646 eos.
582 616 609 645 si
631 618 744 645 contra
765 616 1004 655 presumerent,
1023 622 1208 645 exeommu-

203 668 378 699 nicuionis
397 672 427 698 et
451 668 614 698 interdicti
635 669 816 698 sententias
837 669 994 700 relaxare.
1017 669 1082 697 tum
1103 676 1121 696 a
1143 675 1208 696 me-

203 721 387 760 tropolitico
418 730 516 759 qnam
547 731 564 750 a
580 721 758 759 pontificali
788 721 898 750 otiicio
927 720 1206 758 dnxeritsnspen-

203 774 358 804 dendum.
383 776 416 803 tu
443 782 506 803 non
536 774 641 803 >wluin
670 773 900 811 suspensionis
925 772 1120 803 sententiam
1143 780 1207 801 non

202 825 371 856 observas.
394 834 509 855 verum
529 826 625 855 eliam
645 825 729 854 alios
752 834 884 855 servare
903 834 966 855 nou
985 825 1105 863 pateris
1126 824 1208 853 latas

202 879 236 909 in
255 878 344 917 ipsos
363 887 420 916 per
436 879 575 907 eundem
597 878 834 907 Bituricensem
850 877 1092 915 suspensionis.
1111 876 1207 906 inter-

201 930 279 960 dicti
299 934 326 960 et
347 930 700 960 excommunicationis
722 930 912 964 sententias,
930 929 1006 968 qnia
1022 929 1115 959 illum
1131 929 1208 959 reci-

201 991 277 1021 pere
295 985 578 1021 contempserunt:
599 991 633 1011 ac
652 982 735 1012 alias
757 982 789 1012 in
810 982 925 1011 multis
945 981 1106 1012 turbando
1121 982 1206 1020 ejus-

201 1035 274 1065 dem
293 1036 430 1065 ecclesie
450 1036 599 1073 primatie
617 1035 875 1072 possessionem,
892 1034 944 1064 vel
966 1034 1071 1072 quasi,
1090 1034 1206 1063 existis

201 1087 305 1117 eidem
324 1090 351 1117 et
368 1088 503 1117 ecclesie
522 1096 579 1116 sne
595 1087 775 1125 injuriosus
790 1087 970 1125 plurimum
985 1088 1015 1116 et
1029 1087 1203 1116 molestus:

200 1140 286 1169 unde
312 1140 483 1169 humiliter
509 1140 706 1178 supplicavit
729 1141 775 1171 ut.
803 1148 877 1169 cum
900 1148 999 1178 snper
1019 1139 1205 1169 turbatione

199 1192 421 1231 possessionis
438 1192 588 1230 primitie
607 1191 760 1229 predicte,
774 1200 810 1221 ac
828 1200 927 1230 snper
938 1191 1092 1230 dampnis
1107 1193 1137 1221 et
1155 1192 1203 1221 in-

195 1245 294 1282 juriis
320 1244 518 1274 Iliturieensi
539 1244 674 1274 ecclesie
694 1252 730 1274 ac
754 1244 830 1280 sibi,
852 1246 881 1274 et
901 1244 1069 1282 quondam
1093 1244 1204 1282 prede-

198 1297 320 1328 cessori
336 1306 395 1327 sno
415 1306 472 1327 nec
491 1306 554 1327 non
572 1299 602 1327 et
620 1297 691 1335 eius
707 1297 917 1331 sociisuum
934 1297 1125 1327 auctoritate
1141 1297 1205 1336 pri-

198 1350 296 1380 matie
320 1349 599 1387 Untwlegxtlenseu]
625 1350 771 1379 visitaret
795 1349 1013 1388 provinciam,
1039 1350 1204 1387 irrogatis,

198 1403 300 1433 multo
328 1405 473 1440 tempore
500 1403 539 1433 sit
563 1411 646 1441 pene
670 1402 831 1432 inutiliter
854 1402 1048 1438 laboratum,
1074 1403 1203 1440 negotio
1230 1410 1231 1448 ᾗ

198 1463 256 1494 per
280 1464 339 1485 nos
364 1456 453 1494 ipsos
477 1455 577 1485 finem
604 1455 772 1493 imponere
796 1455 1021 1493 dignaremur.
1046 1454 1204 1485 Volentes
1231 1455 1232 1461 ¹

198 1508 298 1546 igitur
317 1508 414 1538 finem
435 1509 559 1546 imponi
578 1508 703 1542 litibus,
723 1516 761 1539 ne
781 1508 985 1538 immortales
1001 1508 1155 1538 existant.
1173 1509 1205 1538 et
1230 1515 1232 1528 ¹·

197 1569 330 1599 parcere
356 1561 526 1591 laboribus
550 1561 692 1599 partium
718 1562 746 1591 et
772 1561 939 1598 expensis,
966 1569 1001 1590 ac
1027 1560 1203 1591 malitiosis
1231 1557 1233 1560 '

197 1613 343 1648 diffusziis
365 1614 510 1647 obviare,
533 1613 728 1643 fraternitati
750 1615 802 1643 tue
825 1613 972 1643 districte
991 1613 1202 1652 precipiendo
1230 1612 1232 1636 ἶ

197 1666 394 1696 mandamns
410 1669 572 1704 quatenns
588 1666 629 1696 ad
650 1666 779 1695 initium
796 1666 948 1705 proximo
969 1667 1105 1696 venture
1123 1675 1202 1703 (1113-
1230 1683 1231 1688 =

198 1718 394 1757 dragesime,
406 1719 492 1757 qnod
505 1719 562 1748 tibi
577 1719 754 1748 terminum
772 1718 1028 1757 peremptorium
1045 1718 1202 1748 duximus

198 1771 447 1810 assignandum,
470 1780 527 1809 per
549 1774 577 1801 te
599 1771 649 1801 vel
671 1774 917 1809 procuratorem
948 1771 1103 1801 idoneum
1133 1771 1199 1801 sus-

197 1824 345 1854 ticienter
369 1824 563 1854 instructum
587 1824 625 1853 ad
648 1824 737 1853 litem
761 1824 1006 1854 contestandum
1026 1825 1056 1854 et
1077 1824 1117 1853 ad
1137 1823 1201 1853 alia

196 1877 306 1907 omnia
320 1877 505 1915 peragenda
521 1885 584 1915 (1110
601 1877 787 1906 necessaria
801 1876 961 1906 decisioni
976 1876 1096 1914 negotii
1112 1876 1202 1906 vide-
1228 1888 1229 1892 ¹

195 1929 329 1963 huntur,
349 1932 458 1959 nostro
477 1931 505 1959 te
524 1930 713 1968 conspectui
732 1930 948 1967 representes.
968 1929 1038 1959 Nos
1057 1937 1135 1959 vero
1152 1929 1200 1959 ni·
1228 1939 1230 1955 :

195 1982 395 2012 chiloniinus
406 1982 534 2012 ‹lile-etis
550 1982 629 2012 filiis
643 2006 662 2011 ..
677 1982 908 2012 archidiacono
919 1981 1200 2020 Transvigenensi

195 2037 225 2066 et
246 2036 403 2073 magistro
423 2035 575 2069 Martius),
597 2035 756 2065 canonico
773 2035 974 2070 Turonensi,
994 2043 1052 2073 per
1072 2035 1199 2073 aposto-

195 2087 257 2118 lica
272 2089 393 2126 scripta
411 2088 548 2117 firmiter
564 2087 776 2126 precipiendo
794 2087 992 2117 mandamus
1011 2088 1173 2125 quatenus
1193 2093 1199 2111 ¹

193 2197 389 2235 premissam
408 2196 545 2225 formam
559 2197 588 2224 te
606 2195 823 2233 peremptorie
836 2194 935 2224 citare
950 2195 1138 2233 procurent,
1157 2196 1198 2228 et,

194 2249 223 2278 si
247 2257 311 2278 non
334 2248 456 2286 poteris
479 2248 633 2281 inveniri,
660 2247 781 2277 faciant
809 2249 842 2277 ut
867 2247 1033 2277 citationis
1058 2246 1201 2277 elictum

193 2309 252 2340 per
277 2301 366 2339 ipsos
389 2301 440 2330 vel
461 2309 520 2339 per
540 2300 623 2330 alios
644 2299 731 2338 apud
757 2302 848 2330 tuam
872 2299 1045 2329 eeclesiam
1069 2299 1201 2338 publice

195 2355 406 2392 proponatur,
431 2353 526 2382 nol-is
549 2352 637 2390 quod
661 2361 760 2390 super
779 2352 845 2381 hiis
867 2351 989 2381 sactum
1010 2351 1109 2382 fuerit
1131 2360 1199 2381 res-

193 2406 368 2436 cribentes.
391 2406 464 2435 Dat.
487 2405 629 2435 Perusii.
652 2405 717 2434 [ΙΙΙ
734 2405 893 2435 kalendas
912 2403 1066 2441 octobris,
1089 2404 1199 2444 ponti·
1228 2405 1229 2409 ’

1228 2458 1229 2464 ’
1256 2464 1300 2494 tis
1316 2464 1411 2494 bonis
1428 2472 1542 2494 eorum
1559 2464 1726 2498 omnihus,
1741 2472 1881 2502 quorum
1898 2463 2038 2501 quedam
2055 2462 2214 2493 convertit
2229 2462 2264 2493 in

195 2458 310 2488 ficatus
329 2458 431 2487 nostri
450 2466 535 2488 anno
552 2457 660 2487 tertio.
687 2469 701 2484 n

229 2564 258 2590 ln
274 2564 395 2590 eundem
414 2563 530 2590 modurn
543 2563 684 2597 scriptum
699 2565 743 2589 est
759 2561 880 2594 eisdem,
896 2561 988 2589 verbis
1003 2563 1199 2596 competenter

194 2612 324 2639 mutatis.

258 2770 329 2800 334
731 2767 862 2800 Perouse,
885 2765 900 2792 9
918 2767 1031 2794 octobre
1048 2767 1124 2793 1229.

225 2848 345 2880 Decano,
364 2847 522 2874 succentori
539 2849 566 2873 et
579 2846 723 2882 Gregorio,
733 2846 868 2874 canonico
879 2845 1096 2879 Parisiensibus,
1109 2854 1192 2872 man-

219 2949 241 2973 1.
261 2948 308 2972 us.
323 2950 461 2980 quatenus
473 2950 503 2972 ut
518 2950 554 2973 et.

905 271 1152 301 insulsam-:s
1176 270 1234 300 DE
1257 264 1490 302 GREGoan
1514 273 1572 303 lx.

2211 274 2270 308 2¹ss

1267 353 1312 378 11111
1329 356 1469 387 quatenus
1494 354 1622 387 relaxent
1643 356 1800 389 quamdam
1824 355 2132 382 excommunicationis
2156 357 2270 383 senten,-

1267 401 1337 427 tinm
1356 409 1371 427 a
1389 402 1550 428 llelvnceusi
1567 403 1698 436 episcopo
1724 403 1751 430 iu
1771 404 1924 430 monachos
1952 404 2048 430 suncti
2069 403 2271 437 Symphoriani

1268 449 1445 475 noli-acono>-
1471 450 1695 486 pronmlgutum,
1715 453 1742 483 et
1770 452 1882 478 restitui
1908 452 1981 478 bona
1999 451 2173 478 monasterio
2187 453 2215 477 ct
2233 451 2271 479 ibi

1267 499 1362 524 rcdnei
1377 498 1529 524 monacho<
1543 499 1658 525 suriunt.
1672 515 1704 519 —
1716 500 1795 534 (lieo.
1811 501 1852 533 Η,
1873 500 1893 527 s.
1914 502 1962 527 1-'20
1976 505 2099 535 r⁰;ann.
2119 501 2168 534 111,
2184 508 2208 527 0.
2222 502 2266 534 683

1266 562 1298 565 —
1317 547 1429 572 Monuit·
1451 547 1525 578 list,
1541 547 1560 574 s.
1580 547 1649 581 ¹02.)

1306 684 1319 698 «
1343 697 1360 703 ..
1379 672 1503 705 der-ano.
1524 696 1543 702 ..
1562 674 1733 701 succentori
1746 678 1772 702 ct
1789 672 1947 713 Greqorim
1959 675 2101 704 canonico
2118 675 2270 706 Parisicn-

1266 725 1357 755 sibus.
1378 726 1427 755 Ex
1455 726 1544 763 parte
1561 726 1742 756 conventus
1760 727 1953 756 monasterii
1978 727 2089 758 Sancti
2107 729 2270 767 8011111110-

1236 775 1237 784 ’
1268 778 1350 807 riani
1378 777 1592 807 Bolvacensis
1612 778 1671 807 suit
1696 778 1901 817 propositum
1924 787 2031 808 coram
2059 780 2154 810 nobis
2172 781 2272 818 quod,

1267 831 1468 860 monasterio
1485 831 1556 868 ipso
1570 832 1717 865 vacante,
1735 831 1847 865 iidem,
1862 839 1880 860 a
1892 831 2073 861 venerabili
2087 832 2185 862 fratre
2199 842 2272 863 nos-

1267 884 1315 913 tro
1334 905 1356 913 ..
1387 883 1580 913 Belvacensi
1598 883 1764 922 episcopo,
1782 884 1958 914 diocesano
1975 892 2047 918 suo,
2065 884 2208 923 eligendi
2232 885 2271 916 li-

1265 937 1371 965 centia
1392 936 1574 974 impetrata,
1591 936 1761 973 elegerunt
1779 960 1798 966 ..
1816 936 1959 975 priorem
1978 936 2017 966 (10
2036 937 2147 975 Longa
2165 939 2272 976 Aqua,

1264 989 1411 1027 ejusdem
1433 989 1623 1018 monasterii
1643 989 1853 1023 monachum,
1872 989 1904 1019 in
1922 989 2092 1024 abbatem3
2111 990 2178 1028 (1111,
2196 990 2272 1020 11001

1234 1070 1235 1079 ,
1264 1041 2269 1080 eornmelectioni,qnamacceptarenolebat,inductuseorum

1232 1116 1234 1135 1
1263 1094 1416 1133 precihus
1433 1096 1463 1123 et
1481 1094 1766 1124 obsecrationibus
1781 1095 2016 1128 consensisset,
2037 1095 2146 1125 tamen
2171 1095 2204 1125 in
2221 1095 2268 1134 ip-

1232 1171 1233 1174 ,
1263 1147 1333 1176 sins
1349 1147 1494 1185 episcopi
1512 1148 1543 1177 et
1558 1147 1703 1185 plurium
1724 1147 1866 1177 aliorum
1888 1147 2053 1185 presentia
2068 1147 2271 1178 renuntiavit

1262 1200 1381 1234 eidem,
1399 1208 1474 1229 cum
1495 1199 1600 1237 ipsam
1630 1199 1715 1229 idem
1742 1199 1918 1239 episcopus
1944 1199 2084 1229 nimium
2104 1200 2268 1230 distulerit

1261 1261 1319 1290 pro
1338 1261 1398 1281 suo
1417 1252 1551 1282 arbitrio
1568 1252 1775 1286 confirmare,
1794 1252 1947 1291 pluribus
1972 1252 2013 1283 ad
2039 1251 2099 1282 hoc
2116 1253 2268 1283 terminis

1261 1305 1448 1342 assignatis.
1482 1306 1554 1340 Quo
1582 1306 1713 1335 tandem
1737 1313 1848 1335 coram
1871 1305 2027 1344 capitulo,
2056 1305 2266 1336 sicutcoram

1261 1358 1415 1396 episcopo
1441 1358 1571 1391 fecerat,
1599 1358 1807 1388 renuntiante
1823 1357 1902 1396 juri,
1929 1358 1957 1387 si
1984 1357 2070 1396 quod
2096 1366 2137 1388 ex
2152 1358 2266 1388 eadem

1261 1411 1418 1440 electione
1435 1411 1497 1440 sibi
1517 1412 1701 1448 competere
1719 1411 1903 1445 videbatur,
1922 1411 2076 1449 quamvis
2092 1411 2268 1450 episcopus

1262 1463 1347 1502 apud
1365 1463 1472 1502 ipsum
1498 1463 1651 1493 institerit
1667 1465 1702 1493 ut
1719 1463 1751 1493 in
1768 1463 1926 1493 electione
1942 1463 2131 1502 persisteret
2147 1471 2268 1494 memo-

1262 1517 1341 1550 rata,
1359 1516 1568 1554 postmodnm
1587 1516 1735 1554 magistri
1754 1516 1824 1551 W„
1845 1516 1884 1546 R.
1910 1517 1941 1546 et
1960 1516 2011 1551 P.‚
2030 1516 2180 1546 canonici
2197 1515 2269 1546 Bel-

1262 1576 1431 1601 varenses²
1443 1568 1604 1598 abeodem
1619 1569 1774 1607 episcopo
1791 1568 1830 1598 ad
1845 1569 2084 1598 monasterium
2101 1568 2266 1605 destinati,

1261 1621 1446 1659 appellante
1470 1623 1632 1650 conventu
1656 1629 1715 1660 pro
1740 1630 1778 1651 eo
1800 1621 1887 1659 quod
1915 1621 1954 1650 ab
1982 1621 2137 1659 episcopo
2163 1621 2270 1652 suerat

1261 1682 1360 1711 super
1383 1674 1555 1703 electionis
1579 1674 1829 1703 confirmatione
1852 1675 2020 1712 gravatus,
2047 1675 2078 1703 et
2105 1682 2139 1703 se
2158 1674 2268 1713 adjus

1260 1726 1414 1761 eligendi,
1433 1728 1463 1756 et
1480 1727 1715 1756 monasterium
1733 1726 1927 1765 protectioni
1941 1726 2119 1764 apostolice.
2131 1726 2267 1756 submit-

1259 1779 1358 1814 tente,
1384 1779 1449 1808 hiis
1468 1779 1578 1808 verbis
1603 1780 1745 1813 utentes,
1775 1779 1928 1809 videlicet
1954 1779 2041 1816 quod
2073 1778 2266 1809 electionem

1259 1839 1373 1860 eorum
1390 1833 1543 1870 tanquam
1558 1832 1814 1861 insufficientem
1828 1831 1973 1870 episcopi
1990 1831 2180 1861 auctoritate
2197 1839 2266 1861 cas-

1259 1883 1385 1918 sabant,
1413 1893 1453 1913 ex
1476 1886 1566 1922 parte
1593 1884 1698 1922 ipsius
1721 1884 1783 1914 sul)
1811 1892 1896 1922 pena
1913 1883 2268 1914 excommunicationis

1259 1936 1475 1974 injunxerunt
1492 1937 1617 1967 eisdem
1636 1939 1672 1967 ut
1688 1937 1853 1975 quendam
1879 1936 2133 1966 Cluniacensem
2154 1945 2267 1968 mona-

1258 1988 1370 2023 chum,
1383 1997 1480 2027 quem
1496 1990 1697 2019 monasterio
1713 1989 1928 2027 preficiebant
1939 1997 2065 2023 eorum,
2085 1989 2268 2027 reciperent

1259 2044 1294 2073 in
1310 2044 1487 2080 pastorem,
1506 2042 1633 2072 nullam
1649 2042 1747 2072 aliam
1765 2051 1911 2078 causam,
1928 2050 1987 2080 per
2002 2049 2101 2080 quam
2123 2041 2268 2080 eligendi

1228 2088 1230 2131 i
1254 2097 1327 2135 jure
1339 2095 1463 2134 privari
1479 2095 1664 2129 debuerint,
1675 2095 1902 2133 exprimendo.
1921 2095 2030 2130 Quare
2044 2094 2108 2132 ipsi
2121 2095 2267 2124 nostram

195 2143 225 2174 et
247 2143 309 2181 ipsi
333 2143 374 2172 ad
397 2143 537 2173 eundem
561 2143 740 2172 terminum
762 2141 952 2172 auctoritate
975 2142 1087 2171 nostra
1106 2141 1201 2180 juxta
1229 2155 1230 2165 1

1258 2148 1461 2180 audientiam
1479 2148 1596 2178 iterum
1614 2147 1833 2187 appellarunt.
1848 2147 2034 2186 Episcopus
2046 2155 2137 2182 vero,
2157 2146 2266 2185 appel-

1259 2202 1381 2231 latione
1397 2202 1593 2239 contempta,
1614 2200 1647 2230 in
1663 2209 1719 2230 eos
1735 2201 1766 2230 01
1780 2200 2064 2230 communicantes
2075 2199 2200 2230 eisdem
2213 2207 2266 2230 ex-

1259 2254 1567 2284 communicationis
1583 2253 1780 2283 sententiam
1794 2253 2030 2292 promulgavit,
2048 2254 2078 2283 et
2094 2253 2171 2282 facit
2188 2260 2264 2283 ean-

1257 2308 1332 2337 dem
1347 2307 1542 2337 sententiam
1555 2315 1614 2345 per
1628 2306 1797 2336 civitatem
1820 2307 1850 2336 et
1868 2305 2026 2336 diocesim
2046 2305 2268 2336 Belvacenses

1259 2359 1401 2397 singulis
1415 2359 1532 2389 «liebus
1548 2359 1725 2388 dominicis
1740 2360 1771 2389 et
1785 2358 1926 2395 festivis,
1942 2358 2083 2397 pulsatis
2095 2357 2266 2396 campanis

1257 2412 1288 2441 et
1304 2411 1452 2441 candelis
1467 2411 1626 2446 accensis,
1646 2411 1874 2450 sollempniter
1887 2410 2066 2449 publicari;
2083 2411 2112 2440 et
2128 2418 2265 2448 occupa-

1257 2525 1338 2547 usus
1350 2517 1511 2555 proprios,
1530 2516 1657 2554 reliqua
1671 2524 1748 2546 vero
1765 2516 1840 2546 aliis
1857 2515 2071 2546 custodienda
2085 2514 2264 2550 commisit,

1258 2569 1359 2599 nichil
1373 2569 1422 2598 eis
1443 2568 1575 2607 penitus
1601 2568 1788 2607 dereliquit,
1806 2568 1869 2598 sub
1888 2577 1973 2606 pena
1998 2568 2264 2598 excommunica-

1255 2621 1358 2651 tionis
1376 2621 1572 2659 generaliter
1589 2621 1743 2651 'rnhibens
1767 2630 1806 2651 ne
1831 2621 1913 2659 ipsis
1931 2629 2052 2651 census
2070 2621 2101 2651 et
2117 2620 2174 2650 alii
2192 2620 2264 2650 red-

1226 2668 1227 2710 }
1256 2674 1344 2704 ditus
1360 2674 1578 2709 solverentur,
1596 2674 1826 2704 comminando
1846 2674 1982 2712 insuper
2000 2673 2099 2712 quod,
2126 2673 2192 2703 nisi
2208 2681 2261 2712 ap-

1225 2741 1226 2754 ÷
1253 2727 1423 2766 pellationi
1439 2727 1666 2757 renuntiarent
1680 2726 1885 2764 interposite,
1904 2726 2060 2756 meliores
2075 2734 2116 2757 ex
2132 2726 2181 2756 eis
2193 2726 2263 2757 arte

1224 2778 1225 2781 ’
1253 2779 1400 2809 custodie
1417 2779 1628 2818 manciparet.
1647 2780 1755 2815 Quare
1774 2779 1850 2818 ipsi,
1869 2787 1945 2810 cum
1965 2779 2078 2809 nullus
2101 2778 2150 2810 eis
2170 2786 2259 2810 com·

1224 2832 1225 2835 ’
1252 2832 1422 2862 municare
1450 2833 1581 2870 propter
1608 2832 1806 2862 sententiam
1824 2831 2179 2862 excommunicationis
2204 2839 2264 2862 au-

1222 2886 1223 2891 ’
1251 2885 1354 2919 deret,
1372 2886 1403 2915 et
1420 2884 1531 2919 iidem,
1547 2884 1645 2915 bonis
1660 2885 1816 2915 omnibus
1833 2884 1993 2924 destituti,
2008 2885 2095 2915 unde
2109 2884 2260 2915 viverent

1251 2946 1317 2968 non
1334 2937 1501 2973 haberent,
1514 2938 1664 2969 recedere
1680 2947 1699 2968 a
1713 2938 1914 2970 monasterio
1927 2938 2005 2968 sunt
2017 2937 2130 2974 coacti,
2144 2936 2261 2976 sicque
