<?xml version="1.0" encoding="UTF-8"?>
<!DOCTYPE html PUBLIC "-//W3C//DTD XHTML 1.0 Transitional//EN"
    "http://www.w3.org/TR/xhtml1/DTD/xhtml1-transitional.dtd">
<html xmlns="http://www.w3.org/1999/xhtml" xml:lang="en" lang="en">
 <head>
  <title>
</title>
<meta http-equiv="Content-Type" content="text/html;charset=utf-8" />
  <meta name='ocr-system' content='tesseract 3.04.00' />
  <meta name='ocr-capabilities' content='ocr_page ocr_carea ocr_par ocr_line ocrx_word'/>
</head>
<body>
  <div class='ocr_page' id='page_1' title='image "./lesregistresdegr01cathuoft_0604.png"; bbox 0 0 2498 3242; ppageno 0'>
   <div class='ocr_carea' id='block_1_1' title="bbox 235 250 2329 292">
    <p class='ocr_par' dir='ltr' id='par_1_1' title="bbox 235 250 2329 292">
     <span class='ocr_line' id='line_1_1' title="bbox 235 250 2329 292; baseline 0.002 -7"><span class='ocrx_word' id='word_1_1' title='bbox 235 264 305 292; x_wconf 52' lang='grc' dir='ltr'>ψη</span> <span class='ocrx_word' id='word_1_2' title='bbox 958 259 1195 290; x_wconf 66' lang='lat' dir='ltr'>ascissens</span> <span class='ocrx_word' id='word_1_3' title='bbox 1218 257 1273 287; x_wconf 84' lang='lat' dir='ltr'>DE</span> <span class='ocrx_word' id='word_1_4' title='bbox 1295 250 1518 289; x_wconf 69' lang='lat' dir='ltr'>Gnssoomr„</span> <span class='ocrx_word' id='word_1_5' title='bbox 1542 260 1600 289; x_wconf 84' lang='lat' dir='ltr'>1x.</span> <span class='ocrx_word' id='word_1_6' title='bbox 2254 261 2329 292; x_wconf 79' lang='lat'>1192</span> 
     </span>
    </p>
   </div>
   <div class='ocr_carea' id='block_1_2' title="bbox 232 324 1243 2776">
    <p class='ocr_par' dir='ltr' id='par_1_2' title="bbox 232 324 1243 2776">
     <span class='ocr_line' id='line_1_2' title="bbox 234 324 1238 365; baseline -0.004 -8"><span class='ocrx_word' id='word_1_7' title='bbox 234 329 306 357; x_wconf 70' lang='lat' dir='ltr'>dem</span> <span class='ocrx_word' id='word_1_8' title='bbox 329 338 386 356; x_wconf 68' lang='grc' dir='ltr'>ιιι-ι·</span> <span class='ocrx_word' id='word_1_9' title='bbox 404 327 450 356; x_wconf 91' lang='lat' dir='ltr'>uti</span> <span class='ocrx_word' id='word_1_10' title='bbox 472 331 663 365; x_wconf 57' lang='lat' dir='ltr'>primoneret</span> <span class='ocrx_word' id='word_1_11' title='bbox 682 335 789 355; x_wconf 79' lang='lat' dir='ltr'>coram</span> <span class='ocrx_word' id='word_1_12' title='bbox 808 326 867 355; x_wconf 84' lang='lat' dir='ltr'>eis.</span> <span class='ocrx_word' id='word_1_13' title='bbox 887 326 1011 365; x_wconf 68' lang='lat' dir='ltr'>Adjccit</span> <span class='ocrx_word' id='word_1_14' title='bbox 1030 325 1166 363; x_wconf 82' lang='lat' dir='ltr'>iusuper</span> <span class='ocrx_word' id='word_1_15' title='bbox 1181 324 1238 353; x_wconf 86' lang='lat' dir='ltr'>de-</span> 
     </span>
     <span class='ocr_line' id='line_1_3' title="bbox 234 378 1239 417; baseline -0.002 -8"><span class='ocrx_word' id='word_1_16' title='bbox 234 390 336 409; x_wconf 79' lang='lat' dir='ltr'>canus</span> <span class='ocrx_word' id='word_1_17' title='bbox 366 379 449 408; x_wconf 67' lang='lat' dir='ltr'>idem</span> <span class='ocrx_word' id='word_1_18' title='bbox 476 379 561 417; x_wconf 79' lang='lat' dir='ltr'>quod</span> <span class='ocrx_word' id='word_1_19' title='bbox 587 379 666 407; x_wconf 82' lang='lat' dir='ltr'>duos</span> <span class='ocrx_word' id='word_1_20' title='bbox 686 378 834 417; x_wconf 80' lang='lat' dir='ltr'>judicum</span> <span class='ocrx_word' id='word_1_21' title='bbox 861 378 1006 416; x_wconf 86' lang='lat' dir='ltr'>ipsorum</span> <span class='ocrx_word' id='word_1_22' title='bbox 1032 378 1171 407; x_wconf 80' lang='lat' dir='ltr'>babebat</span> <span class='ocrx_word' id='word_1_23' title='bbox 1201 386 1239 407; x_wconf 80' lang='lat' dir='ltr'>ca</span> 
     </span>
     <span class='ocr_line' id='line_1_4' title="bbox 235 430 1239 469; baseline -0.003 -7"><span class='ocrx_word' id='word_1_24' title='bbox 235 434 360 462; x_wconf 78' lang='lat' dir='ltr'>1-;=.ti‹›11·=</span> <span class='ocrx_word' id='word_1_25' title='bbox 378 437 557 469; x_wconf 75' lang='lat' dir='ltr'>suspectos.</span> <span class='ocrx_word' id='word_1_26' title='bbox 572 431 668 469; x_wconf 80' lang='lat' dir='ltr'>quod.</span> <span class='ocrx_word' id='word_1_27' title='bbox 685 441 757 460; x_wconf 83' lang='lat' dir='ltr'>cum</span> <span class='ocrx_word' id='word_1_28' title='bbox 774 431 981 461; x_wconf 75' lang='lat' dir='ltr'>Parisieuses</span> <span class='ocrx_word' id='word_1_29' title='bbox 999 431 1141 461; x_wconf 84' lang='lat' dir='ltr'>scolares</span> <span class='ocrx_word' id='word_1_30' title='bbox 1157 430 1239 460; x_wconf 82' lang='lat' dir='ltr'>exis-</span> 
     </span>
     <span class='ocr_line' id='line_1_5' title="bbox 235 483 1238 522; baseline -0.002 -8"><span class='ocrx_word' id='word_1_31' title='bbox 235 491 350 515; x_wconf 54' lang='lat' dir='ltr'>terent.</span> <span class='ocrx_word' id='word_1_32' title='bbox 367 485 491 513; x_wconf 65' lang='lat' dir='ltr'>ratione</span> <span class='ocrx_word' id='word_1_33' title='bbox 503 484 747 521; x_wconf 80' lang='lat' dir='ltr'>jurisdictionis</span> <span class='ocrx_word' id='word_1_34' title='bbox 764 484 931 513; x_wconf 80' lang='lat' dir='ltr'>ordinarie</span> <span class='ocrx_word' id='word_1_35' title='bbox 948 493 1045 522; x_wconf 85' lang='lat' dir='ltr'>quam</span> <span class='ocrx_word' id='word_1_36' title='bbox 1062 483 1185 513; x_wconf 83' lang='lat' dir='ltr'>obtinet</span> <span class='ocrx_word' id='word_1_37' title='bbox 1205 483 1238 512; x_wconf 90' lang='lat' dir='ltr'>in</span> 
     </span>
     <span class='ocr_line' id='line_1_6' title="bbox 234 536 1239 575; baseline -0.002 -8"><span class='ocrx_word' id='word_1_38' title='bbox 234 538 369 567; x_wconf 56' lang='lat' dir='ltr'>eis-lem.</span> <span class='ocrx_word' id='word_1_39' title='bbox 385 537 522 575; x_wconf 65' lang='lat' dir='ltr'>subjecti</span> <span class='ocrx_word' id='word_1_40' title='bbox 537 541 626 565; x_wconf 69' lang='lat' dir='ltr'>eraut</span> <span class='ocrx_word' id='word_1_41' title='bbox 643 536 841 565; x_wconf 64' lang='lat' dir='ltr'>cauco-llario</span> <span class='ocrx_word' id='word_1_42' title='bbox 857 541 1052 566; x_wconf 71' lang='lat' dir='ltr'>memorato:</span> <span class='ocrx_word' id='word_1_43' title='bbox 1069 536 1152 565; x_wconf 85' lang='lat' dir='ltr'>alter</span> <span class='ocrx_word' id='word_1_44' title='bbox 1163 546 1239 575; x_wconf 88' lang='lat' dir='ltr'>quo-</span> 
     </span>
     <span class='ocr_line' id='line_1_7' title="bbox 234 589 1239 628; baseline -0.001 -8"><span class='ocrx_word' id='word_1_45' title='bbox 234 601 305 620; x_wconf 85' lang='lat' dir='ltr'>rum</span> <span class='ocrx_word' id='word_1_46' title='bbox 330 591 427 619; x_wconf 50' lang='lat' dir='ltr'>etiarn</span> <span class='ocrx_word' id='word_1_47' title='bbox 453 589 558 627; x_wconf 75' lang='lat' dir='ltr'>ipsius</span> <span class='ocrx_word' id='word_1_48' title='bbox 579 590 768 619; x_wconf 79' lang='lat' dir='ltr'>cancellarii</span> <span class='ocrx_word' id='word_1_49' title='bbox 791 590 928 619; x_wconf 75' lang='lat' dir='ltr'>scolaris</span> <span class='ocrx_word' id='word_1_50' title='bbox 945 590 1072 622; x_wconf 70' lang='lat' dir='ltr'>existit,</span> <span class='ocrx_word' id='word_1_51' title='bbox 1091 589 1239 628; x_wconf 82' lang='lat' dir='ltr'>reliquus</span> 
     </span>
     <span class='ocr_line' id='line_1_8' title="bbox 234 642 1238 680; baseline -0.001 -8"><span class='ocrx_word' id='word_1_52' title='bbox 234 653 321 672; x_wconf 71' lang='lat' dir='ltr'>vero.</span> <span class='ocrx_word' id='word_1_53' title='bbox 341 649 448 680; x_wconf 50' lang='lat' dir='ltr'>preter</span> <span class='ocrx_word' id='word_1_54' title='bbox 465 642 522 671; x_wconf 79' lang='lat' dir='ltr'>boc</span> <span class='ocrx_word' id='word_1_55' title='bbox 541 642 626 680; x_wconf 76' lang='lat' dir='ltr'>quod</span> <span class='ocrx_word' id='word_1_56' title='bbox 644 642 801 679; x_wconf 66' lang='lat' dir='ltr'>magistro</span> <span class='ocrx_word' id='word_1_57' title='bbox 820 643 854 672; x_wconf 76' lang='grc' dir='ltr'>Ι).</span> <span class='ocrx_word' id='word_1_58' title='bbox 873 642 911 671; x_wconf 68' lang='lat' dir='ltr'>tle</span> <span class='ocrx_word' id='word_1_59' title='bbox 929 643 1015 680; x_wconf 80' lang='lat' dir='ltr'>Papa</span> <span class='ocrx_word' id='word_1_60' title='bbox 1033 647 1079 671; x_wconf 80' lang='lat' dir='ltr'>cst</span> <span class='ocrx_word' id='word_1_61' title='bbox 1098 642 1178 671; x_wconf 78' lang='lat' dir='ltr'>adeo</span> <span class='ocrx_word' id='word_1_62' title='bbox 1196 642 1238 671; x_wconf 78' lang='lat' dir='ltr'>sa-</span> 
     </span>
     <span class='ocr_line' id='line_1_9' title="bbox 235 695 1240 733; baseline -0.002 -8"><span class='ocrx_word' id='word_1_63' title='bbox 235 696 427 725; x_wconf 67' lang='lat' dir='ltr'>miliaritab¹</span> <span class='ocrx_word' id='word_1_64' title='bbox 450 695 662 732; x_wconf 73' lang='lat' dir='ltr'>conjunctus.</span> <span class='ocrx_word' id='word_1_65' title='bbox 688 695 773 733; x_wconf 76' lang='lat' dir='ltr'>quo-l</span> <span class='ocrx_word' id='word_1_66' title='bbox 797 695 914 724; x_wconf 85' lang='lat' dir='ltr'>merito</span> <span class='ocrx_word' id='word_1_67' title='bbox 937 700 1043 733; x_wconf 79' lang='lat' dir='ltr'>posset</span> <span class='ocrx_word' id='word_1_68' title='bbox 1068 704 1140 724; x_wconf 84' lang='lat' dir='ltr'>csse</span> <span class='ocrx_word' id='word_1_69' title='bbox 1166 703 1240 723; x_wconf 87' lang='lat' dir='ltr'>sus-</span> 
     </span>
     <span class='ocr_line' id='line_1_10' title="bbox 234 747 1240 787; baseline -0.001 -10"><span class='ocrx_word' id='word_1_70' title='bbox 234 755 346 787; x_wconf 65' lang='lat' dir='ltr'>pectus</span> <span class='ocrx_word' id='word_1_71' title='bbox 369 749 492 776; x_wconf 48' lang='lat' dir='ltr'>vitlem.</span> <span class='ocrx_word' id='word_1_72' title='bbox 513 748 634 776; x_wconf 75' lang='lat' dir='ltr'>tinibus</span> <span class='ocrx_word' id='word_1_73' title='bbox 651 748 774 786; x_wconf 74' lang='lat' dir='ltr'>judicis</span> <span class='ocrx_word' id='word_1_74' title='bbox 793 757 855 776; x_wconf 76' lang='lat' dir='ltr'>nou</span> <span class='ocrx_word' id='word_1_75' title='bbox 874 752 1065 777; x_wconf 78' lang='lat' dir='ltr'>contentus.</span> <span class='ocrx_word' id='word_1_76' title='bbox 1084 747 1240 777; x_wconf 80' lang='lat' dir='ltr'>advocato</span> 
     </span>
     <span class='ocr_line' id='line_1_11' title="bbox 234 800 1240 840; baseline -0.002 -9"><span class='ocrx_word' id='word_1_77' title='bbox 234 802 339 840; x_wconf 80' lang='lat' dir='ltr'>ipsius</span> <span class='ocrx_word' id='word_1_78' title='bbox 365 801 512 830; x_wconf 61' lang='lat' dir='ltr'>‹lvwaui&#39;⁴</span> <span class='ocrx_word' id='word_1_79' title='bbox 534 801 571 829; x_wconf 70' lang='lat' dir='ltr'>«le</span> <span class='ocrx_word' id='word_1_80' title='bbox 596 810 670 839; x_wconf 81' lang='lat' dir='ltr'>quo.</span> <span class='ocrx_word' id='word_1_81' title='bbox 690 801 717 829; x_wconf 86' lang='lat' dir='ltr'>si</span> <span class='ocrx_word' id='word_1_82' title='bbox 741 810 803 829; x_wconf 78' lang='lat' dir='ltr'>non</span> <span class='ocrx_word' id='word_1_83' title='bbox 827 800 972 831; x_wconf 69' lang='lat' dir='ltr'>baberet,</span> <span class='ocrx_word' id='word_1_84' title='bbox 993 800 1163 838; x_wconf 72' lang='lat' dir='ltr'>providere.</span> <span class='ocrx_word' id='word_1_85' title='bbox 1184 800 1240 829; x_wconf 87' lang='lat' dir='ltr'>de-</span> 
     </span>
     <span class='ocr_line' id='line_1_12' title="bbox 235 853 1238 891; baseline -0.001 -8"><span class='ocrx_word' id='word_1_86' title='bbox 235 855 322 883; x_wconf 53' lang='lat' dir='ltr'>beret</span> <span class='ocrx_word' id='word_1_87' title='bbox 351 854 468 882; x_wconf 83' lang='lat' dir='ltr'>··i=l«·m.</span> <span class='ocrx_word' id='word_1_88' title='bbox 497 853 582 891; x_wconf 69' lang='lat' dir='ltr'>quod</span> <span class='ocrx_word' id='word_1_89' title='bbox 609 853 649 882; x_wconf 70' lang='lat' dir='ltr'>ei.</span> <span class='ocrx_word' id='word_1_90' title='bbox 679 863 752 882; x_wconf 83' lang='lat' dir='ltr'>cum</span> <span class='ocrx_word' id='word_1_91' title='bbox 781 858 909 891; x_wconf 78' lang='lat' dir='ltr'>tempus</span> <span class='ocrx_word' id='word_1_92' title='bbox 935 853 1080 887; x_wconf 63' lang='lat' dir='ltr'>adesset,</span> <span class='ocrx_word' id='word_1_93' title='bbox 1109 857 1238 882; x_wconf 84' lang='lat' dir='ltr'>noceret</span> 
     </span>
     <span class='ocr_line' id='line_1_13' title="bbox 234 905 1236 943; baseline -0.002 -8"><span class='ocrx_word' id='word_1_94' title='bbox 234 907 338 935; x_wconf 41' lang='lat' dir='ltr'>mollis</span> <span class='ocrx_word' id='word_1_95' title='bbox 354 906 507 933; x_wconf 65' lang='lat' dir='ltr'>omuibus</span> <span class='ocrx_word' id='word_1_96' title='bbox 523 905 643 943; x_wconf 71' lang='lat' dir='ltr'>quibus</span> <span class='ocrx_word' id='word_1_97' title='bbox 659 910 778 943; x_wconf 81' lang='lat' dir='ltr'>posset.</span> <span class='ocrx_word' id='word_1_98' title='bbox 793 910 838 934; x_wconf 76' lang='lat' dir='ltr'>est</span> <span class='ocrx_word' id='word_1_99' title='bbox 856 905 985 943; x_wconf 82' lang='lat' dir='ltr'>publice</span> <span class='ocrx_word' id='word_1_100' title='bbox 1000 905 1236 939; x_wconf 64' lang='lat' dir='ltr'>couuuiuatus:</span> 
     </span>
     <span class='ocr_line' id='line_1_14' title="bbox 234 957 1240 996; baseline -0.001 -9"><span class='ocrx_word' id='word_1_101' title='bbox 234 963 364 996; x_wconf 62' lang='lat' dir='ltr'>propter</span> <span class='ocrx_word' id='word_1_102' title='bbox 387 958 472 996; x_wconf 77' lang='lat' dir='ltr'>quod</span> <span class='ocrx_word' id='word_1_103' title='bbox 496 957 564 995; x_wconf 76' lang='lat' dir='ltr'>ipse</span> <span class='ocrx_word' id='word_1_104' title='bbox 589 957 744 988; x_wconf 74' lang='lat' dir='ltr'>decanus.</span> <span class='ocrx_word' id='word_1_105' title='bbox 765 957 915 996; x_wconf 85' lang='lat' dir='ltr'>judicum</span> <span class='ocrx_word' id='word_1_106' title='bbox 941 957 1141 992; x_wconf 77' lang='lat' dir='ltr'>eoruuulem,</span> <span class='ocrx_word' id='word_1_107' title='bbox 1167 961 1240 986; x_wconf 87' lang='lat' dir='ltr'>tan-</span> 
     </span>
     <span class='ocr_line' id='line_1_15' title="bbox 233 1009 1240 1049; baseline -0.001 -10"><span class='ocrx_word' id='word_1_108' title='bbox 233 1020 330 1049; x_wconf 76' lang='lat' dir='ltr'>quam</span> <span class='ocrx_word' id='word_1_109' title='bbox 351 1010 414 1038; x_wconf 68' lang='lat' dir='ltr'>sibi</span> <span class='ocrx_word' id='word_1_110' title='bbox 436 1010 552 1038; x_wconf 74' lang='lat' dir='ltr'>merito</span> <span class='ocrx_word' id='word_1_111' title='bbox 569 1014 808 1047; x_wconf 72' lang='lat' dir='ltr'>suspectorum.</span> <span class='ocrx_word' id='word_1_112' title='bbox 828 1019 964 1039; x_wconf 75' lang='lat' dir='ltr'>examen</span> <span class='ocrx_word' id='word_1_113' title='bbox 984 1010 1120 1047; x_wconf 85' lang='lat' dir='ltr'>cupiens</span> <span class='ocrx_word' id='word_1_114' title='bbox 1138 1009 1240 1039; x_wconf 85' lang='lat' dir='ltr'>decli—</span> 
     </span>
     <span class='ocr_line' id='line_1_16' title="bbox 234 1062 1240 1101; baseline -0.001 -9"><span class='ocrx_word' id='word_1_115' title='bbox 234 1074 323 1092; x_wconf 62' lang='lat' dir='ltr'>uare.</span> <span class='ocrx_word' id='word_1_116' title='bbox 345 1063 485 1091; x_wconf 83' lang='lat' dir='ltr'>arbitros</span> <span class='ocrx_word' id='word_1_117' title='bbox 509 1072 618 1091; x_wconf 87' lang='lat' dir='ltr'>coram</span> <span class='ocrx_word' id='word_1_118' title='bbox 642 1062 762 1100; x_wconf 85' lang='lat' dir='ltr'>quibus</span> <span class='ocrx_word' id='word_1_119' title='bbox 786 1062 1006 1092; x_wconf 63' lang='lat' dir='ltr'>recusationis</span> <span class='ocrx_word' id='word_1_120' title='bbox 1030 1072 1146 1092; x_wconf 85' lang='lat' dir='ltr'>causas</span> <span class='ocrx_word' id='word_1_121' title='bbox 1165 1072 1240 1101; x_wconf 89' lang='lat' dir='ltr'>pro-</span> 
     </span>
     <span class='ocr_line' id='line_1_17' title="bbox 235 1115 1239 1154; baseline -0.001 -9"><span class='ocrx_word' id='word_1_122' title='bbox 235 1117 310 1145; x_wconf 77' lang='lat' dir='ltr'>bare</span> <span class='ocrx_word' id='word_1_123' title='bbox 328 1116 462 1145; x_wconf 67' lang='lat' dir='ltr'>valeret.</span> <span class='ocrx_word' id='word_1_124' title='bbox 482 1115 521 1144; x_wconf 85' lang='lat' dir='ltr'>ab</span> <span class='ocrx_word' id='word_1_125' title='bbox 538 1115 585 1144; x_wconf 82' lang='lat' dir='ltr'>eis</span> <span class='ocrx_word' id='word_1_126' title='bbox 603 1115 695 1153; x_wconf 85' lang='lat' dir='ltr'>petiit</span> <span class='ocrx_word' id='word_1_127' title='bbox 713 1115 777 1144; x_wconf 80' lang='lat' dir='ltr'>sibi</span> <span class='ocrx_word' id='word_1_128' title='bbox 793 1115 881 1145; x_wconf 84' lang='lat' dir='ltr'>dari:</span> <span class='ocrx_word' id='word_1_129' title='bbox 901 1124 982 1154; x_wconf 84' lang='lat' dir='ltr'>quos</span> <span class='ocrx_word' id='word_1_130' title='bbox 999 1115 1077 1154; x_wconf 89' lang='lat' dir='ltr'>quia</span> <span class='ocrx_word' id='word_1_131' title='bbox 1091 1115 1191 1145; x_wconf 83' lang='lat' dir='ltr'>iidem</span> <span class='ocrx_word' id='word_1_132' title='bbox 1209 1115 1239 1145; x_wconf 87' lang='lat' dir='ltr'>ei</span> 
     </span>
     <span class='ocr_line' id='line_1_18' title="bbox 232 1168 1237 1206; baseline -0.001 -8"><span class='ocrx_word' id='word_1_133' title='bbox 232 1169 410 1199; x_wconf 71' lang='lat' dir='ltr'>concedere</span> <span class='ocrx_word' id='word_1_134' title='bbox 429 1168 616 1198; x_wconf 56' lang='lat' dir='ltr'>n‹*›lueruut.</span> <span class='ocrx_word' id='word_1_135' title='bbox 635 1168 716 1205; x_wconf 84' lang='lat' dir='ltr'>ipsc.</span> <span class='ocrx_word' id='word_1_136' title='bbox 738 1177 772 1197; x_wconf 86' lang='lat' dir='ltr'>se</span> <span class='ocrx_word' id='word_1_137' title='bbox 789 1168 938 1197; x_wconf 77' lang='lat' dir='ltr'>sentiens</span> <span class='ocrx_word' id='word_1_138' title='bbox 955 1168 1078 1206; x_wconf 83' lang='lat' dir='ltr'>injuste</span> <span class='ocrx_word' id='word_1_139' title='bbox 1095 1168 1237 1205; x_wconf 74' lang='lat' dir='ltr'>gravari,</span> 
     </span>
     <span class='ocr_line' id='line_1_19' title="bbox 233 1220 1240 1259; baseline -0.001 -8"><span class='ocrx_word' id='word_1_140' title='bbox 233 1227 377 1252; x_wconf 78' lang='lat' dir='ltr'>nostram</span> <span class='ocrx_word' id='word_1_141' title='bbox 399 1221 601 1250; x_wconf 75' lang='lat' dir='ltr'>audientiam</span> <span class='ocrx_word' id='word_1_142' title='bbox 620 1220 808 1258; x_wconf 73' lang='lat' dir='ltr'>appellarit.</span> <span class='ocrx_word' id='word_1_143' title='bbox 827 1221 891 1250; x_wconf 76' lang='lat' dir='ltr'>Sed</span> <span class='ocrx_word' id='word_1_144' title='bbox 906 1221 984 1249; x_wconf 85' lang='lat' dir='ltr'>dicti</span> <span class='ocrx_word' id='word_1_145' title='bbox 998 1221 1138 1259; x_wconf 73' lang='lat' dir='ltr'>judices,</span> <span class='ocrx_word' id='word_1_146' title='bbox 1156 1220 1240 1259; x_wconf 68' lang='lat' dir='ltr'>legi-</span> 
     </span>
     <span class='ocr_line' id='line_1_20' title="bbox 233 1273 1240 1313; baseline 0 -9"><span class='ocrx_word' id='word_1_147' title='bbox 233 1276 310 1305; x_wconf 84' lang='lat' dir='ltr'>tima</span> <span class='ocrx_word' id='word_1_148' title='bbox 337 1275 407 1313; x_wconf 66' lang='lat' dir='ltr'>ejus</span> <span class='ocrx_word' id='word_1_149' title='bbox 432 1274 650 1312; x_wconf 83' lang='lat' dir='ltr'>appellatione</span> <span class='ocrx_word' id='word_1_150' title='bbox 671 1278 868 1312; x_wconf 58' lang='lat' dir='ltr'>c‹‘›ntempta.</span> <span class='ocrx_word' id='word_1_151' title='bbox 890 1273 922 1303; x_wconf 93' lang='lat' dir='ltr'>in</span> <span class='ocrx_word' id='word_1_152' title='bbox 944 1273 1064 1312; x_wconf 72' lang='lat' dir='ltr'>ipsum,</span> <span class='ocrx_word' id='word_1_153' title='bbox 1084 1279 1153 1312; x_wconf 91' lang='lat' dir='ltr'>post</span> <span class='ocrx_word' id='word_1_154' title='bbox 1177 1274 1240 1304; x_wconf 84' lang='lat' dir='ltr'>iter</span> 
     </span>
     <span class='ocr_line' id='line_1_21' title="bbox 233 1326 1239 1366; baseline 0 -10"><span class='ocrx_word' id='word_1_155' title='bbox 233 1333 397 1365; x_wconf 66' lang='lat' dir='ltr'>arreptum</span> <span class='ocrx_word' id='word_1_156' title='bbox 421 1327 460 1356; x_wconf 84' lang='lat' dir='ltr'>ad</span> <span class='ocrx_word' id='word_1_157' title='bbox 484 1327 600 1355; x_wconf 76' lang='lat' dir='ltr'>Sedent</span> <span class='ocrx_word' id='word_1_158' title='bbox 625 1326 846 1365; x_wconf 74' lang='lat' dir='ltr'>Apostolicam</span> <span class='ocrx_word' id='word_1_159' title='bbox 869 1327 1036 1359; x_wconf 71' lang='lat' dir='ltr'>veniendi,</span> <span class='ocrx_word' id='word_1_160' title='bbox 1058 1331 1154 1366; x_wconf 89' lang='lat' dir='ltr'>prout</span> <span class='ocrx_word' id='word_1_161' title='bbox 1177 1327 1239 1356; x_wconf 89' lang='lat' dir='ltr'>suit</span> 
     </span>
     <span class='ocr_line' id='line_1_22' title="bbox 232 1379 1239 1417; baseline 0.001 -8"><span class='ocrx_word' id='word_1_162' title='bbox 232 1380 456 1417; x_wconf 64' lang='lat' dir='ltr'>sig-&#39;niticatum</span> <span class='ocrx_word' id='word_1_163' title='bbox 474 1380 592 1409; x_wconf 70' lang='lat' dir='ltr'>eidem.</span> <span class='ocrx_word' id='word_1_164' title='bbox 611 1379 842 1417; x_wconf 78' lang='lat' dir='ltr'>suspensionis</span> <span class='ocrx_word' id='word_1_165' title='bbox 856 1380 1055 1409; x_wconf 82' lang='lat' dir='ltr'>senteutiam</span> <span class='ocrx_word' id='word_1_166' title='bbox 1074 1379 1113 1409; x_wconf 86' lang='lat' dir='ltr'>ab</span> <span class='ocrx_word' id='word_1_167' title='bbox 1131 1380 1239 1410; x_wconf 83' lang='lat' dir='ltr'>officio</span> 
     </span>
     <span class='ocr_line' id='line_1_23' title="bbox 233 1432 1239 1471; baseline 0.002 -10"><span class='ocrx_word' id='word_1_168' title='bbox 233 1438 262 1462; x_wconf 74' lang='lat' dir='ltr'>et</span> <span class='ocrx_word' id='word_1_169' title='bbox 287 1432 447 1461; x_wconf 60' lang='lat' dir='ltr'>I‘wl‘ltfllt‘iss</span> <span class='ocrx_word' id='word_1_170' title='bbox 472 1432 691 1470; x_wconf 77' lang='lat' dir='ltr'>protulerunt.</span> <span class='ocrx_word' id='word_1_171' title='bbox 717 1433 825 1468; x_wconf 82' lang='lat' dir='ltr'>Quare</span> <span class='ocrx_word' id='word_1_172' title='bbox 850 1441 866 1461; x_wconf 92' lang='lat' dir='ltr'>a</span> <span class='ocrx_word' id='word_1_173' title='bbox 891 1432 986 1461; x_wconf 90' lang='lat' dir='ltr'>nobis</span> <span class='ocrx_word' id='word_1_174' title='bbox 1005 1432 1149 1462; x_wconf 81' lang='lat' dir='ltr'>decanus</span> <span class='ocrx_word' id='word_1_175' title='bbox 1169 1433 1239 1471; x_wconf 86' lang='lat' dir='ltr'>ipse</span> 
     </span>
     <span class='ocr_line' id='line_1_24' title="bbox 232 1484 1240 1523; baseline 0 -9"><span class='ocrx_word' id='word_1_176' title='bbox 232 1484 405 1514; x_wconf 84' lang='lat' dir='ltr'>humiliter</span> <span class='ocrx_word' id='word_1_177' title='bbox 424 1484 626 1522; x_wconf 84' lang='lat' dir='ltr'>postulabat.</span> <span class='ocrx_word' id='word_1_178' title='bbox 646 1489 698 1519; x_wconf 87' lang='lat' dir='ltr'>ut,</span> <span class='ocrx_word' id='word_1_179' title='bbox 717 1494 789 1513; x_wconf 90' lang='lat' dir='ltr'>cum</span> <span class='ocrx_word' id='word_1_180' title='bbox 810 1484 949 1523; x_wconf 84' lang='lat' dir='ltr'>equitati</span> <span class='ocrx_word' id='word_1_181' title='bbox 966 1485 1168 1514; x_wconf 86' lang='lat' dir='ltr'>contrarium</span> <span class='ocrx_word' id='word_1_182' title='bbox 1190 1485 1240 1514; x_wconf 85' lang='lat' dir='ltr'>vi-</span> 
     </span>
     <span class='ocr_line' id='line_1_25' title="bbox 233 1537 1240 1575; baseline 0.002 -10"><span class='ocrx_word' id='word_1_183' title='bbox 233 1538 350 1567; x_wconf 80' lang='lat' dir='ltr'>deatur</span> <span class='ocrx_word' id='word_1_184' title='bbox 368 1537 455 1575; x_wconf 83' lang='lat' dir='ltr'>quod</span> <span class='ocrx_word' id='word_1_185' title='bbox 473 1537 575 1572; x_wconf 84' lang='lat' dir='ltr'>idem,</span> <span class='ocrx_word' id='word_1_186' title='bbox 595 1537 667 1575; x_wconf 83' lang='lat' dir='ltr'>qui.</span> <span class='ocrx_word' id='word_1_187' title='bbox 686 1537 813 1567; x_wconf 84' lang='lat' dir='ltr'>ratione</span> <span class='ocrx_word' id='word_1_188' title='bbox 832 1537 932 1566; x_wconf 82' lang='lat' dir='ltr'>officii</span> <span class='ocrx_word' id='word_1_189' title='bbox 951 1537 1014 1572; x_wconf 87' lang='lat' dir='ltr'>sui,</span> <span class='ocrx_word' id='word_1_190' title='bbox 1035 1537 1074 1567; x_wconf 87' lang='lat' dir='ltr'>ad</span> <span class='ocrx_word' id='word_1_191' title='bbox 1090 1538 1240 1568; x_wconf 83' lang='lat' dir='ltr'>residen-</span> 
     </span>
     <span class='ocr_line' id='line_1_26' title="bbox 234 1589 1241 1629; baseline 0.001 -10"><span class='ocrx_word' id='word_1_192' title='bbox 234 1591 312 1619; x_wconf 86' lang='lat' dir='ltr'>tiam</span> <span class='ocrx_word' id='word_1_193' title='bbox 336 1590 368 1618; x_wconf 91' lang='lat' dir='ltr'>in</span> <span class='ocrx_word' id='word_1_194' title='bbox 388 1589 568 1628; x_wconf 72' lang='lat' dir='ltr'>parochiali</span> <span class='ocrx_word' id='word_1_195' title='bbox 587 1589 726 1619; x_wconf 83' lang='lat' dir='ltr'>ecclesia</span> <span class='ocrx_word' id='word_1_196' title='bbox 744 1590 929 1619; x_wconf 81' lang='lat' dir='ltr'>faciendam</span> <span class='ocrx_word' id='word_1_197' title='bbox 943 1590 1132 1629; x_wconf 88' lang='lat' dir='ltr'>juramento</span> <span class='ocrx_word' id='word_1_198' title='bbox 1149 1594 1241 1620; x_wconf 91' lang='lat' dir='ltr'>tene-</span> 
     </span>
     <span class='ocr_line' id='line_1_27' title="bbox 235 1642 1241 1681; baseline 0.002 -10"><span class='ocrx_word' id='word_1_199' title='bbox 235 1647 296 1677; x_wconf 85' lang='lat' dir='ltr'>tur,</span> <span class='ocrx_word' id='word_1_200' title='bbox 314 1642 353 1671; x_wconf 81' lang='lat' dir='ltr'>ad</span> <span class='ocrx_word' id='word_1_201' title='bbox 370 1642 456 1680; x_wconf 74' lang='lat' dir='ltr'>qued</span> <span class='ocrx_word' id='word_1_202' title='bbox 473 1642 624 1671; x_wconf 84' lang='lat' dir='ltr'>canonici</span> <span class='ocrx_word' id='word_1_203' title='bbox 641 1642 786 1680; x_wconf 84' lang='lat' dir='ltr'>ejusdem</span> <span class='ocrx_word' id='word_1_204' title='bbox 805 1642 943 1671; x_wconf 84' lang='lat' dir='ltr'>ecclesie</span> <span class='ocrx_word' id='word_1_205' title='bbox 961 1652 1144 1681; x_wconf 86' lang='lat' dir='ltr'>nouusque</span> <span class='ocrx_word' id='word_1_206' title='bbox 1161 1643 1241 1673; x_wconf 83' lang='lat' dir='ltr'>adeo</span> 
     </span>
     <span class='ocr_line' id='line_1_28' title="bbox 233 1695 1240 1735; baseline 0.001 -11"><span class='ocrx_word' id='word_1_207' title='bbox 233 1700 309 1724; x_wconf 85' lang='lat' dir='ltr'>sunt</span> <span class='ocrx_word' id='word_1_208' title='bbox 337 1695 476 1724; x_wconf 78' lang='lat' dir='ltr'>astricti.</span> <span class='ocrx_word' id='word_1_209' title='bbox 500 1695 652 1724; x_wconf 75' lang='lat' dir='ltr'>domibus</span> <span class='ocrx_word' id='word_1_210' title='bbox 673 1699 793 1725; x_wconf 82' lang='lat' dir='ltr'>careat.</span> <span class='ocrx_word' id='word_1_211' title='bbox 818 1695 887 1727; x_wconf 75' lang='lat' dir='ltr'>scre</span> <span class='ocrx_word' id='word_1_212' title='bbox 909 1695 1063 1725; x_wconf 85' lang='lat' dir='ltr'>omnibus</span> <span class='ocrx_word' id='word_1_213' title='bbox 1085 1695 1160 1725; x_wconf 89' lang='lat' dir='ltr'>aliis</span> <span class='ocrx_word' id='word_1_214' title='bbox 1184 1706 1240 1735; x_wconf 92' lang='lat' dir='ltr'>pro</span> 
     </span>
     <span class='ocr_line' id='line_1_29' title="bbox 233 1747 1239 1786; baseline 0.002 -10"><span class='ocrx_word' id='word_1_215' title='bbox 233 1747 348 1786; x_wconf 90' lang='lat' dir='ltr'>majori</span> <span class='ocrx_word' id='word_1_216' title='bbox 363 1752 453 1785; x_wconf 76' lang='lat' dir='ltr'>parte</span> <span class='ocrx_word' id='word_1_217' title='bbox 466 1747 498 1775; x_wconf 92' lang='lat' dir='ltr'>in</span> <span class='ocrx_word' id='word_1_218' title='bbox 515 1747 658 1776; x_wconf 84' lang='lat' dir='ltr'>claustro</span> <span class='ocrx_word' id='word_1_219' title='bbox 673 1747 785 1776; x_wconf 79' lang='lat' dir='ltr'>domos</span> <span class='ocrx_word' id='word_1_220' title='bbox 802 1747 1030 1777; x_wconf 70' lang='lat' dir='ltr'>obtinentibus</span> <span class='ocrx_word' id='word_1_221' title='bbox 1048 1753 1239 1783; x_wconf 72' lang='lat' dir='ltr'>memorato,</span> 
     </span>
     <span class='ocr_line' id='line_1_30' title="bbox 233 1799 1242 1839; baseline 0.002 -11"><span class='ocrx_word' id='word_1_222' title='bbox 233 1800 405 1838; x_wconf 73' lang='lat' dir='ltr'>providere</span> <span class='ocrx_word' id='word_1_223' title='bbox 427 1799 491 1829; x_wconf 79' lang='lat' dir='ltr'>sibi</span> <span class='ocrx_word' id='word_1_224' title='bbox 513 1810 611 1837; x_wconf 81' lang='lat' dir='ltr'>super</span> <span class='ocrx_word' id='word_1_225' title='bbox 630 1799 689 1829; x_wconf 87' lang='lat' dir='ltr'>hoc</span> <span class='ocrx_word' id='word_1_226' title='bbox 711 1800 748 1829; x_wconf 85' lang='lat' dir='ltr'>de</span> <span class='ocrx_word' id='word_1_227' title='bbox 768 1800 972 1837; x_wconf 68' lang='lat' dir='ltr'>benignitate</span> <span class='ocrx_word' id='word_1_228' title='bbox 991 1800 1085 1830; x_wconf 82' lang='lat' dir='ltr'>Sedis</span> <span class='ocrx_word' id='word_1_229' title='bbox 1101 1801 1242 1839; x_wconf 76' lang='lat' dir='ltr'>Aposto-</span> 
     </span>
     <span class='ocr_line' id='line_1_31' title="bbox 233 1853 1242 1890; baseline 0.001 -8"><span class='ocrx_word' id='word_1_230' title='bbox 233 1853 295 1882; x_wconf 72' lang='lat' dir='ltr'>liee</span> <span class='ocrx_word' id='word_1_231' title='bbox 324 1853 549 1887; x_wconf 56' lang='lat' dir='ltr'>alienaremur.</span> <span class='ocrx_word' id='word_1_232' title='bbox 578 1853 645 1882; x_wconf 76' lang='lat' dir='ltr'>Nos</span> <span class='ocrx_word' id='word_1_233' title='bbox 675 1853 793 1890; x_wconf 76' lang='lat' dir='ltr'>igitur,</span> <span class='ocrx_word' id='word_1_234' title='bbox 821 1853 907 1882; x_wconf 85' lang='lat' dir='ltr'>sicut</span> <span class='ocrx_word' id='word_1_235' title='bbox 934 1853 1103 1889; x_wconf 78' lang='lat' dir='ltr'>convenit,</span> <span class='ocrx_word' id='word_1_236' title='bbox 1134 1857 1242 1884; x_wconf 86' lang='lat' dir='ltr'>atten-</span> 
     </span>
     <span class='ocr_line' id='line_1_32' title="bbox 233 1905 1243 1943; baseline 0.004 -11"><span class='ocrx_word' id='word_1_237' title='bbox 233 1905 347 1934; x_wconf 64' lang='lat' dir='ltr'>dentes</span> <span class='ocrx_word' id='word_1_238' title='bbox 371 1905 457 1943; x_wconf 74' lang='lat' dir='ltr'>quod</span> <span class='ocrx_word' id='word_1_239' title='bbox 482 1905 609 1943; x_wconf 87' lang='lat' dir='ltr'>pondus</span> <span class='ocrx_word' id='word_1_240' title='bbox 634 1910 663 1935; x_wconf 85' lang='lat' dir='ltr'>et</span> <span class='ocrx_word' id='word_1_241' title='bbox 687 1905 826 1943; x_wconf 82' lang='lat' dir='ltr'>pondus,</span> <span class='ocrx_word' id='word_1_242' title='bbox 851 1915 1007 1935; x_wconf 88' lang='lat' dir='ltr'>mensura</span> <span class='ocrx_word' id='word_1_243' title='bbox 1031 1910 1061 1936; x_wconf 87' lang='lat' dir='ltr'>et</span> <span class='ocrx_word' id='word_1_244' title='bbox 1085 1915 1243 1937; x_wconf 84' lang='lat' dir='ltr'>mensura</span> 
     </span>
     <span class='ocr_line' id='line_1_33' title="bbox 233 1954 1241 1995; baseline 0.002 -9"><span class='ocrx_word' id='word_1_245' title='bbox 233 1962 410 1995; x_wconf 73' lang='lat' dir='ltr'>utrumquo-</span> <span class='ocrx_word' id='word_1_246' title='bbox 435 1957 476 1986; x_wconf 75' lang='lat' dir='ltr'>sit</span> <span class='ocrx_word' id='word_1_247' title='bbox 503 1957 750 1987; x_wconf 77' lang='lat' dir='ltr'>abhominabile</span> <span class='ocrx_word' id='word_1_248' title='bbox 768 1957 852 1995; x_wconf 86' lang='lat' dir='ltr'>apud</span> <span class='ocrx_word' id='word_1_249' title='bbox 874 1959 978 1987; x_wconf 86' lang='lat' dir='ltr'>Deum</span> <span class='ocrx_word' id='word_1_250' title='bbox 991 1954 1014 1993; x_wconf 80' lang='lat'>²,</span> <span class='ocrx_word' id='word_1_251' title='bbox 1039 1967 1098 1988; x_wconf 89' lang='lat' dir='ltr'>nec</span> <span class='ocrx_word' id='word_1_252' title='bbox 1124 1968 1189 1988; x_wconf 91' lang='lat' dir='ltr'>non</span> <span class='ocrx_word' id='word_1_253' title='bbox 1211 1963 1241 1989; x_wconf 89' lang='lat' dir='ltr'>et</span> 
     </span>
     <span class='ocr_line' id='line_1_34' title="bbox 233 2010 1242 2049; baseline 0.003 -10"><span class='ocrx_word' id='word_1_254' title='bbox 233 2011 389 2049; x_wconf 85' lang='lat' dir='ltr'>quoniam</span> <span class='ocrx_word' id='word_1_255' title='bbox 412 2010 556 2039; x_wconf 77' lang='lat' dir='ltr'>decanus</span> <span class='ocrx_word' id='word_1_256' title='bbox 577 2011 742 2049; x_wconf 74' lang='lat' dir='ltr'>prefatus,</span> <span class='ocrx_word' id='word_1_257' title='bbox 763 2020 879 2041; x_wconf 87' lang='lat' dir='ltr'>carens</span> <span class='ocrx_word' id='word_1_258' title='bbox 898 2011 1067 2047; x_wconf 77' lang='lat' dir='ltr'>domibus,</span> <span class='ocrx_word' id='word_1_259' title='bbox 1086 2011 1119 2041; x_wconf 90' lang='lat' dir='ltr'>in</span> <span class='ocrx_word' id='word_1_260' title='bbox 1137 2011 1242 2042; x_wconf 87' lang='lat' dir='ltr'>eccle-</span> 
     </span>
     <span class='ocr_line' id='line_1_35' title="bbox 234 2063 1242 2101; baseline 0.002 -9"><span class='ocrx_word' id='word_1_261' title='bbox 234 2063 299 2093; x_wconf 82' lang='lat' dir='ltr'>sia.</span> <span class='ocrx_word' id='word_1_262' title='bbox 319 2067 412 2101; x_wconf 85' lang='lat' dir='ltr'>prout</span> <span class='ocrx_word' id='word_1_263' title='bbox 431 2063 470 2092; x_wconf 87' lang='lat' dir='ltr'>ad</span> <span class='ocrx_word' id='word_1_264' title='bbox 486 2063 630 2092; x_wconf 79' lang='lat' dir='ltr'>officium</span> <span class='ocrx_word' id='word_1_265' title='bbox 648 2072 744 2092; x_wconf 91' lang='lat' dir='ltr'>suum</span> <span class='ocrx_word' id='word_1_266' title='bbox 762 2063 921 2101; x_wconf 89' lang='lat' dir='ltr'>pertinet,</span> <span class='ocrx_word' id='word_1_267' title='bbox 940 2063 1086 2093; x_wconf 87' lang='lat' dir='ltr'>residere</span> <span class='ocrx_word' id='word_1_268' title='bbox 1103 2073 1168 2093; x_wconf 92' lang='lat' dir='ltr'>non</span> <span class='ocrx_word' id='word_1_269' title='bbox 1186 2073 1242 2094; x_wconf 84' lang='lat' dir='ltr'>va-</span> 
     </span>
     <span class='ocr_line' id='line_1_36' title="bbox 233 2115 1242 2154; baseline 0.002 -9"><span class='ocrx_word' id='word_1_270' title='bbox 233 2116 297 2145; x_wconf 87' lang='lat' dir='ltr'>leat</span> <span class='ocrx_word' id='word_1_271' title='bbox 315 2116 479 2154; x_wconf 71' lang='lat' dir='ltr'>sepedicta</span> <span class='ocrx_word' id='word_1_272' title='bbox 497 2126 502 2144; x_wconf 76' lang='lat'>1</span> <span class='ocrx_word' id='word_1_273' title='bbox 521 2115 638 2151; x_wconf 87' lang='lat' dir='ltr'>eidem,</span> <span class='ocrx_word' id='word_1_274' title='bbox 657 2115 803 2145; x_wconf 80' lang='lat' dir='ltr'>relaxata</span> <span class='ocrx_word' id='word_1_275' title='bbox 819 2116 905 2145; x_wconf 87' lang='lat' dir='ltr'>dicta</span> <span class='ocrx_word' id='word_1_276' title='bbox 921 2117 1151 2154; x_wconf 74' lang='lat' dir='ltr'>suspensionis</span> <span class='ocrx_word' id='word_1_277' title='bbox 1170 2126 1242 2147; x_wconf 91' lang='lat' dir='ltr'>sen-</span> 
     </span>
     <span class='ocr_line' id='line_1_37' title="bbox 234 2168 1242 2207; baseline 0.003 -10"><span class='ocrx_word' id='word_1_278' title='bbox 234 2169 335 2198; x_wconf 87' lang='lat' dir='ltr'>tentia</span> <span class='ocrx_word' id='word_1_279' title='bbox 348 2168 385 2197; x_wconf 83' lang='lat' dir='ltr'>ad</span> <span class='ocrx_word' id='word_1_280' title='bbox 399 2168 573 2197; x_wconf 81' lang='lat' dir='ltr'>cautelam.</span> <span class='ocrx_word' id='word_1_281' title='bbox 586 2168 765 2206; x_wconf 90' lang='lat' dir='ltr'>premissas</span> <span class='ocrx_word' id='word_1_282' title='bbox 777 2168 901 2203; x_wconf 73' lang='lat' dir='ltr'>domos,</span> <span class='ocrx_word' id='word_1_283' title='bbox 912 2173 1079 2199; x_wconf 83' lang='lat' dir='ltr'>reservata</span> <span class='ocrx_word' id='word_1_284' title='bbox 1091 2169 1242 2207; x_wconf 86' lang='lat' dir='ltr'>partibus</span> 
     </span>
     <span class='ocr_line' id='line_1_38' title="bbox 234 2221 1242 2260; baseline 0.003 -11"><span class='ocrx_word' id='word_1_285' title='bbox 234 2221 486 2251; x_wconf 63' lang='lat' dir='ltr'>consuetudinis</span> <span class='ocrx_word' id='word_1_286' title='bbox 512 2221 702 2259; x_wconf 84' lang='lat' dir='ltr'>questione,</span> <span class='ocrx_word' id='word_1_287' title='bbox 727 2221 952 2250; x_wconf 72' lang='lat' dir='ltr'>concessimus</span> <span class='ocrx_word' id='word_1_288' title='bbox 976 2221 1014 2251; x_wconf 91' lang='lat' dir='ltr'>de</span> <span class='ocrx_word' id='word_1_289' title='bbox 1038 2221 1144 2259; x_wconf 75' lang='lat' dir='ltr'>gratia</span> <span class='ocrx_word' id='word_1_290' title='bbox 1168 2231 1242 2260; x_wconf 88' lang='lat' dir='ltr'>spe-</span> 
     </span>
     <span class='ocr_line' id='line_1_39' title="bbox 234 2273 1242 2312; baseline 0 -9"><span class='ocrx_word' id='word_1_291' title='bbox 234 2274 329 2309; x_wconf 67' lang='lat' dir='ltr'>ciali,</span> <span class='ocrx_word' id='word_1_292' title='bbox 356 2274 549 2303; x_wconf 65' lang='lat' dir='ltr'>discretioni</span> <span class='ocrx_word' id='word_1_293' title='bbox 577 2278 684 2303; x_wconf 75' lang='lat' dir='ltr'>vestre</span> <span class='ocrx_word' id='word_1_294' title='bbox 714 2283 772 2311; x_wconf 88' lang='lat' dir='ltr'>per</span> <span class='ocrx_word' id='word_1_295' title='bbox 796 2273 973 2312; x_wconf 83' lang='lat' dir='ltr'>apostolica</span> <span class='ocrx_word' id='word_1_296' title='bbox 1000 2273 1123 2312; x_wconf 84' lang='lat' dir='ltr'>scripta</span> <span class='ocrx_word' id='word_1_297' title='bbox 1148 2283 1242 2303; x_wconf 86' lang='lat' dir='ltr'>man-</span> 
     </span>
     <span class='ocr_line' id='line_1_40' title="bbox 235 2325 1239 2365; baseline 0.001 -10"><span class='ocrx_word' id='word_1_298' title='bbox 235 2327 349 2355; x_wconf 81' lang='lat' dir='ltr'>dantes</span> <span class='ocrx_word' id='word_1_299' title='bbox 373 2331 537 2365; x_wconf 81' lang='lat' dir='ltr'>quatenus</span> <span class='ocrx_word' id='word_1_300' title='bbox 561 2325 712 2355; x_wconf 83' lang='lat' dir='ltr'>eumdem</span> <span class='ocrx_word' id='word_1_301' title='bbox 735 2326 906 2355; x_wconf 89' lang='lat' dir='ltr'>domorum</span> <span class='ocrx_word' id='word_1_302' title='bbox 928 2325 1076 2364; x_wconf 87' lang='lat' dir='ltr'>ipsarum</span> <span class='ocrx_word' id='word_1_303' title='bbox 1098 2326 1239 2362; x_wconf 79' lang='lat' dir='ltr'>faciatis,</span> 
     </span>
     <span class='ocr_line' id='line_1_41' title="bbox 235 2377 1241 2416; baseline 0 -8"><span class='ocrx_word' id='word_1_304' title='bbox 235 2379 430 2408; x_wconf 85' lang='lat' dir='ltr'>auctoritate</span> <span class='ocrx_word' id='word_1_305' title='bbox 448 2383 570 2413; x_wconf 67' lang='lat' dir='ltr'>nostra,</span> <span class='ocrx_word' id='word_1_306' title='bbox 589 2377 718 2407; x_wconf 86' lang='lat' dir='ltr'>sublato</span> <span class='ocrx_word' id='word_1_307' title='bbox 737 2377 914 2416; x_wconf 85' lang='lat' dir='ltr'>cujuslibet</span> <span class='ocrx_word' id='word_1_308' title='bbox 933 2378 1165 2416; x_wconf 67' lang='lat' dir='ltr'>appellationis</span> <span class='ocrx_word' id='word_1_309' title='bbox 1184 2379 1241 2409; x_wconf 88' lang='lat' dir='ltr'>ob-</span> 
     </span>
     <span class='ocr_line' id='line_1_42' title="bbox 235 2430 1240 2469; baseline 0.001 -8"><span class='ocrx_word' id='word_1_310' title='bbox 235 2431 378 2461; x_wconf 80' lang='lat' dir='ltr'>staculo.</span> <span class='ocrx_word' id='word_1_311' title='bbox 403 2431 537 2469; x_wconf 74' lang='lat' dir='ltr'>pacifica</span> <span class='ocrx_word' id='word_1_312' title='bbox 561 2430 770 2469; x_wconf 71' lang='lat' dir='ltr'>possessione</span> <span class='ocrx_word' id='word_1_313' title='bbox 795 2430 948 2467; x_wconf 74' lang='lat' dir='ltr'>gaudere.</span> <span class='ocrx_word' id='word_1_314' title='bbox 973 2431 1240 2462; x_wconf 82' lang='lat' dir='ltr'>Contradictores</span> 
     </span>
     <span class='ocr_line' id='line_1_43' title="bbox 235 2483 1241 2522; baseline 0.001 -9"><span class='ocrx_word' id='word_1_315' title='bbox 235 2490 296 2514; x_wconf 88' lang='lat' dir='ltr'>etc.</span> <span class='ocrx_word' id='word_1_316' title='bbox 316 2483 479 2514; x_wconf 77' lang='lat' dir='ltr'>Nolumus</span> <span class='ocrx_word' id='word_1_317' title='bbox 497 2487 607 2513; x_wconf 88' lang='lat' dir='ltr'>autem</span> <span class='ocrx_word' id='word_1_318' title='bbox 628 2483 730 2521; x_wconf 87' lang='lat' dir='ltr'>quod,</span> <span class='ocrx_word' id='word_1_319' title='bbox 750 2492 808 2521; x_wconf 90' lang='lat' dir='ltr'>per</span> <span class='ocrx_word' id='word_1_320' title='bbox 825 2483 1031 2513; x_wconf 71' lang='lat' dir='ltr'>occasionem</span> <span class='ocrx_word' id='word_1_321' title='bbox 1050 2483 1241 2522; x_wconf 91' lang='lat' dir='ltr'>hujusmodi</span> 
     </span>
     <span class='ocr_line' id='line_1_44' title="bbox 236 2535 1241 2574; baseline 0.001 -9"><span class='ocrx_word' id='word_1_322' title='bbox 236 2537 351 2574; x_wconf 80' lang='lat' dir='ltr'>gratie.</span> <span class='ocrx_word' id='word_1_323' title='bbox 365 2535 509 2574; x_wconf 83' lang='lat' dir='ltr'>capitulo</span> <span class='ocrx_word' id='word_1_324' title='bbox 526 2535 710 2565; x_wconf 86' lang='lat' dir='ltr'>Parisiensi</span> <span class='ocrx_word' id='word_1_325' title='bbox 730 2540 843 2565; x_wconf 88' lang='lat' dir='ltr'>contra</span> <span class='ocrx_word' id='word_1_326' title='bbox 861 2544 1085 2565; x_wconf 79' lang='lat' dir='ltr'>successorem</span> <span class='ocrx_word' id='word_1_327' title='bbox 1102 2537 1241 2574; x_wconf 87' lang='lat' dir='ltr'>predicti</span> 
     </span>
     <span class='ocr_line' id='line_1_45' title="bbox 235 2588 1241 2628; baseline 0.001 -10"><span class='ocrx_word' id='word_1_328' title='bbox 235 2589 367 2619; x_wconf 85' lang='lat' dir='ltr'>decani.</span> <span class='ocrx_word' id='word_1_329' title='bbox 391 2588 442 2617; x_wconf 71' lang='lat' dir='ltr'>vel</span> <span class='ocrx_word' id='word_1_330' title='bbox 468 2588 532 2626; x_wconf 82' lang='lat' dir='ltr'>ipsi</span> <span class='ocrx_word' id='word_1_331' title='bbox 558 2588 742 2618; x_wconf 79' lang='lat' dir='ltr'>successori</span> <span class='ocrx_word' id='word_1_332' title='bbox 765 2592 879 2617; x_wconf 85' lang='lat' dir='ltr'>contra</span> <span class='ocrx_word' id='word_1_333' title='bbox 901 2588 1081 2626; x_wconf 89' lang='lat' dir='ltr'>capitulum</span> <span class='ocrx_word' id='word_1_334' title='bbox 1108 2588 1241 2628; x_wconf 84' lang='lat' dir='ltr'>aliquod</span> 
     </span>
     <span class='ocr_line' id='line_1_46' title="bbox 235 2641 1242 2681; baseline 0 -10"><span class='ocrx_word' id='word_1_335' title='bbox 235 2642 455 2681; x_wconf 65' lang='lat' dir='ltr'>prejudicium</span> <span class='ocrx_word' id='word_1_336' title='bbox 474 2641 509 2670; x_wconf 87' lang='lat' dir='ltr'>in</span> <span class='ocrx_word' id='word_1_337' title='bbox 530 2645 697 2679; x_wconf 88' lang='lat' dir='ltr'>posterum</span> <span class='ocrx_word' id='word_1_338' title='bbox 716 2646 903 2679; x_wconf 70' lang='lat' dir='ltr'>generetur.</span> <span class='ocrx_word' id='word_1_339' title='bbox 924 2641 1017 2678; x_wconf 89' lang='lat' dir='ltr'>Quod</span> <span class='ocrx_word' id='word_1_340' title='bbox 1038 2641 1066 2671; x_wconf 91' lang='lat' dir='ltr'>si</span> <span class='ocrx_word' id='word_1_341' title='bbox 1085 2650 1149 2671; x_wconf 91' lang='lat' dir='ltr'>non</span> <span class='ocrx_word' id='word_1_342' title='bbox 1171 2651 1242 2673; x_wconf 88' lang='lat' dir='ltr'>om·-</span> 
     </span>
     <span class='ocr_line' id='line_1_47' title="bbox 237 2693 1241 2733; baseline 0.001 -10"><span class='ocrx_word' id='word_1_343' title='bbox 237 2703 295 2723; x_wconf 81' lang='lat' dir='ltr'>nes</span> <span class='ocrx_word' id='word_1_344' title='bbox 312 2699 373 2723; x_wconf 79' lang='lat' dir='ltr'>ete.</span> <span class='ocrx_word' id='word_1_345' title='bbox 391 2694 464 2723; x_wconf 87' lang='lat' dir='ltr'>Dat.</span> <span class='ocrx_word' id='word_1_346' title='bbox 485 2694 634 2727; x_wconf 73' lang='lat' dir='ltr'>perusii,</span> <span class='ocrx_word' id='word_1_347' title='bbox 652 2694 753 2723; x_wconf 85' lang='lat' dir='ltr'>XIIII</span> <span class='ocrx_word' id='word_1_348' title='bbox 769 2693 929 2723; x_wconf 79' lang='lat' dir='ltr'>kalendas</span> <span class='ocrx_word' id='word_1_349' title='bbox 945 2693 1141 2730; x_wconf 76' lang='lat' dir='ltr'>decembris,</span> <span class='ocrx_word' id='word_1_350' title='bbox 1159 2704 1241 2733; x_wconf 92' lang='lat' dir='ltr'>pon-</span> 
     </span>
     <span class='ocr_line' id='line_1_48' title="bbox 236 2746 781 2776; baseline -0.002 -1"><span class='ocrx_word' id='word_1_351' title='bbox 236 2746 379 2776; x_wconf 83' lang='lat' dir='ltr'>tificatus</span> <span class='ocrx_word' id='word_1_352' title='bbox 398 2746 501 2775; x_wconf 90' lang='lat' dir='ltr'>nostri</span> <span class='ocrx_word' id='word_1_353' title='bbox 519 2755 605 2775; x_wconf 91' lang='lat' dir='ltr'>anno</span> <span class='ocrx_word' id='word_1_354' title='bbox 623 2750 748 2775; x_wconf 81' lang='lat' dir='ltr'>octavo.</span> <span class='ocrx_word' id='word_1_355' title='bbox 769 2758 781 2771; x_wconf 80' lang='lat' dir='ltr'>n</span> 
     </span>
    </p>
   </div>
   <div class='ocr_carea' id='block_1_3' title="bbox 267 2871 520 2945">
    <p class='ocr_par' dir='ltr' id='par_1_3' title="bbox 267 2871 520 2945">
     <span class='ocr_line' id='line_1_49' title="bbox 269 2871 515 2896; baseline -0.008 0"><span class='ocrx_word' id='word_1_356' title='bbox 269 2872 289 2896; x_wconf 91' lang='grc'>1.</span> <span class='ocrx_word' id='word_1_357' title='bbox 309 2874 357 2895; x_wconf 73' lang='lat' dir='ltr'>Ms.</span> <span class='ocrx_word' id='word_1_358' title='bbox 378 2881 384 2894; x_wconf 90' lang='lat'>.·</span> <span class='ocrx_word' id='word_1_359' title='bbox 401 2871 515 2895; x_wconf 83' lang='lat' dir='ltr'>decano.</span> 
     </span>
     <span class='ocr_line' id='line_1_50' title="bbox 267 2915 520 2945; baseline 0 -6"><span class='ocrx_word' id='word_1_360' title='bbox 267 2916 290 2940; x_wconf 68' lang='lat'>2.</span> <span class='ocrx_word' id='word_1_361' title='bbox 308 2915 406 2943; x_wconf 76' lang='lat' dir='ltr'>Pnov..</span> <span class='ocrx_word' id='word_1_362' title='bbox 422 2921 468 2945; x_wconf 82' lang='lat' dir='ltr'>xx,</span> <span class='ocrx_word' id='word_1_363' title='bbox 485 2915 520 2939; x_wconf 87' lang='lat'>10.</span> 
     </span>
    </p>
   </div>
   <div class='ocr_carea' id='block_1_4' title="bbox 1393 325 1513 352">
    <p class='ocr_par' dir='ltr' id='par_1_4' title="bbox 1393 325 1513 352">
     <span class='ocr_line' id='line_1_51' title="bbox 1393 325 1513 352; baseline 0 0"><span class='ocrx_word' id='word_1_364' title='bbox 1393 325 1513 352; x_wconf 67' lang='lat'>22¹8</span> 
     </span>
    </p>
   </div>
   <div class='ocr_carea' id='block_1_5' title="bbox 1359 386 2331 424">
    <p class='ocr_par' dir='ltr' id='par_1_5' title="bbox 1359 386 2331 424">
     <span class='ocr_line' id='line_1_52' title="bbox 1359 386 2331 424; baseline 0.004 -12"><span class='ocrx_word' id='word_1_365' title='bbox 1359 386 1589 421; x_wconf 78' lang='lat' dir='ltr'>Archiepiscopo</span> <span class='ocrx_word' id='word_1_366' title='bbox 1607 386 1783 418; x_wconf 82' lang='lat' dir='ltr'>Viennensi,</span> <span class='ocrx_word' id='word_1_367' title='bbox 1802 387 1985 422; x_wconf 79' lang='lat' dir='ltr'>Apostolicae</span> <span class='ocrx_word' id='word_1_368' title='bbox 2002 388 2087 416; x_wconf 80' lang='lat' dir='ltr'>Sedis</span> <span class='ocrx_word' id='word_1_369' title='bbox 2104 390 2207 424; x_wconf 81' lang='lat' dir='ltr'>legato,</span> <span class='ocrx_word' id='word_1_370' title='bbox 2223 393 2252 416; x_wconf 89' lang='lat' dir='ltr'>et</span> <span class='ocrx_word' id='word_1_371' title='bbox 2267 389 2331 424; x_wconf 81' lang='lat' dir='ltr'>epi-</span> 
     </span>
    </p>
   </div>
   <div class='ocr_carea' id='block_1_6' title="bbox 1805 325 2256 359">
    <p class='ocr_par' dir='ltr' id='par_1_6' title="bbox 1805 325 2256 359">
     <span class='ocr_line' id='line_1_53' title="bbox 1805 325 2256 359; baseline 0.004 -7"><span class='ocrx_word' id='word_1_372' title='bbox 1805 325 1942 359; x_wconf 63' lang='lat' dir='ltr'>perunge,</span> <span class='ocrx_word' id='word_1_373' title='bbox 1961 326 1990 353; x_wconf 85' lang='grc'>18</span> <span class='ocrx_word' id='word_1_374' title='bbox 2008 327 2161 353; x_wconf 76' lang='lat' dir='ltr'>novembre</span> <span class='ocrx_word' id='word_1_375' title='bbox 2181 327 2256 355; x_wconf 69' lang='lat'>1234.</span> 
     </span>
    </p>
   </div>
   <div class='ocr_carea' id='block_1_7' title="bbox 1323 434 2330 664">
    <p class='ocr_par' dir='ltr' id='par_1_7' title="bbox 1323 434 2330 664">
     <span class='ocr_line' id='line_1_54' title="bbox 1323 434 2330 471; baseline 0.004 -11"><span class='ocrx_word' id='word_1_376' title='bbox 1323 435 1420 469; x_wconf 78' lang='lat' dir='ltr'>scopis</span> <span class='ocrx_word' id='word_1_377' title='bbox 1435 434 1609 467; x_wconf 85' lang='lat' dir='ltr'>Tbolosano,</span> <span class='ocrx_word' id='word_1_378' title='bbox 1628 435 1770 468; x_wconf 66' lang='lat' dir='ltr'>Albionsi,</span> <span class='ocrx_word' id='word_1_379' title='bbox 1790 436 1980 467; x_wconf 75' lang='lat' dir='ltr'>Rutbenensi,</span> <span class='ocrx_word' id='word_1_380' title='bbox 2000 437 2169 471; x_wconf 79' lang='lat' dir='ltr'>Ageutiensi</span> <span class='ocrx_word' id='word_1_381' title='bbox 2183 442 2210 464; x_wconf 86' lang='lat' dir='ltr'>et</span> <span class='ocrx_word' id='word_1_382' title='bbox 2226 437 2330 464; x_wconf 84' lang='lat' dir='ltr'>Catur-</span> 
     </span>
     <span class='ocr_line' id='line_1_55' title="bbox 1323 483 2330 518; baseline 0.004 -10"><span class='ocrx_word' id='word_1_383' title='bbox 1323 484 1401 509; x_wconf 86' lang='lat' dir='ltr'>censi</span> <span class='ocrx_word' id='word_1_384' title='bbox 1419 483 1532 509; x_wconf 83' lang='lat' dir='ltr'>mandat</span> <span class='ocrx_word' id='word_1_385' title='bbox 1549 489 1703 518; x_wconf 80' lang='lat' dir='ltr'>quatenus,</span> <span class='ocrx_word' id='word_1_386' title='bbox 1721 484 1827 518; x_wconf 81' lang='lat' dir='ltr'>iniquis</span> <span class='ocrx_word' id='word_1_387' title='bbox 1844 485 2030 518; x_wconf 79' lang='lat' dir='ltr'>processibus</span> <span class='ocrx_word' id='word_1_388' title='bbox 2046 485 2214 518; x_wconf 75' lang='lat' dir='ltr'>obviantes,</span> <span class='ocrx_word' id='word_1_389' title='bbox 2230 489 2330 512; x_wconf 80' lang='lat' dir='ltr'>contra</span> 
     </span>
     <span class='ocr_line' id='line_1_56' title="bbox 1323 521 2330 568; baseline 0.004 -12"><span class='ocrx_word' id='word_1_390' title='bbox 1323 531 1485 558; x_wconf 80' lang='lat' dir='ltr'>haereticos</span> <span class='ocrx_word' id='word_1_391' title='bbox 1514 540 1578 558; x_wconf 87' lang='lat' dir='ltr'>cum</span> <span class='ocrx_word' id='word_1_392' title='bbox 1608 533 1719 558; x_wconf 79' lang='lat' dir='ltr'>cautela</span> <span class='ocrx_word' id='word_1_393' title='bbox 1748 537 1775 558; x_wconf 88' lang='lat' dir='ltr'>et</span> <span class='ocrx_word' id='word_1_394' title='bbox 1806 533 1982 559; x_wconf 73' lang='lat' dir='ltr'>discretione</span> <span class='ocrx_word' id='word_1_395' title='bbox 2014 521 2171 568; x_wconf 69' lang='lat' dir='ltr'>procedant</span> <span class='ocrx_word' id='word_1_396' title='bbox 2202 538 2230 560; x_wconf 87' lang='lat' dir='ltr'>et</span> <span class='ocrx_word' id='word_1_397' title='bbox 2261 543 2330 568; x_wconf 76' lang='lat' dir='ltr'>erga</span> 
     </span>
     <span class='ocr_line' id='line_1_57' title="bbox 1327 579 2329 614; baseline 0.004 -10"><span class='ocrx_word' id='word_1_398' title='bbox 1327 579 1565 614; x_wconf 54' lang='lat' dir='ltr'>[ltaymundum]²</span> <span class='ocrx_word' id='word_1_399' title='bbox 1583 581 1718 606; x_wconf 87' lang='lat' dir='ltr'>comitem</span> <span class='ocrx_word' id='word_1_400' title='bbox 1735 580 1946 612; x_wconf 81' lang='lat' dir='ltr'>Tliolosanum,</span> <span class='ocrx_word' id='word_1_401' title='bbox 1965 581 2088 613; x_wconf 66' lang='lat' dir='ltr'>benigue</span> <span class='ocrx_word' id='word_1_402' title='bbox 2111 590 2142 608; x_wconf 88' lang='lat' dir='ltr'>se</span> <span class='ocrx_word' id='word_1_403' title='bbox 2163 587 2273 613; x_wconf 64' lang='lat' dir='ltr'>gerant.</span> <span class='ocrx_word' id='word_1_404' title='bbox 2297 598 2329 602; x_wconf 89' lang='lat'><strong>—</strong></span> 
     </span>
     <span class='ocr_line' id='line_1_58' title="bbox 1323 627 2330 664; baseline 0.004 -11"><span class='ocrx_word' id='word_1_405' title='bbox 1323 627 1405 660; x_wconf 57' lang='lat' dir='ltr'>(Rea.</span> <span class='ocrx_word' id='word_1_406' title='bbox 1427 628 1466 660; x_wconf 85' lang='grc'>17,</span> <span class='ocrx_word' id='word_1_407' title='bbox 1486 628 1502 654; x_wconf 79' lang='lat' dir='ltr'>t.</span> <span class='ocrx_word' id='word_1_408' title='bbox 1520 628 1571 654; x_wconf 69' lang='grc' dir='ltr'>ζ233</span> <span class='ocrx_word' id='word_1_409' title='bbox 1585 634 1623 659; x_wconf 82' lang='lat' dir='ltr'>r⁰;</span> <span class='ocrx_word' id='word_1_410' title='bbox 1639 637 1705 655; x_wconf 66' lang='lat' dir='ltr'>trun.</span> <span class='ocrx_word' id='word_1_411' title='bbox 1724 628 1804 661; x_wconf 86' lang='lat' dir='ltr'>VIII,</span> <span class='ocrx_word' id='word_1_412' title='bbox 1821 638 1846 656; x_wconf 83' lang='lat' dir='ltr'>c.</span> <span class='ocrx_word' id='word_1_413' title='bbox 1864 629 1911 656; x_wconf 63' lang='lat'>32³4</span> <span class='ocrx_word' id='word_1_414' title='bbox 1926 639 1930 659; x_wconf 83' lang='grc'><strong>;</strong></span> <span class='ocrx_word' id='word_1_415' title='bbox 1947 645 1976 649; x_wconf 92' lang='grc'>-</span> <span class='ocrx_word' id='word_1_416' title='bbox 1991 629 2108 656; x_wconf 60' lang='lat' dir='ltr'>Mum-:su</span> <span class='ocrx_word' id='word_1_417' title='bbox 2130 630 2204 661; x_wconf 70' lang='lat' dir='ltr'>tiso,</span> <span class='ocrx_word' id='word_1_418' title='bbox 2223 631 2239 656; x_wconf 79' lang='lat' dir='ltr'>f.</span> <span class='ocrx_word' id='word_1_419' title='bbox 2257 630 2330 664; x_wconf 67' lang='lat'><strong>⁶239.)</strong></span> 
     </span>
    </p>
   </div>
   <div class='ocr_carea' id='block_1_8' title="bbox 1322 743 2333 1258">
    <p class='ocr_par' dir='ltr' id='par_1_8' title="bbox 1322 743 2333 1258">
     <span class='ocr_line' id='line_1_59' title="bbox 1364 743 2328 781; baseline 0.005 -13"><span class='ocrx_word' id='word_1_420' title='bbox 1364 754 1376 768; x_wconf 82' lang='lat'>&lt;‹</span> <span class='ocrx_word' id='word_1_421' title='bbox 1405 765 1424 770; x_wconf 90' lang='lat'>..</span> <span class='ocrx_word' id='word_1_422' title='bbox 1446 743 1671 780; x_wconf 74' lang='lat' dir='ltr'>archiepiscopo</span> <span class='ocrx_word' id='word_1_423' title='bbox 1695 744 1872 772; x_wconf 75' lang='lat' dir='ltr'>Viennensi.</span> <span class='ocrx_word' id='word_1_424' title='bbox 1891 744 2054 781; x_wconf 58' lang='lat' dir='ltr'>stposlolice</span> <span class='ocrx_word' id='word_1_425' title='bbox 2073 744 2157 773; x_wconf 76' lang='lat' dir='ltr'>Sedis</span> <span class='ocrx_word' id='word_1_426' title='bbox 2181 745 2286 781; x_wconf 69' lang='lat' dir='ltr'>leyato,</span> <span class='ocrx_word' id='word_1_427' title='bbox 2307 767 2328 774; x_wconf 92' lang='lat'>..</span> 
     </span>
     <span class='ocr_line' id='line_1_60' title="bbox 1325 796 2328 833; baseline 0.003 -10"><span class='ocrx_word' id='word_1_428' title='bbox 1325 796 1481 832; x_wconf 78' lang='lat' dir='ltr'>Tolosano,</span> <span class='ocrx_word' id='word_1_429' title='bbox 1514 819 1532 824; x_wconf 91' lang='lat'>..</span> <span class='ocrx_word' id='word_1_430' title='bbox 1559 797 1708 831; x_wconf 75' lang='lat' dir='ltr'>.-tlbieusi,</span> <span class='ocrx_word' id='word_1_431' title='bbox 1738 819 1758 825; x_wconf 77' lang='grc'>..</span> <span class='ocrx_word' id='word_1_432' title='bbox 1784 797 1984 831; x_wconf 69' lang='lat' dir='ltr'>Ruthenensi,</span> <span class='ocrx_word' id='word_1_433' title='bbox 2012 820 2031 825; x_wconf 91' lang='lat'>..</span> <span class='ocrx_word' id='word_1_434' title='bbox 2061 798 2232 833; x_wconf 68' lang='lat' dir='ltr'>,lyennensi</span> <span class='ocrx_word' id='word_1_435' title='bbox 2253 802 2279 827; x_wconf 81' lang='lat' dir='ltr'>el</span> <span class='ocrx_word' id='word_1_436' title='bbox 2308 820 2328 826; x_wconf 92' lang='lat'>..</span> 
     </span>
     <span class='ocr_line' id='line_1_61' title="bbox 1323 849 2331 887; baseline 0.001 -9"><span class='ocrx_word' id='word_1_437' title='bbox 1323 849 1501 878; x_wconf 76' lang='lat' dir='ltr'>Canu-censi</span> <span class='ocrx_word' id='word_1_438' title='bbox 1525 850 1669 886; x_wconf 76' lang='lat' dir='ltr'>episcopis</span> <span class='ocrx_word' id='word_1_439' title='bbox 1681 849 1702 877; x_wconf 82' lang='lat'>¹.</span> <span class='ocrx_word' id='word_1_440' title='bbox 1732 849 1801 878; x_wconf 81' lang='lat' dir='ltr'>Etsi</span> <span class='ocrx_word' id='word_1_441' title='bbox 1829 849 1868 878; x_wconf 91' lang='lat' dir='ltr'>ad</span> <span class='ocrx_word' id='word_1_442' title='bbox 1896 849 2122 887; x_wconf 75' lang='lat' dir='ltr'>extirpandum</span> <span class='ocrx_word' id='word_1_443' title='bbox 2148 849 2331 879; x_wconf 81' lang='lat' dir='ltr'>hereticam</span> 
     </span>
     <span class='ocr_line' id='line_1_62' title="bbox 1322 901 2332 941; baseline 0.003 -12"><span class='ocrx_word' id='word_1_444' title='bbox 1322 901 1518 939; x_wconf 77' lang='lat' dir='ltr'>pravitatem</span> <span class='ocrx_word' id='word_1_445' title='bbox 1532 910 1569 931; x_wconf 88' lang='lat' dir='ltr'>eo</span> <span class='ocrx_word' id='word_1_446' title='bbox 1582 901 1740 931; x_wconf 86' lang='lat' dir='ltr'>attentius</span> <span class='ocrx_word' id='word_1_447' title='bbox 1755 911 1818 940; x_wconf 91' lang='lat' dir='ltr'>quo</span> <span class='ocrx_word' id='word_1_448' title='bbox 1832 902 1934 940; x_wconf 88' lang='lat' dir='ltr'>pestis</span> <span class='ocrx_word' id='word_1_449' title='bbox 1948 901 2138 941; x_wconf 84' lang='lat' dir='ltr'>hujusmodi</span> <span class='ocrx_word' id='word_1_450' title='bbox 2154 907 2202 931; x_wconf 81' lang='lat' dir='ltr'>est</span> <span class='ocrx_word' id='word_1_451' title='bbox 2218 902 2332 941; x_wconf 86' lang='lat' dir='ltr'>perni-</span> 
     </span>
     <span class='ocr_line' id='line_1_63' title="bbox 1322 953 2329 993; baseline 0.002 -11"><span class='ocrx_word' id='word_1_452' title='bbox 1322 953 1454 989; x_wconf 68' lang='lat' dir='ltr'>ciosior,</span> <span class='ocrx_word' id='word_1_453' title='bbox 1468 953 1691 988; x_wconf 61' lang='lat' dir='ltr'>intendamus,</span> <span class='ocrx_word' id='word_1_454' title='bbox 1706 954 1780 983; x_wconf 89' lang='lat' dir='ltr'>illos</span> <span class='ocrx_word' id='word_1_455' title='bbox 1796 959 1902 983; x_wconf 90' lang='lat' dir='ltr'>tamen</span> <span class='ocrx_word' id='word_1_456' title='bbox 1918 955 2040 993; x_wconf 87' lang='lat' dir='ltr'>quibus</span> <span class='ocrx_word' id='word_1_457' title='bbox 2056 955 2117 984; x_wconf 89' lang='lat' dir='ltr'>hoc</span> <span class='ocrx_word' id='word_1_458' title='bbox 2131 955 2329 993; x_wconf 75' lang='lat' dir='ltr'>injungitur,</span> 
     </span>
     <span class='ocr_line' id='line_1_64' title="bbox 1322 1005 2332 1046; baseline 0.003 -11"><span class='ocrx_word' id='word_1_459' title='bbox 1322 1015 1395 1035; x_wconf 86' lang='lat' dir='ltr'>cum</span> <span class='ocrx_word' id='word_1_460' title='bbox 1413 1016 1449 1035; x_wconf 92' lang='lat' dir='ltr'>ea</span> <span class='ocrx_word' id='word_1_461' title='bbox 1467 1005 1618 1035; x_wconf 80' lang='lat' dir='ltr'>volumus</span> <span class='ocrx_word' id='word_1_462' title='bbox 1639 1006 1838 1036; x_wconf 86' lang='lat' dir='ltr'>discretione</span> <span class='ocrx_word' id='word_1_463' title='bbox 1856 1007 2046 1044; x_wconf 88' lang='lat' dir='ltr'>procedere,</span> <span class='ocrx_word' id='word_1_464' title='bbox 2064 1011 2099 1036; x_wconf 91' lang='lat' dir='ltr'>ut</span> <span class='ocrx_word' id='word_1_465' title='bbox 2117 1007 2151 1036; x_wconf 90' lang='lat' dir='ltr'>in</span> <span class='ocrx_word' id='word_1_466' title='bbox 2169 1008 2254 1037; x_wconf 87' lang='lat' dir='ltr'>sacto</span> <span class='ocrx_word' id='word_1_467' title='bbox 2269 1017 2332 1046; x_wconf 87' lang='lat' dir='ltr'>pu-</span> 
     </span>
     <span class='ocr_line' id='line_1_65' title="bbox 1322 1058 2332 1093; baseline 0.002 -5"><span class='ocrx_word' id='word_1_468' title='bbox 1322 1059 1403 1088; x_wconf 85' lang='lat' dir='ltr'>ritas</span> <span class='ocrx_word' id='word_1_469' title='bbox 1418 1058 1614 1088; x_wconf 80' lang='lat' dir='ltr'>intentionis</span> <span class='ocrx_word' id='word_1_470' title='bbox 1632 1058 1761 1093; x_wconf 81' lang='lat' dir='ltr'>existat,</span> <span class='ocrx_word' id='word_1_471' title='bbox 1777 1068 1836 1089; x_wconf 85' lang='lat' dir='ltr'>nec</span> <span class='ocrx_word' id='word_1_472' title='bbox 1850 1059 1981 1088; x_wconf 78' lang='lat' dir='ltr'>deficiat</span> <span class='ocrx_word' id='word_1_473' title='bbox 1996 1059 2103 1089; x_wconf 86' lang='lat' dir='ltr'>virtus</span> <span class='ocrx_word' id='word_1_474' title='bbox 2119 1059 2332 1091; x_wconf 84' lang='lat' dir='ltr'>discretionis</span> 
     </span>
     <span class='ocr_line' id='line_1_66' title="bbox 1322 1111 2330 1151; baseline 0.002 -11"><span class='ocrx_word' id='word_1_475' title='bbox 1322 1111 1356 1140; x_wconf 91' lang='lat' dir='ltr'>in</span> <span class='ocrx_word' id='word_1_476' title='bbox 1375 1112 1482 1147; x_wconf 79' lang='lat' dir='ltr'>niodo,</span> <span class='ocrx_word' id='word_1_477' title='bbox 1501 1121 1574 1141; x_wconf 85' lang='lat' dir='ltr'>cum</span> <span class='ocrx_word' id='word_1_478' title='bbox 1598 1111 1683 1150; x_wconf 87' lang='lat' dir='ltr'>quod</span> <span class='ocrx_word' id='word_1_479' title='bbox 1701 1112 1829 1150; x_wconf 87' lang='lat' dir='ltr'>justum</span> <span class='ocrx_word' id='word_1_480' title='bbox 1853 1116 1917 1144; x_wconf 76' lang='lat' dir='ltr'>est.</span> <span class='ocrx_word' id='word_1_481' title='bbox 1935 1112 2023 1151; x_wconf 87' lang='lat' dir='ltr'>juste</span> <span class='ocrx_word' id='word_1_482' title='bbox 2040 1112 2113 1141; x_wconf 88' lang='lat' dir='ltr'>fieri</span> <span class='ocrx_word' id='word_1_483' title='bbox 2129 1112 2330 1151; x_wconf 81' lang='lat' dir='ltr'>requiratur.</span> 
     </span>
     <span class='ocr_line' id='line_1_67' title="bbox 1323 1166 2332 1205; baseline 0.001 -9"><span class='ocrx_word' id='word_1_484' title='bbox 1323 1166 1540 1203; x_wconf 72' lang='lat' dir='ltr'>Signiticante</span> <span class='ocrx_word' id='word_1_485' title='bbox 1562 1166 1726 1205; x_wconf 78' lang='lat' dir='ltr'>siquidem</span> <span class='ocrx_word' id='word_1_486' title='bbox 1745 1166 1863 1197; x_wconf 84' lang='lat' dir='ltr'>dilecto</span> <span class='ocrx_word' id='word_1_487' title='bbox 1880 1166 1947 1195; x_wconf 85' lang='lat' dir='ltr'>filio</span> <span class='ocrx_word' id='word_1_488' title='bbox 1965 1167 2068 1196; x_wconf 86' lang='lat' dir='ltr'>nobili</span> <span class='ocrx_word' id='word_1_489' title='bbox 2086 1167 2156 1197; x_wconf 76' lang='lat' dir='ltr'>viro</span> <span class='ocrx_word' id='word_1_490' title='bbox 2175 1190 2194 1196; x_wconf 97' lang='lat'>..</span> <span class='ocrx_word' id='word_1_491' title='bbox 2212 1167 2332 1198; x_wconf 84' lang='lat' dir='ltr'>comite</span> 
     </span>
     <span class='ocr_line' id='line_1_68' title="bbox 1322 1219 2333 1258; baseline 0.001 -9"><span class='ocrx_word' id='word_1_492' title='bbox 1322 1219 1495 1254; x_wconf 71' lang='lat' dir='ltr'>Tolosano,</span> <span class='ocrx_word' id='word_1_493' title='bbox 1512 1219 1607 1248; x_wconf 91' lang='lat' dir='ltr'>nobis</span> <span class='ocrx_word' id='word_1_494' title='bbox 1626 1219 1770 1249; x_wconf 88' lang='lat' dir='ltr'>innotuit</span> <span class='ocrx_word' id='word_1_495' title='bbox 1783 1219 2026 1258; x_wconf 82' lang='lat' dir='ltr'>quodquidam,</span> <span class='ocrx_word' id='word_1_496' title='bbox 2041 1220 2080 1249; x_wconf 88' lang='lat' dir='ltr'>ad</span> <span class='ocrx_word' id='word_1_497' title='bbox 2094 1220 2333 1258; x_wconf 89' lang='lat' dir='ltr'>inquirendum</span> 
     </span>
    </p>
   </div>
   <div class='ocr_carea' id='block_1_9' title="bbox 1322 1270 2375 1311">
    <p class='ocr_par' dir='ltr' id='par_1_9' title="bbox 1322 1270 2375 1311">
     <span class='ocr_line' id='line_1_69' title="bbox 1322 1270 2375 1311; baseline 0.003 -12"><span class='ocrx_word' id='word_1_498' title='bbox 1322 1270 1356 1299; x_wconf 89' lang='lat' dir='ltr'>in</span> <span class='ocrx_word' id='word_1_499' title='bbox 1377 1274 1464 1299; x_wconf 88' lang='lat' dir='ltr'>terra</span> <span class='ocrx_word' id='word_1_500' title='bbox 1480 1280 1539 1300; x_wconf 87' lang='lat' dir='ltr'>sua</span> <span class='ocrx_word' id='word_1_501' title='bbox 1557 1280 1655 1309; x_wconf 86' lang='lat' dir='ltr'>super</span> <span class='ocrx_word' id='word_1_502' title='bbox 1674 1271 1759 1300; x_wconf 86' lang='lat' dir='ltr'>dicto</span> <span class='ocrx_word' id='word_1_503' title='bbox 1776 1271 1915 1301; x_wconf 83' lang='lat' dir='ltr'>crimine</span> <span class='ocrx_word' id='word_1_504' title='bbox 1932 1272 2157 1310; x_wconf 83' lang='lat' dir='ltr'>procedentes,</span> <span class='ocrx_word' id='word_1_505' title='bbox 2173 1272 2260 1311; x_wconf 85' lang='lat' dir='ltr'>juris</span> <span class='ocrx_word' id='word_1_506' title='bbox 2278 1281 2333 1302; x_wconf 90' lang='lat' dir='ltr'>or-</span> <span class='ocrx_word' id='word_1_507' title='bbox 2371 1297 2375 1301; x_wconf 91' lang='lat'>.</span> 
     </span>
    </p>
   </div>
   <div class='ocr_carea' id='block_1_10' title="bbox 1322 1324 2335 2836">
    <p class='ocr_par' dir='ltr' id='par_1_10' title="bbox 1322 1324 2335 2836">
     <span class='ocr_line' id='line_1_70' title="bbox 1323 1324 2330 1363; baseline 0.002 -10"><span class='ocrx_word' id='word_1_508' title='bbox 1323 1324 1399 1354; x_wconf 88' lang='lat' dir='ltr'>dine</span> <span class='ocrx_word' id='word_1_509' title='bbox 1415 1325 1641 1362; x_wconf 83' lang='lat' dir='ltr'>pretermisso,</span> <span class='ocrx_word' id='word_1_510' title='bbox 1655 1328 1755 1363; x_wconf 75' lang='lat' dir='ltr'>testes</span> <span class='ocrx_word' id='word_1_511' title='bbox 1772 1325 1943 1363; x_wconf 83' lang='lat' dir='ltr'>superboc</span> <span class='ocrx_word' id='word_1_512' title='bbox 1959 1325 2123 1363; x_wconf 88' lang='lat' dir='ltr'>recipiunt</span> <span class='ocrx_word' id='word_1_513' title='bbox 2140 1325 2174 1354; x_wconf 91' lang='lat' dir='ltr'>in</span> <span class='ocrx_word' id='word_1_514' title='bbox 2191 1325 2330 1362; x_wconf 88' lang='lat' dir='ltr'>occulto,</span> 
     </span>
     <span class='ocr_line' id='line_1_71' title="bbox 1322 1377 2331 1416; baseline 0 -9"><span class='ocrx_word' id='word_1_515' title='bbox 1322 1381 1364 1414; x_wconf 86' lang='lat' dir='ltr'>et,</span> <span class='ocrx_word' id='word_1_516' title='bbox 1387 1377 1579 1407; x_wconf 87' lang='lat' dir='ltr'>nominihus</span> <span class='ocrx_word' id='word_1_517' title='bbox 1602 1377 1652 1407; x_wconf 86' lang='lat' dir='ltr'>vel</span> <span class='ocrx_word' id='word_1_518' title='bbox 1675 1377 1773 1407; x_wconf 88' lang='lat' dir='ltr'>dictis</span> <span class='ocrx_word' id='word_1_519' title='bbox 1793 1377 2043 1407; x_wconf 82' lang='lat' dir='ltr'>testificantium</span> <span class='ocrx_word' id='word_1_520' title='bbox 2065 1377 2201 1408; x_wconf 88' lang='lat' dir='ltr'>minime</span> <span class='ocrx_word' id='word_1_521' title='bbox 2219 1377 2331 1416; x_wconf 87' lang='lat' dir='ltr'>publi-</span> 
     </span>
     <span class='ocr_line' id='line_1_72' title="bbox 1322 1429 2330 1468; baseline 0 -8"><span class='ocrx_word' id='word_1_522' title='bbox 1322 1430 1421 1465; x_wconf 86' lang='lat' dir='ltr'>catis,</span> <span class='ocrx_word' id='word_1_523' title='bbox 1440 1439 1571 1459; x_wconf 88' lang='lat' dir='ltr'>omnem</span> <span class='ocrx_word' id='word_1_524' title='bbox 1589 1429 1795 1460; x_wconf 81' lang='lat' dir='ltr'>defensionis</span> <span class='ocrx_word' id='word_1_525' title='bbox 1813 1429 1939 1468; x_wconf 88' lang='lat' dir='ltr'>copiam</span> <span class='ocrx_word' id='word_1_526' title='bbox 1959 1434 1989 1459; x_wconf 86' lang='lat' dir='ltr'>et</span> <span class='ocrx_word' id='word_1_527' title='bbox 2007 1430 2239 1460; x_wconf 87' lang='lat' dir='ltr'>advocatorum</span> <span class='ocrx_word' id='word_1_528' title='bbox 2258 1430 2330 1460; x_wconf 79' lang='lat' dir='ltr'>suf-</span> 
     </span>
     <span class='ocr_line' id='line_1_73' title="bbox 1322 1482 2332 1521; baseline -0.001 -9"><span class='ocrx_word' id='word_1_529' title='bbox 1322 1482 1466 1520; x_wconf 77' lang='lat' dir='ltr'>fragium</span> <span class='ocrx_word' id='word_1_530' title='bbox 1481 1482 1528 1512; x_wconf 88' lang='lat' dir='ltr'>eis</span> <span class='ocrx_word' id='word_1_531' title='bbox 1540 1487 1653 1512; x_wconf 85' lang='lat' dir='ltr'>contra</span> <span class='ocrx_word' id='word_1_532' title='bbox 1669 1491 1751 1521; x_wconf 87' lang='lat' dir='ltr'>quos</span> <span class='ocrx_word' id='word_1_533' title='bbox 1766 1482 1961 1521; x_wconf 81' lang='lat' dir='ltr'>inquiritur,</span> <span class='ocrx_word' id='word_1_534' title='bbox 1979 1492 2036 1520; x_wconf 89' lang='lat' dir='ltr'>pro</span> <span class='ocrx_word' id='word_1_535' title='bbox 2053 1491 2113 1511; x_wconf 91' lang='lat' dir='ltr'>sua</span> <span class='ocrx_word' id='word_1_536' title='bbox 2129 1482 2332 1512; x_wconf 85' lang='lat' dir='ltr'>subtrahunt</span> 
     </span>
     <span class='ocr_line' id='line_1_74' title="bbox 1323 1535 2331 1574; baseline 0 -10"><span class='ocrx_word' id='word_1_537' title='bbox 1323 1535 1503 1565; x_wconf 84' lang='lat' dir='ltr'>voluntate.</span> <span class='ocrx_word' id='word_1_538' title='bbox 1525 1535 1571 1564; x_wconf 76' lang='lat' dir='ltr'>Ex</span> <span class='ocrx_word' id='word_1_539' title='bbox 1596 1544 1660 1574; x_wconf 88' lang='lat' dir='ltr'>quo</span> <span class='ocrx_word' id='word_1_540' title='bbox 1683 1535 1802 1564; x_wconf 85' lang='lat' dir='ltr'>accidit</span> <span class='ocrx_word' id='word_1_541' title='bbox 1823 1535 1910 1573; x_wconf 91' lang='lat' dir='ltr'>quod</span> <span class='ocrx_word' id='word_1_542' title='bbox 1933 1535 2101 1564; x_wconf 87' lang='lat' dir='ltr'>interdum</span> <span class='ocrx_word' id='word_1_543' title='bbox 2121 1535 2247 1565; x_wconf 86' lang='lat' dir='ltr'>conscii</span> <span class='ocrx_word' id='word_1_544' title='bbox 2265 1535 2331 1565; x_wconf 87' lang='lat' dir='ltr'>cri—</span> 
     </span>
     <span class='ocr_line' id='line_1_75' title="bbox 1324 1587 2333 1623; baseline 0.001 -6"><span class='ocrx_word' id='word_1_545' title='bbox 1324 1588 1437 1623; x_wconf 76' lang='lat' dir='ltr'>minis,</span> <span class='ocrx_word' id='word_1_546' title='bbox 1465 1597 1498 1617; x_wconf 92' lang='lat' dir='ltr'>se</span> <span class='ocrx_word' id='word_1_547' title='bbox 1525 1588 1564 1618; x_wconf 86' lang='lat' dir='ltr'>ad</span> <span class='ocrx_word' id='word_1_548' title='bbox 1590 1592 1741 1617; x_wconf 88' lang='lat' dir='ltr'>comenta</span> <span class='ocrx_word' id='word_1_549' title='bbox 1766 1587 1885 1617; x_wconf 85' lang='lat' dir='ltr'>callida</span> <span class='ocrx_word' id='word_1_550' title='bbox 1909 1592 2150 1623; x_wconf 82' lang='lat' dir='ltr'>convertentes,</span> <span class='ocrx_word' id='word_1_551' title='bbox 2175 1596 2333 1618; x_wconf 90' lang='lat' dir='ltr'>nonnun-</span> 
     </span>
     <span class='ocr_line' id='line_1_76' title="bbox 1325 1639 2332 1679; baseline 0.002 -10"><span class='ocrx_word' id='word_1_552' title='bbox 1325 1649 1422 1679; x_wconf 87' lang='lat' dir='ltr'>quam</span> <span class='ocrx_word' id='word_1_553' title='bbox 1449 1640 1535 1678; x_wconf 91' lang='lat' dir='ltr'>apud</span> <span class='ocrx_word' id='word_1_554' title='bbox 1559 1640 1777 1679; x_wconf 83' lang='lat' dir='ltr'>inquisitores</span> <span class='ocrx_word' id='word_1_555' title='bbox 1803 1640 1934 1669; x_wconf 87' lang='lat' dir='ltr'>eosdem</span> <span class='ocrx_word' id='word_1_556' title='bbox 1954 1639 2038 1669; x_wconf 89' lang='lat' dir='ltr'>bone</span> <span class='ocrx_word' id='word_1_557' title='bbox 2058 1640 2226 1678; x_wconf 87' lang='lat' dir='ltr'>opinionis</span> <span class='ocrx_word' id='word_1_558' title='bbox 2241 1640 2332 1671; x_wconf 83' lang='lat' dir='ltr'>viros</span> 
     </span>
     <span class='ocr_line' id='line_1_77' title="bbox 1324 1692 2332 1731; baseline 0.002 -10"><span class='ocrx_word' id='word_1_559' title='bbox 1324 1692 1564 1731; x_wconf 74' lang='lat' dir='ltr'>[demintiant],</span> <span class='ocrx_word' id='word_1_560' title='bbox 1592 1702 1609 1722; x_wconf 87' lang='lat' dir='ltr'>a</span> <span class='ocrx_word' id='word_1_561' title='bbox 1635 1692 1757 1731; x_wconf 84' lang='lat' dir='ltr'>quibus</span> <span class='ocrx_word' id='word_1_562' title='bbox 1784 1693 1849 1730; x_wconf 85' lang='lat' dir='ltr'>ipsi</span> <span class='ocrx_word' id='word_1_563' title='bbox 1876 1693 1909 1721; x_wconf 89' lang='lat' dir='ltr'>in</span> <span class='ocrx_word' id='word_1_564' title='bbox 1941 1693 2151 1722; x_wconf 83' lang='lat' dir='ltr'>accusatione</span> <span class='ocrx_word' id='word_1_565' title='bbox 2178 1696 2332 1723; x_wconf 81' lang='lat' dir='ltr'>metuunt</span> 
     </span>
     <span class='ocr_line' id='line_1_78' title="bbox 1324 1745 2332 1783; baseline 0.001 -9"><span class='ocrx_word' id='word_1_566' title='bbox 1324 1745 1513 1783; x_wconf 79' lang='lat' dir='ltr'>preveniri3</span> <span class='ocrx_word' id='word_1_567' title='bbox 1545 1745 1743 1783; x_wconf 85' lang='lat' dir='ltr'>quandoque</span> <span class='ocrx_word' id='word_1_568' title='bbox 1772 1754 1848 1774; x_wconf 85' lang='lat' dir='ltr'>vero</span> <span class='ocrx_word' id='word_1_569' title='bbox 1878 1745 1912 1774; x_wconf 89' lang='lat' dir='ltr'>in</span> <span class='ocrx_word' id='word_1_570' title='bbox 1942 1745 2079 1775; x_wconf 86' lang='lat' dir='ltr'>secretis</span> <span class='ocrx_word' id='word_1_571' title='bbox 2109 1745 2332 1775; x_wconf 84' lang='lat' dir='ltr'>confessioni-</span> 
     </span>
     <span class='ocr_line' id='line_1_79' title="bbox 1324 1797 2332 1836; baseline 0.001 -9"><span class='ocrx_word' id='word_1_572' title='bbox 1324 1798 1386 1827; x_wconf 87' lang='lat' dir='ltr'>bus</span> <span class='ocrx_word' id='word_1_573' title='bbox 1413 1797 1517 1828; x_wconf 88' lang='lat' dir='ltr'>libere</span> <span class='ocrx_word' id='word_1_574' title='bbox 1547 1806 1624 1827; x_wconf 86' lang='lat' dir='ltr'>suos</span> <span class='ocrx_word' id='word_1_575' title='bbox 1651 1797 1806 1827; x_wconf 89' lang='lat' dir='ltr'>inimicos</span> <span class='ocrx_word' id='word_1_576' title='bbox 1837 1801 2010 1833; x_wconf 80' lang='lat' dir='ltr'>accusant,</span> <span class='ocrx_word' id='word_1_577' title='bbox 2040 1798 2154 1836; x_wconf 87' lang='lat' dir='ltr'>sicque</span> <span class='ocrx_word' id='word_1_578' title='bbox 2184 1797 2332 1836; x_wconf 86' lang='lat' dir='ltr'>plerum-</span> 
     </span>
     <span class='ocr_line' id='line_1_80' title="bbox 1325 1850 2333 1890; baseline 0.001 -11"><span class='ocrx_word' id='word_1_579' title='bbox 1325 1860 1388 1889; x_wconf 86' lang='lat' dir='ltr'>que</span> <span class='ocrx_word' id='word_1_580' title='bbox 1414 1850 1587 1888; x_wconf 86' lang='lat' dir='ltr'>dampnari</span> <span class='ocrx_word' id='word_1_581' title='bbox 1609 1850 1772 1888; x_wconf 79' lang='lat' dir='ltr'>contingit</span> <span class='ocrx_word' id='word_1_582' title='bbox 1796 1850 1949 1880; x_wconf 78' lang='lat' dir='ltr'>innoxios</span> <span class='ocrx_word' id='word_1_583' title='bbox 1981 1854 2011 1880; x_wconf 90' lang='lat' dir='ltr'>et</span> <span class='ocrx_word' id='word_1_584' title='bbox 2035 1851 2190 1889; x_wconf 85' lang='lat' dir='ltr'>preteriri</span> <span class='ocrx_word' id='word_1_585' title='bbox 2211 1850 2333 1890; x_wconf 87' lang='lat' dir='ltr'>nequi-</span> 
     </span>
     <span class='ocr_line' id='line_1_81' title="bbox 1325 1903 2330 1942; baseline 0 -10"><span class='ocrx_word' id='word_1_586' title='bbox 1325 1903 1406 1933; x_wconf 85' lang='lat' dir='ltr'>tiam</span> <span class='ocrx_word' id='word_1_587' title='bbox 1429 1903 1502 1933; x_wconf 87' lang='lat' dir='ltr'>sine</span> <span class='ocrx_word' id='word_1_588' title='bbox 1520 1912 1616 1942; x_wconf 89' lang='lat' dir='ltr'>pena.</span> <span class='ocrx_word' id='word_1_589' title='bbox 1634 1903 1775 1940; x_wconf 84' lang='lat' dir='ltr'>Quidam</span> <span class='ocrx_word' id='word_1_590' title='bbox 1792 1903 1891 1933; x_wconf 89' lang='lat' dir='ltr'>etiam</span> <span class='ocrx_word' id='word_1_591' title='bbox 1908 1903 2147 1942; x_wconf 86' lang='lat' dir='ltr'>inquisitorum</span> <span class='ocrx_word' id='word_1_592' title='bbox 2165 1903 2330 1942; x_wconf 85' lang='lat' dir='ltr'>ipsorum,</span> 
     </span>
     <span class='ocr_line' id='line_1_82' title="bbox 1324 1955 2334 1996; baseline 0.001 -11"><span class='ocrx_word' id='word_1_593' title='bbox 1324 1955 1494 1995; x_wconf 87' lang='lat' dir='ltr'>proprium</span> <span class='ocrx_word' id='word_1_594' title='bbox 1523 1960 1700 1994; x_wconf 84' lang='lat' dir='ltr'>sequentes</span> <span class='ocrx_word' id='word_1_595' title='bbox 1728 1956 1918 1991; x_wconf 80' lang='lat' dir='ltr'>arbitrium,</span> <span class='ocrx_word' id='word_1_596' title='bbox 1948 1965 2014 1986; x_wconf 89' lang='lat' dir='ltr'>non</span> <span class='ocrx_word' id='word_1_597' title='bbox 2037 1956 2200 1996; x_wconf 88' lang='lat' dir='ltr'>judicium</span> <span class='ocrx_word' id='word_1_598' title='bbox 2229 1955 2334 1986; x_wconf 84' lang='lat' dir='ltr'>ratio-</span> 
     </span>
     <span class='ocr_line' id='line_1_83' title="bbox 1326 2008 2332 2047; baseline 0.001 -9"><span class='ocrx_word' id='word_1_599' title='bbox 1326 2009 1395 2044; x_wconf 89' lang='lat' dir='ltr'>nis,</span> <span class='ocrx_word' id='word_1_600' title='bbox 1420 2008 1496 2037; x_wconf 89' lang='lat' dir='ltr'>illos</span> <span class='ocrx_word' id='word_1_601' title='bbox 1520 2008 1709 2046; x_wconf 88' lang='lat' dir='ltr'>specialiter</span> <span class='ocrx_word' id='word_1_602' title='bbox 1733 2013 1990 2047; x_wconf 87' lang='lat' dir='ltr'>persequuntur,</span> <span class='ocrx_word' id='word_1_603' title='bbox 2015 2009 2084 2047; x_wconf 89' lang='lat' dir='ltr'>qui,</span> <span class='ocrx_word' id='word_1_604' title='bbox 2106 2008 2221 2039; x_wconf 87' lang='lat' dir='ltr'>fideles</span> <span class='ocrx_word' id='word_1_605' title='bbox 2244 2009 2332 2039; x_wconf 83' lang='lat' dir='ltr'>dicto</span> 
     </span>
     <span class='ocr_line' id='line_1_84' title="bbox 1325 2060 2335 2100; baseline 0.001 -9"><span class='ocrx_word' id='word_1_606' title='bbox 1325 2061 1438 2091; x_wconf 88' lang='lat' dir='ltr'>comiti</span> <span class='ocrx_word' id='word_1_607' title='bbox 1470 2061 1668 2096; x_wconf 83' lang='lat' dir='ltr'>existentes,</span> <span class='ocrx_word' id='word_1_608' title='bbox 1701 2060 1767 2090; x_wconf 87' lang='lat' dir='ltr'>sibi</span> <span class='ocrx_word' id='word_1_609' title='bbox 1799 2061 2008 2091; x_wconf 85' lang='lat' dir='ltr'>necessitatis</span> <span class='ocrx_word' id='word_1_610' title='bbox 2043 2066 2188 2100; x_wconf 88' lang='lat' dir='ltr'>tempore</span> <span class='ocrx_word' id='word_1_611' title='bbox 2218 2061 2335 2092; x_wconf 84' lang='lat' dir='ltr'>astite-</span> 
     </span>
     <span class='ocr_line' id='line_1_85' title="bbox 1325 2113 2332 2153; baseline 0.001 -9"><span class='ocrx_word' id='word_1_612' title='bbox 1325 2119 1413 2149; x_wconf 80' lang='lat' dir='ltr'>runt,</span> <span class='ocrx_word' id='word_1_613' title='bbox 1431 2113 1518 2149; x_wconf 79' lang='lat' dir='ltr'>aliis,</span> <span class='ocrx_word' id='word_1_614' title='bbox 1534 2113 1610 2143; x_wconf 84' lang='lat' dir='ltr'>licet</span> <span class='ocrx_word' id='word_1_615' title='bbox 1625 2113 1832 2149; x_wconf 87' lang='lat' dir='ltr'>nocentibus,</span> <span class='ocrx_word' id='word_1_616' title='bbox 1849 2114 1905 2152; x_wconf 90' lang='lat' dir='ltr'>qui</span> <span class='ocrx_word' id='word_1_617' title='bbox 1922 2123 1956 2144; x_wconf 90' lang='lat' dir='ltr'>se</span> <span class='ocrx_word' id='word_1_618' title='bbox 1973 2118 2197 2153; x_wconf 88' lang='lat' dir='ltr'>opposuerunt</span> <span class='ocrx_word' id='word_1_619' title='bbox 2213 2114 2332 2151; x_wconf 88' lang='lat' dir='ltr'>eidem,</span> 
     </span>
     <span class='ocr_line' id='line_1_86' title="bbox 1325 2167 2334 2206; baseline 0 -9"><span class='ocrx_word' id='word_1_620' title='bbox 1325 2167 1458 2206; x_wconf 86' lang='lat' dir='ltr'>penitus</span> <span class='ocrx_word' id='word_1_621' title='bbox 1486 2167 1729 2206; x_wconf 83' lang='lat' dir='ltr'>pretermissis,</span> <span class='ocrx_word' id='word_1_622' title='bbox 1761 2171 1874 2197; x_wconf 85' lang='lat' dir='ltr'>contra</span> <span class='ocrx_word' id='word_1_623' title='bbox 1904 2176 2016 2205; x_wconf 88' lang='lat' dir='ltr'>pacem</span> <span class='ocrx_word' id='word_1_624' title='bbox 2047 2167 2134 2198; x_wconf 84' lang='lat' dir='ltr'>inter</span> <span class='ocrx_word' id='word_1_625' title='bbox 2163 2167 2273 2206; x_wconf 87' lang='lat' dir='ltr'>ipsum</span> <span class='ocrx_word' id='word_1_626' title='bbox 2302 2169 2334 2198; x_wconf 80' lang='lat' dir='ltr'>et</span> 
     </span>
     <span class='ocr_line' id='line_1_87' title="bbox 1325 2219 2332 2258; baseline 0 -8"><span class='ocrx_word' id='word_1_627' title='bbox 1325 2219 1509 2250; x_wconf 85' lang='lat' dir='ltr'>Ecclesiam</span> <span class='ocrx_word' id='word_1_628' title='bbox 1533 2219 1651 2249; x_wconf 88' lang='lat' dir='ltr'>initam</span> <span class='ocrx_word' id='word_1_629' title='bbox 1677 2223 1799 2249; x_wconf 86' lang='lat' dir='ltr'>temere</span> <span class='ocrx_word' id='word_1_630' title='bbox 1822 2219 2014 2255; x_wconf 71' lang='lat' dir='ltr'>venientes3</span> <span class='ocrx_word' id='word_1_631' title='bbox 2040 2220 2141 2250; x_wconf 85' lang='lat' dir='ltr'>iidem</span> <span class='ocrx_word' id='word_1_632' title='bbox 2166 2224 2332 2258; x_wconf 86' lang='lat' dir='ltr'>preterea,</span> 
     </span>
     <span class='ocr_line' id='line_1_88' title="bbox 1324 2272 2334 2310; baseline 0.001 -9"><span class='ocrx_word' id='word_1_633' title='bbox 1324 2272 1477 2303; x_wconf 88' lang='lat' dir='ltr'>homines</span> <span class='ocrx_word' id='word_1_634' title='bbox 1499 2280 1576 2302; x_wconf 89' lang='lat' dir='ltr'>suos</span> <span class='ocrx_word' id='word_1_635' title='bbox 1602 2275 1692 2301; x_wconf 82' lang='lat' dir='ltr'>extra</span> <span class='ocrx_word' id='word_1_636' title='bbox 1721 2276 1841 2301; x_wconf 89' lang='lat' dir='ltr'>terram</span> <span class='ocrx_word' id='word_1_637' title='bbox 1868 2272 1975 2310; x_wconf 84' lang='lat' dir='ltr'>ipsius</span> <span class='ocrx_word' id='word_1_638' title='bbox 2003 2272 2063 2301; x_wconf 88' lang='lat' dir='ltr'>bac</span> <span class='ocrx_word' id='word_1_639' title='bbox 2091 2272 2265 2302; x_wconf 87' lang='lat' dir='ltr'>occasione</span> <span class='ocrx_word' id='word_1_640' title='bbox 2285 2272 2334 2302; x_wconf 86' lang='lat' dir='ltr'>ci·-</span> 
     </span>
     <span class='ocr_line' id='line_1_89' title="bbox 1325 2324 2334 2364; baseline 0 -9"><span class='ocrx_word' id='word_1_641' title='bbox 1325 2329 1444 2358; x_wconf 72' lang='lat' dir='ltr'>tantos,</span> <span class='ocrx_word' id='word_1_642' title='bbox 1466 2325 1567 2363; x_wconf 84' lang='lat' dir='ltr'>ipsos,</span> <span class='ocrx_word' id='word_1_643' title='bbox 1592 2333 1665 2353; x_wconf 83' lang='lat' dir='ltr'>curn</span> <span class='ocrx_word' id='word_1_644' title='bbox 1683 2324 1723 2354; x_wconf 87' lang='lat' dir='ltr'>ad</span> <span class='ocrx_word' id='word_1_645' title='bbox 1738 2324 1846 2354; x_wconf 85' lang='lat' dir='ltr'>locum</span> <span class='ocrx_word' id='word_1_646' title='bbox 1865 2324 2003 2354; x_wconf 83' lang='lat' dir='ltr'>veniunt</span> <span class='ocrx_word' id='word_1_647' title='bbox 2025 2325 2242 2363; x_wconf 76' lang='lat' dir='ltr'>assignatum,</span> <span class='ocrx_word' id='word_1_648' title='bbox 2260 2324 2334 2364; x_wconf 85' lang='lat' dir='ltr'>capi</span> 
     </span>
     <span class='ocr_line' id='line_1_90' title="bbox 1324 2376 2333 2415; baseline -0.001 -7"><span class='ocrx_word' id='word_1_649' title='bbox 1324 2378 1452 2408; x_wconf 81' lang='lat' dir='ltr'>faciunt</span> <span class='ocrx_word' id='word_1_650' title='bbox 1478 2382 1508 2408; x_wconf 90' lang='lat' dir='ltr'>et</span> <span class='ocrx_word' id='word_1_651' title='bbox 1538 2377 1656 2413; x_wconf 89' lang='lat' dir='ltr'>teneri,</span> <span class='ocrx_word' id='word_1_652' title='bbox 1684 2385 1750 2412; x_wconf 89' lang='lat' dir='ltr'>eos,</span> <span class='ocrx_word' id='word_1_653' title='bbox 1778 2376 1806 2406; x_wconf 86' lang='lat' dir='ltr'>si</span> <span class='ocrx_word' id='word_1_654' title='bbox 1832 2377 1963 2415; x_wconf 86' lang='lat' dir='ltr'>quando</span> <span class='ocrx_word' id='word_1_655' title='bbox 1991 2377 2071 2407; x_wconf 91' lang='lat' dir='ltr'>illuc</span> <span class='ocrx_word' id='word_1_656' title='bbox 2098 2377 2238 2407; x_wconf 87' lang='lat' dir='ltr'>forsitan</span> <span class='ocrx_word' id='word_1_657' title='bbox 2266 2386 2333 2408; x_wconf 92' lang='lat' dir='ltr'>non</span> 
     </span>
     <span class='ocr_line' id='line_1_91' title="bbox 1324 2428 2334 2467; baseline 0 -6"><span class='ocrx_word' id='word_1_658' title='bbox 1324 2431 1496 2466; x_wconf 82' lang='lat' dir='ltr'>accedant,</span> <span class='ocrx_word' id='word_1_659' title='bbox 1515 2430 1738 2467; x_wconf 82' lang='lat' dir='ltr'>astringentes</span> <span class='ocrx_word' id='word_1_660' title='bbox 1759 2429 2112 2460; x_wconf 80' lang='lat' dir='ltr'>excommunicationis</span> <span class='ocrx_word' id='word_1_661' title='bbox 2128 2429 2261 2460; x_wconf 89' lang='lat' dir='ltr'>vinculo</span> <span class='ocrx_word' id='word_1_662' title='bbox 2279 2428 2334 2461; x_wconf 88' lang='lat' dir='ltr'>vel</span> 
     </span>
     <span class='ocr_line' id='line_1_92' title="bbox 1324 2481 2333 2522; baseline -0.002 -8"><span class='ocrx_word' id='word_1_663' title='bbox 1324 2487 1482 2522; x_wconf 83' lang='lat' dir='ltr'>tanquam</span> <span class='ocrx_word' id='word_1_664' title='bbox 1504 2482 1669 2512; x_wconf 83' lang='lat' dir='ltr'>hereticos</span> <span class='ocrx_word' id='word_1_665' title='bbox 1694 2481 1939 2512; x_wconf 85' lang='lat' dir='ltr'>sententialiter</span> <span class='ocrx_word' id='word_1_666' title='bbox 1959 2482 2251 2520; x_wconf 83' lang='lat' dir='ltr'>condempnantes.</span> <span class='ocrx_word' id='word_1_667' title='bbox 2275 2483 2333 2513; x_wconf 85' lang='lat' dir='ltr'>In-</span> 
     </span>
     <span class='ocr_line' id='line_1_93' title="bbox 1324 2533 2332 2576; baseline -0.001 -10"><span class='ocrx_word' id='word_1_668' title='bbox 1324 2537 1461 2576; x_wconf 85' lang='lat' dir='ltr'>quirunt</span> <span class='ocrx_word' id='word_1_669' title='bbox 1477 2535 1576 2566; x_wconf 86' lang='lat' dir='ltr'>etiam</span> <span class='ocrx_word' id='word_1_670' title='bbox 1590 2539 1704 2565; x_wconf 87' lang='lat' dir='ltr'>contra</span> <span class='ocrx_word' id='word_1_671' title='bbox 1717 2534 1805 2564; x_wconf 78' lang='lat' dir='ltr'>viros</span> <span class='ocrx_word' id='word_1_672' title='bbox 1817 2533 1997 2564; x_wconf 84' lang='lat' dir='ltr'>catholicos</span> <span class='ocrx_word' id='word_1_673' title='bbox 2013 2534 2051 2564; x_wconf 90' lang='lat' dir='ltr'>de</span> <span class='ocrx_word' id='word_1_674' title='bbox 2063 2534 2129 2564; x_wconf 89' lang='lat' dir='ltr'>hiis</span> <span class='ocrx_word' id='word_1_675' title='bbox 2144 2543 2207 2573; x_wconf 83' lang='lat' dir='ltr'>que</span> <span class='ocrx_word' id='word_1_676' title='bbox 2220 2543 2332 2565; x_wconf 88' lang='lat' dir='ltr'>recon-</span> 
     </span>
     <span class='ocr_line' id='line_1_94' title="bbox 1323 2586 2332 2626; baseline -0.002 -7"><span class='ocrx_word' id='word_1_677' title='bbox 1323 2588 1529 2619; x_wconf 83' lang='lat' dir='ltr'>ciliationem</span> <span class='ocrx_word' id='word_1_678' title='bbox 1556 2587 1677 2626; x_wconf 78' lang='lat' dir='ltr'>prefati</span> <span class='ocrx_word' id='word_1_679' title='bbox 1709 2586 1839 2617; x_wconf 86' lang='lat' dir='ltr'>comitis</span> <span class='ocrx_word' id='word_1_680' title='bbox 1867 2591 2116 2624; x_wconf 84' lang='lat' dir='ltr'>precesserunt,</span> <span class='ocrx_word' id='word_1_681' title='bbox 2154 2587 2232 2617; x_wconf 87' lang='lat' dir='ltr'>licet</span> <span class='ocrx_word' id='word_1_682' title='bbox 2265 2594 2332 2617; x_wconf 87' lang='lat' dir='ltr'>non</span> 
     </span>
     <span class='ocr_line' id='line_1_95' title="bbox 1323 2638 2334 2678; baseline -0.002 -7"><span class='ocrx_word' id='word_1_683' title='bbox 1323 2641 1539 2671; x_wconf 83' lang='lat' dir='ltr'>inveniantur</span> <span class='ocrx_word' id='word_1_684' title='bbox 1557 2649 1656 2678; x_wconf 87' lang='lat' dir='ltr'>super</span> <span class='ocrx_word' id='word_1_685' title='bbox 1670 2639 1732 2669; x_wconf 89' lang='lat' dir='ltr'>hoc</span> <span class='ocrx_word' id='word_1_686' title='bbox 1747 2638 1954 2677; x_wconf 87' lang='lat' dir='ltr'>postmodum</span> <span class='ocrx_word' id='word_1_687' title='bbox 1971 2639 2168 2675; x_wconf 84' lang='lat' dir='ltr'>excessisse;</span> <span class='ocrx_word' id='word_1_688' title='bbox 2186 2639 2334 2678; x_wconf 83' lang='lat' dir='ltr'>appella-</span> 
     </span>
     <span class='ocr_line' id='line_1_96' title="bbox 1325 2691 2332 2731; baseline -0.002 -8"><span class='ocrx_word' id='word_1_689' title='bbox 1325 2693 1473 2723; x_wconf 87' lang='lat' dir='ltr'>tionibus</span> <span class='ocrx_word' id='word_1_690' title='bbox 1489 2693 1626 2731; x_wconf 89' lang='lat' dir='ltr'>insuper</span> <span class='ocrx_word' id='word_1_691' title='bbox 1641 2691 1789 2730; x_wconf 82' lang='lat' dir='ltr'>legitime</span> <span class='ocrx_word' id='word_1_692' title='bbox 1803 2691 1843 2721; x_wconf 83' lang='lat' dir='ltr'>ab</span> <span class='ocrx_word' id='word_1_693' title='bbox 1855 2691 1978 2730; x_wconf 89' lang='lat' dir='ltr'>injuste</span> <span class='ocrx_word' id='word_1_694' title='bbox 1995 2691 2140 2729; x_wconf 80' lang='lat' dir='ltr'>gravatis</span> <span class='ocrx_word' id='word_1_695' title='bbox 2156 2691 2197 2724; x_wconf 83' lang='lat' dir='ltr'>ad</span> <span class='ocrx_word' id='word_1_696' title='bbox 2213 2691 2332 2722; x_wconf 87' lang='lat' dir='ltr'>Sedem</span> 
     </span>
     <span class='ocr_line' id='line_1_97' title="bbox 1325 2743 2332 2784; baseline -0.002 -8"><span class='ocrx_word' id='word_1_697' title='bbox 1325 2745 1549 2784; x_wconf 83' lang='lat' dir='ltr'>Apostolieam</span> <span class='ocrx_word' id='word_1_698' title='bbox 1566 2744 1773 2782; x_wconf 86' lang='lat' dir='ltr'>interpositis</span> <span class='ocrx_word' id='word_1_699' title='bbox 1797 2752 1861 2774; x_wconf 90' lang='lat' dir='ltr'>non</span> <span class='ocrx_word' id='word_1_700' title='bbox 1881 2743 1987 2773; x_wconf 91' lang='lat' dir='ltr'>solum</span> <span class='ocrx_word' id='word_1_701' title='bbox 2004 2752 2069 2773; x_wconf 88' lang='lat' dir='ltr'>non</span> <span class='ocrx_word' id='word_1_702' title='bbox 2087 2743 2256 2780; x_wconf 86' lang='lat' dir='ltr'>deferunt,</span> <span class='ocrx_word' id='word_1_703' title='bbox 2273 2751 2332 2774; x_wconf 85' lang='lat' dir='ltr'>ve-</span> 
     </span>
     <span class='ocr_line' id='line_1_98' title="bbox 1324 2795 2333 2836; baseline -0.001 -9"><span class='ocrx_word' id='word_1_704' title='bbox 1324 2807 1398 2828; x_wconf 88' lang='lat' dir='ltr'>rum</span> <span class='ocrx_word' id='word_1_705' title='bbox 1423 2797 1522 2828; x_wconf 85' lang='lat' dir='ltr'>etiam</span> <span class='ocrx_word' id='word_1_706' title='bbox 1546 2797 1750 2836; x_wconf 84' lang='lat' dir='ltr'>appellantes</span> <span class='ocrx_word' id='word_1_707' title='bbox 1772 2796 1956 2831; x_wconf 81' lang='lat' dir='ltr'>offendunt,</span> <span class='ocrx_word' id='word_1_708' title='bbox 1982 2796 2192 2835; x_wconf 86' lang='lat' dir='ltr'>quasi&#39;suam</span> <span class='ocrx_word' id='word_1_709' title='bbox 2212 2796 2248 2826; x_wconf 90' lang='lat' dir='ltr'>in</span> <span class='ocrx_word' id='word_1_710' title='bbox 2268 2795 2333 2826; x_wconf 77' lang='lat' dir='ltr'>hoc.</span> 
     </span>
    </p>
   </div>
   <div class='ocr_carea' id='block_1_11' title="bbox 1358 2915 1622 2946">
    <p class='ocr_par' dir='ltr' id='par_1_11' title="bbox 1358 2915 1622 2946">
     <span class='ocr_line' id='line_1_99' title="bbox 1358 2915 1622 2946; baseline 0 -6"><span class='ocrx_word' id='word_1_711' title='bbox 1358 2915 1379 2941; x_wconf 90' lang='grc'>1.</span> <span class='ocrx_word' id='word_1_712' title='bbox 1395 2918 1466 2940; x_wconf 83' lang='lat' dir='ltr'>Ms..·</span> <span class='ocrx_word' id='word_1_713' title='bbox 1483 2916 1622 2946; x_wconf 86' lang='lat' dir='ltr'>episcopo.</span> 
     </span>
    </p>
   </div>
   <div class='ocr_carea' id='block_1_12' title="bbox 2474 2526 2498 3242">
    <p class='ocr_par' dir='ltr' id='par_1_12' title="bbox 2474 2526 2498 3242">
     <span class='ocr_line' id='line_1_100' title="bbox 2474 2526 2498 3242; textangle 90"><span class='ocrx_word' id='word_1_714' title='bbox 2479 3046 2498 3242; x_wconf 45' lang='lat'>*21*-</span> <span class='ocrx_word' id='word_1_715' title='bbox 2475 2774 2498 3035; x_wconf 49' lang='grc' dir='ltr'>ὤμ’-Ἧι*ὲ-ἰ1ιυ</span> <span class='ocrx_word' id='word_1_716' title='bbox 2487 2732 2498 2756; x_wconf 58' lang='grc' dir='ltr'><em>ι</em></span> <span class='ocrx_word' id='word_1_717' title='bbox 2484 2631 2498 2720; x_wconf 41' lang='lat' dir='ltr'>:nr-m</span> <span class='ocrx_word' id='word_1_718' title='bbox 2483 2583 2498 2598; x_wconf 74' lang='lat'>,¹</span> <span class='ocrx_word' id='word_1_719' title='bbox 2474 2526 2498 2566; x_wconf 76' lang='lat'>··&#39;.</span> 
     </span>
    </p>
   </div>
  </div>
 </body>
</html>
