2498 3242
139 288 197 320 925
995 281 1210 321 SEPTIEME
1232 284 1392 322 ANNEE.
2191 297 2249 327 926

138 358 218 387 tum,
234 354 363 381 decimae
385 354 514 382 omnium
535 354 700 382 reddituum
721 359 750 382 et
771 359 962 391 proventuum
984 355 1150 383 monasterii

137 402 290 432 memorati
312 410 385 438 quas
406 402 569 430 abbatissae
590 404 618 430 in
641 412 713 430 usus
733 404 865 439 proprios
888 404 1100 439 expendebant,
1124 405 1151 431 in

138 459 323 479 communem
339 452 582 479 sustentationem
597 453 724 488 ipsarum
742 452 907 480 monialium
921 453 956 479 de
971 457 1068 480 cetero
1080 461 1152 480 con-

137 503 330 529 verterentur.
343 515 376 521 —
393 501 448 527 hoo
463 504 604 528 statutum
621 501 802 529 confirmare.
813 517 846 521 —
857 501 941 535 (Rae.
958 502 998 534 17,
1011 502 1031 529 f.
1045 501 1094 528 123
1103 507 1149 533 v0;

137 557 204 577 ann.
222 548 288 581 VII,
304 557 331 576 c.
347 549 422 582 435.)

179 663 191 677 α
212 674 232 680 ..
252 651 362 680 decane
377 656 403 681 et
419 653 584 681 conventui
604 653 790 682 monialium
813 653 994 682 monasterii
1019 653 1151 682 Vilicen-

135 705 188 740 sis,
214 705 334 734 ordinis
355 707 456 735 sancti
473 706 642 736 Benedicti.
668 706 855 736 Coloniensis
875 707 1010 736 diocesis.
1032 706 1116 738 Cum
1133 715 1151 737 a

135 757 232 788 nobis
248 775 297 786 —.
315 758 389 788 Dat.
406 758 574 794 Laterani,
591 759 653 789 XV
667 758 828 790 kalendas
843 759 1003 799 januarii,
1020 759 1151 799 pontifi-

135 814 229 842 catus
246 812 351 841 nostri
367 821 454 842 anno
471 812 622 851 septimo.
641 825 654 840 ι)

170 1073 368 1108 Suffraganeis
389 1073 618 1101 Terraconensis
637 1073 779 1100 ecclesiae
799 1073 914 1100 mandat
934 1077 1079 1108 quatenus
1095 1072 1150 1100 Ca-

135 1124 298 1158 laguritano
314 1127 342 1150 et
357 1122 532 1150 Calciatensi
547 1123 686 1158 episcopo
702 1126 731 1149 et
746 1122 892 1149 nonnullis
908 1123 974 1157 ejus
990 1122 1148 1155 canonicis,

134 1171 184 1207 qui
203 1179 254 1207 pro
270 1171 375 1198 tuenda
392 1171 591 1198 ecclesiastica
607 1171 738 1198 libertate
750 1170 884 1197 exsulare
895 1170 1084 1205 cogebantur,
1097 1178 1150 1197 cu-

134 1224 199 1248 rent
218 1220 247 1247 in
269 1221 332 1247 suis
353 1220 578 1247 necessitatibus
595 1219 757 1254 providere.
782 1234 815 1239 -
835 1218 918 1252 (Rae.
937 1219 979 1251 17,
998 1219 1017 1245 f.
1036 1218 1086 1246 123
1103 1225 1148 1250 v⁰;

133 1276 200 1296 ann.
220 1267 285 1299 VlI,
302 1276 327 1294 ο,
344 1267 412 1299 436;
430 1282 464 1288 -
482 1268 518 1294 cf.
536 1275 634 1301 supra,
652 1273 682 1293 n⁰
700 1267 790 1300 1666.)

682 1011 798 1043 Latran,
818 1012 847 1038 11
864 1012 978 1045 janvier
1000 1011 1077 1038 1234.

174 1382 188 1397 α
205 1370 416 1408 Suffrayaneis
432 1370 665 1399 Terraconensis
680 1370 809 1399 ecclesie.
832 1368 996 1399 Sollicitat
1012 1377 1072 1399 nos
1089 1377 1148 1407 pa-

112 1419 225 1454 ‘terna
243 1440 292 1452 —.
312 1423 386 1453 Dat.
410 1422 583 1457 Laterani,
607 1423 658 1452 III
682 1422 758 1452 idus
775 1421 941 1462 januarii,
962 1430 1050 1451 anno
1073 1430 1147 1460 sep-

130 1476 223 1506 timo.
244 1488 256 1503 ))

203 1675 223 1703 1
231 1675 318 1704 682

164 1737 339 1767 Fridericus.
354 1737 552 1764 Romanorum
570 1738 736 1773 imperator.
750 1737 893 1772 Gregorio
904 1737 949 1764 IX
966 1747 1055 1774 papae
1070 1739 1144 1766 scri—

126 1788 169 1815 bit
189 1795 222 1814 se
247 1792 375 1822 paratum
397 1795 464 1814 esse
483 1795 548 1814 cum
566 1788 630 1822 ipso
645 1790 745 1814 contra
761 1787 862 1814 hostes
876 1787 943 1814 fidei
959 1789 1066 1823 proelia
1084 1787 1145 1815 Do-

127 1836 198 1864 mini
221 1837 370 1871 proeliari;
391 1836 468 1871 quod
488 1837 602 1871 aliquos
622 1836 658 1863 de
679 1836 815 1863 fratribus
838 1836 1072 1864 praedicatorum
1094 1846 1144 1872 pro

127 1884 353 1912 Sarracenorum
366 1886 558 1912 conversione
576 1885 724 1912 Luceriam
742 1885 845 1918 mittat,
857 1890 971 1920 gratum
989 1886 1044 1912 sibi
1061 1893 1142 1918 esse;

127 1934 158 1961 in
179 1933 261 1961 brevi
283 1942 316 1960 se
339 1935 434 1969 ipsum
456 1933 491 1960 ad
512 1937 609 1969 partes
630 1934 694 1960 illas
716 1937 870 1961 venturum
892 1934 990 1969 ibique
1007 1935 1144 1962 fratribus

129 1983 186 2010 illis
201 1982 356 2009 affuturum
373 1991 449 2010 esse.
462 1997 498 2003 —
515 1982 598 2015 (Rea.
614 1983 654 2015 17,
673 1983 691 2010 s.
707 1983 754 2010 t23
767 1989 811 2014 νος
827 1991 893 2009 ann.
907 1983 974 2016 VII,
986 1992 1012 2010 c.
1024 1983 1092 2015 437;
1111 1999 1144 2004 —

127 2031 249 2059 MonssAu
266 2031 342 2063 1188,
355 2031 373 2058 s.
385 2031 437 2058 233
449 2040 455 2062 ;
468 2046 501 2051 —
516 2031 687 2058 Ronsunsno
701 2031 751 2059 565
763 2037 768 2053 ¹
782 2041 787 2062 ς
804 2031 886 2058 —cs.
899 2040 995 2066 supra,
1010 2031 1144 2066 n01540.)

630 1673 749 1707 Butera,
767 1674 782 1702 3
797 1674 952 1702 decembre
971 1676 1074 1710 112331.

172 2146 185 2161 tt
203 2135 312 2163 Littere
330 2134 363 2163 F.
379 2135 575 2172 imperatoris
589 2133 630 2163 ad
644 2133 805 2163 dominum
825 2142 950 2171 papam.
975 2134 1145 2164 Reveren-

129 2186 261 2217 tissimo
283 2186 318 2216 in
341 2185 475 2217 Christo
499 2203 548 2215 ——.
571 2185 753 2225 Apostolici
778 2184 936 2215 culminis
960 2185 1071 2216 littere
1093 2203 1142 2216 ——.

129 2241 204 2270 Dat.
222 2240 382 2279 Buterle]v
401 2240 466 2270 ΙΙΙο
481 2238 678 2274 decembris,
692 2239 771 2269 V11·
787 2238 981 2269 indictione.
1000 2251 1012 2266 »

201 2439 317 2468 1683
702 2437 816 2465 Latran.
835 2437 850 2465 3
862 2438 978 2472 janvier
993 2437 1070 2465 1234.

164 2501 366 2532 Foroliviensi,
379 2499 653 2534 Forolpolpuliensi,
664 2499 853 2531 Ariminensi,
864 2498 1026 2531 Caesenati,
1038 2498 1144 2526 Faven-

127 2551 198 2583 tino,
221 2549 383 2581 cerviensi,
407 2548 563 2575 Xan-senati
585 2553 614 2575 et
634 2547 777 2575 Feltrensi
797 2548 955 2583 episcopis,
979 2547 1143 2581 abbatibus,

126 2599 274 2635 prioribus
288 2602 315 2625 et
331 2597 395 2625 aliis
411 2597 601 2624 ecclesiarum
619 2597 754 2632 praelatis
768 2604 802 2623 ac
818 2597 954 2624 universo
969 2597 1047 2624 clero
1063 2598 1145 2632 eJus·

127 2647 191 2675 dem
217 2648 347 2682 regionis
368 2646 485 2673 mandat
505 2649 650 2680 quatenus
671 2645 828 2680 Jlaquintol
842 2667 848 2678 ,
869 2646 963 2680 ipsius
984 2655 1074 2682 papae
1096 2654 1145 2673 ca-

126 2697 255 2733 pellano.
272 2695 377 2723 rectori
399 2694 513 2721 Massae
532 2693 697 2726 Trabariae,
719 2695 746 2720 in
765 2694 871 2721 annuis
891 2695 1144 2731 procurationibus

132 2828 145 2831 ”
161 2832 182 2856 1.
201 2831 367 2861 Rodenberg
387 2836 422 2854 ne
443 2829 534 2854 donne
555 2831 657 2861 qu'une
672 2830 770 2861 simple
789 2830 902 2861 analyse
917 2829 951 2854 de
968 2832 1040 2854 cette
1056 2829 1143 2861 picco,

129 2876 197 2901 dont
208 2882 244 2900 on
256 2878 386 2899 trouvcra
396 2874 422 2898 le
433 2876 508 2898 texte
519 2874 588 2898 dans
600 2873 728 2904 Horten,
739 2875 839 2898 Kaiser
850 2875 996 2898 Friedrich
1007 2876 1041 2904 11,
1054 2881 1078 2905 p.
1090 2874 1144 2905 346,

130 2923 158 2945 et
168 2920 236 2944 dans
251 2917 683 2948 HeinnAnn-Bniiuonnas‚11ist.
698 2919 845 2948 diplomat.
859 2919 998 2942 Friderici
1014 2919 1144 2949 secundi,

130 2968 149 2990 t.
166 2964 214 2993 lv,
229 2971 254 2996 p.
271 2963 314 2988 457
331 2963 375 2993 (cs.
391 2962 635 2992 Boumer—Ficker,
649 2962 728 2994 2034).

1235 357 1413 392 respondere
1436 363 1549 386 curent.
1571 373 1604 380 --
1625 359 1707 393 (Rae.
1728 360 1770 389 17,
1792 360 1810 386 s.
1832 360 1876 387 124
1895 367 1935 391 νος
1953 370 2019 387 ann.
2037 361 2108 391 VII,
2132 370 2157 389 c.
2178 362 2247 398 43&

1235 420 1268 424 —-
1285 405 1454 434 Ronmnuno
1473 407 1546 440 569.)

1277 520 1289 534 α
1312 508 1526 541 Foroliviensi.
1545 510 1766 547 Foropulicnsi‚
1786 511 1990 546 Ariminensi,
2016 512 2162 547 Cesenati,
2188 513 2249 542 Fa-

1234 562 1370 595 ventino,
1394 561 1561 596 Ccrviensi,
1580 563 1742 591 Xarsenati
1761 567 1787 591 et
1806 563 1954 592 Feltrensi
1973 566 2134 602 episcopis,
2156 566 2248 595 abba-

1235 613 1324 648 tibus,
1346 615 1505 651 prioribus
1532 620 1558 643 et
1581 616 1655 644 aliis
1679 616 1874 644 ecclesiarum
1898 618 2026 653 prelatis
2046 627 2081 646 ac
2104 619 2248 648 universo

1233 666 1312 695 clero
1327 667 1493 695 civitatium*
1510 672 1536 696 ct
1555 667 1707 696 diocesani
1724 668 1857 697 locorum
1882 670 2028 706 ipsorum.
2047 670 2128 700 Cum
2145 670 2248 701 dilcc-

1233 720 1303 747 tum
1320 717 1427 747 filium
1445 736 1493 748 —.
1512 720 1586 749 Dat.
1606 720 1779 754 Laterani,
1798 721 1847 751 III
1865 722 2137 760 nonasjanuarfi,
2160 732 2247 754 anno

1234 770 1386 809 septimo.
1408 782 1420 796 »

1307 964 1327 992 1
1334 963 1422 992 1384

1269 1024 1429 1057 Willelmo,
1447 1026 1584 1061 episcopo
1604 1026 1772 1059 Parisiensi,
1791 1028 1964 1062 supplicanti
1979 1034 2018 1060 ut,
2036 1029 2246 1064 cumpluribus

1232 1073 1267 1099 de
1284 1073 1417 1100 mandato
1433 1074 1591 1108 apostolico
1609 1075 1725 1102 duxerit
1741 1076 1768 1102 in
1784 1076 1934 1103 beneficiis
1951 1077 2176 1111 providendum,
2193 1079 2246 1105 ali-

1231 1124 1279 1150 cui
1295 1122 1330 1149 de
1353 1127 1451 1149 cetero
1466 1132 1518 1158 per
1538 1124 1648 1151 litteras
1664 1125 1838 1159 apostolicas
1855 1134 1927 1160 quae
1943 1126 1978 1152 de
1997 1127 2049 1153 hac
2068 1127 2246 1161 indulgentia

1233 1179 1288 1198 non
1315 1171 1436 1198 fecerint
1464 1173 1654 1205 mentionem,
1680 1173 1832 1208 providere
1858 1183 1914 1201 non
1940 1178 2089 1207 teneatur,
2112 1176 2246 1203 concedit

1232 1221 1385 1255 postulata,
1400 1221 1454 1247 nisi
1468 1221 1540 1248 sorte
1553 1230 1602 1256 pro
1613 1222 1728 1249 clericis
1746 1222 1920 1250 Parisiensis
1936 1223 2081 1250 dioecesis
2094 1224 2156 1259 ipse
2173 1233 2245 1260 papa

1231 1268 1324 1295 eidem
1350 1269 1487 1304 episcopo
1511 1270 1648 1296 direxerit
1670 1272 1778 1305 scripta
1798 1280 1860 1299 sua.
1878 1287 1911 1291 —
1929 1272 2010 1304 (Rau.
2037 1273 2080 1304 17,
2098 1273 2117 1299 f.
2138 1273 2185 1300 124
2201 1280 2243 1305 r⁰;

1230 1326 1296 1344 ann.
1330 1317 1392 1350 VII,
1418 1326 1443 1344 c.
1470 1318 1537 1349 4393
1564 1332 1598 1338 -
1622 1319 1742 1346 Monam
1767 1319 1845 1351 1188,
1869 1321 1888 1346 f.
1914 1321 1982 1352 2723
2008 1336 2040 1340 —
2064 1321 2100 1348 N.
2126 1321 2243 1354 Vmoxs,

1230 1366 1389 1393 Guillaume
1403 1367 1584 1400 d’Aurerqne,
1603 1376 1630 1402 p.
1647 1368 1720 1401 358.)

1806 964 1918 996 Latran,
1938 966 1949 992 *i
1965 966 2078 999 janvier
2097 966 2173 994 1234.

1272 1481 1285 1495 «
1309 1470 1494 1502 ll'uillelmo,
1518 1471 1652 1507 episcopo
1668 1471 1847 1500 Parisiensi.
1870 1471 1959 1501 Licet
1978 1472 2167 1509 Apostolica
2183 1473 2242 1503 Se-

1229 1521 1286 1552 des
1308 1539 1357 1550 —.
1385 1522 1458 1551 Dat.
1482 1523 1658 1558 Laterani,
1685 1524 1717 1553 11
1740 1532 1844 1553 nonas
1867 1524 2035 1563 januarii,
2063 1534 2149 1555 anno
2172 1534 2242 1564 sep-

1227 1575 1319 1605 timo.
1339 1587 1352 1601 ›>

1301 1762 1319 1789 Ι
1329 1762 1417 1790 685

1262 1822 1433 1858 Praeposito
1457 1823 1624 1850 Placentino
1645 1824 1760 1850 mandat
1780 1828 1924 1859 quatenus
1941 1826 2155 1860 impetratorem
2172 1836 2243 1862 qua-

1226 1872 1358 1898 rumdam
1375 1872 1544 1904 litterarum,
1562 1873 1670 1907 quibus
1691 1873 1762 1899 falso
1779 1873 1833 1908 ipsi
1852 1883 1940 1909 papae
1959 1880 2133 1909 suggestum
2149 1876 2242 1903 suerat

1227 1919 1359 1946 abbatem
1376 1924 1405 1946 et
1420 1925 1596 1947 conventum
1613 1920 1649 1947 de
1660 1920 1834 1948 Castellione
1845 1922 1983 1956 quasdam
2002 1923 2106 1949 habere
2123 1932 2242 1959 posses-

1227 1968 1337 1996 siones,
1355 1969 1389 1994 tle
1405 1977 1526 2003 quarum
1546 1969 1711 1996 venditione
1727 1971 1867 2005 quaedam
1887 1972 1994 1998 utilitas
2011 1973 2119 1999 eisdem
2139 1981 2242 2007 prove-

1228 2017 1290 2044 nire
1306 2020 1415 2051 posset,
1432 2017 1456 2043 si
1473 2021 1552 2044 esset
1568 2017 1702 2051 clericus,
1714 2026 1891 2053 suspensum
1908 2020 1942 2045 ab
1959 2020 2050 2047 officio
2063 2025 2090 2047 et
2103 2022 2242 2049 beneficio

1227 2066 1327 2092 venire
1342 2066 1377 2092 ad
1393 2066 1579 2100 apostolicam
1595 2067 1799 2102 praesentiam,
1813 2068 1837 2094 si
1850 2068 1950 2100 laicus,
1968 2069 2002 2095 ad
2019 2069 2241 2105 impendendam

1228 2121 1317 2149 super
1337 2114 1393 2141 hoc
1417 2114 1511 2141 eidem
1533 2116 1708 2142 monasterio
1732 2124 1888 2150 congruam
1910 2118 2136 2145 satisfactionem
2161 2127 2242 2146 com-

1228 2163 1325 2198 pellat.
1341 2177 1376 2183 —
1394 2163 1476 2196 (Ruso.
1495 2164 1537 2196 17,
1554 2164 1572 2190 f.
1594 2164 1641 2191 124
1658 2171 1704 2196 v⁰;
1721 2173 1788 2192 ann.
1807 2164 1873 2197 VII,
1892 2174 1918 2193 c.
1936 2166 2010 2199 440.)

1801 1763 1914 1793 Lati-an,
1932 1764 1945 1790 -t
1960 1764 2074 1798 janvier
2094 1765 2169 1792 1234.

1270 2277 1283 2291 «
1304 2288 1321 2294 ..
1338 2267 1490 2304 preposito
1511 2267 1700 2297 Placentino.
1722 2268 1865 2298 Gravem
1884 2268 2079 2299 dilectorum
2097 2270 2242 2300 liliorum

1229 2342 1249 2348 ..
1267 2318 1398 2349 abbatis
1417 2323 1447 2349 et
1464 2324 1647 2350 conventus
1666 2320 1705 2351 de
1721 2320 1924 2352 Castellione
1941 2323 2127 2361 recepimus
2143 2333 2242 2362 ques-

1226 2372 1353 2402 tionem
1369 2372 1466 2411 quod,
1485 2372 1566 2403 olim
1582 2373 1666 2404 falso
1678 2374 1774 2404 nobis
1789 2374 1850 2404 sub
1863 2376 1996 2406 nomine
2008 2376 2157 2415 ipsorum
2168 2386 2241 2416 sug-

1227 2429 1318 2464 gesto
1341 2426 1428 2465 quod
1451 2426 1612 2465 quasdam
1634 2428 1866 2466 possessiones
1888 2428 2053 2459 habebant
2077 2439 2135 2468 per
2155 2434 2239 2466 tres,

1227 2479 1388 2518 quasdam
1404 2488 1482 2509 vero
1497 2489 1556 2518 per
1572 2489 1628 2510 sex
1648 2481 1754 2511 dietas
1772 2490 1789 2510 a
1807 2482 2010 2512 monasterio
2025 2483 2173 2521 ipsorum
2189 2492 2242 2514 re-

1225 2536 1343 2574 motas,
1362 2532 1401 2562 de
1417 2533 1551 2572 quibus,
1566 2538 1699 2572 propter
1711 2534 1930 2564 remotionem
1943 2535 2091 2572 ipsarum
2105 2540 2134 2565 et
2147 2545 2240 2573 guer-

1226 2593 1339 2615 rarum
1359 2585 1535 2621 incursus,
1561 2586 1666 2616 nichil
1688 2586 1740 2617 vel
1760 2587 1925 2617 modicum
1949 2587 2105 2617 utilitatis
2129 2598 2241 2626 prove-

1227 2637 1342 2667 niebat
1357 2637 1505 2674 eisdem,
1533 2639 1718 2669 venerabili
1740 2639 1837 2669 fratri
1858 2645 1969 2669 nostro
1993 2663 2011 2668 ..
2036 2640 2240 2671 Tei-demensi

1227 2690 1380 2729 episcopo
1395 2695 1427 2721 et
1445 2715 1464 2720 ..
1484 2692 1651 2730 preposito
1666 2693 1832 2723 Januensi
1850 2693 1972 2722 nostris
1988 2693 2140 2724 dedimus
2156 2694 2241 2724 litte-

1226 2745 1274 2773 ris
1289 2743 1323 2774 in
1342 2744 1519 2780 mandatis,
1538 2750 1584 2781 ut,
1603 2745 1765 2784 inquisita
1782 2754 1881 2784 super
1897 2745 1956 2776 hoc
1973 2746 2168 2783 diligentius
2185 2757 2241 2778 ve-

1226 2797 1336 2832 ritate,
1358 2797 1387 2828 si
1404 2797 1555 2829 viderent
1577 2799 1684 2828 eidem
1707 2799 1909 2829 monasterio
1925 2800 2094 2838 expedire,
2117 2805 2148 2831 et
2165 2810 2241 2840 pre-

1227 2849 1307 2879 dicti
1337 2850 1439 2881 abhas
1472 2856 1501 2881 et
1532 2855 1714 2881 conventus
1745 2851 1796 2882 vel
1826 2852 1930 2891 major
1960 2857 1989 2882 et
2021 2853 2134 2883 sanior
2165 2863 2240 2892 pars

1226 2901 1375 2940 ipsorum
1392 2903 1576 2933 venditioni
1593 2904 1817 2934 consentirent
1835 2914 1964 2935 earum.
1985 2905 2148 2935 vendendi
2165 2905 2240 2937 illas

1228 2955 1387 2994 predictis
1404 2955 1515 2986 abbati
1538 2961 1569 2987 et
1588 2957 1766 2987 conventui
1787 2957 2003 2988 concederent
2028 2959 2237 2996 facultatem,
