2498 3242
286 307 341 341 831

288 384 402 414 quam,
420 375 623 413 preambnlis
639 376 794 414 operibns
810 377 984 412 bonitatis,
1002 377 1125 408 directe
1142 377 1296 416 perveni-

287 434 360 458 reut
373 428 413 457 ad
428 428 580 466 patriam.
594 428 776 466 elegerunt.
792 429 878 459 Hinc
894 433 941 459 est
959 430 1046 468 quod
1060 430 1125 468 ipsi
1141 430 1296 460 Sanctam

287 481 470 510 Romanam
494 480 691 516 Ecclesiam,
714 490 868 520 sponsam
891 481 1040 512 inclitam
1057 482 1179 512 summi
1195 481 1294 519 regis,

288 541 352 572 qua
384 533 534 567 rectrice,
565 542 628 572 qua
659 533 740 564 duce
771 534 810 564 ad
842 535 955 573 sponsi
982 534 1119 564 delicias
1148 533 1296 564 fidelium

288 585 413 614 anime.
438 591 594 623 operante
617 586 729 616 diviua
755 586 947 622 clementia,
974 587 1214 625 perducuntur,
1239 585 1297 615 illa

288 642 363 667 sunt
394 637 529 675 speciali
555 639 740 668 reverentia
768 639 951 677 prosecuti,
980 644 1015 669 ut
1041 648 1098 677 pre
1124 638 1296 669 catholicis

287 689 494 728 principibus
516 691 683 721 universis
706 691 889 721 devotionis
906 696 937 721 et
959 691 1036 721 tidei
1055 691 1205 720 obtinere
1221 691 1297 720 hra-

288 742 390 777 vium,
405 742 499 771 nobis
513 743 630 773 exinde
642 744 815 773 allectione
827 749 963 782 paterna
977 743 1210 781 gaudentibus,
1226 744 1297 773 t‘ere

289 795 354 824 sint
379 795 419 824 al‘·
441 796 595 825 omnibus
621 796 781 825 extimati.
809 797 880 826 Scis
906 797 1011 831 enim,
1038 796 1085 824 tili
1111 795 1294 831 carissime,

290 848 357 877 uisi
373 848 456 877 t'ortc
473 848 506 876 id
524 848 583 876 tibi
600 848 651 877 det
670 849 767 878 etatis
781 849 949 884 teneritas,
962 848 1023 883 vel,
1039 848 1125 886 quod
1136 848 1233 883 absit,
1248 851 1297 877 at-

290 900 447 930 tentionis
464 900 638 930 modicitas
652 901 840 938 ingnorare,
857 901 953 939 quod,
969 901 1215 939 progenitorum
1229 904 1296 930 tuo-

289 961 362 981 rum
378 952 550 989 diligentia
569 958 597 982 et
617 954 747 988 virtute,
767 953 800 982 in
817 953 944 983 ambitu
960 953 1054 991 regni
1071 953 1209 982 Francie
1225 953 1297 982 visa

289 1010 337 1034 est
348 1013 476 1042 semper
489 1004 623 1034 libertas
634 1005 859 1035 ecclesiastica
868 1006 1032 1041 retlorerc,
1042 1005 1139 1044 quod,
1148 1006 1297 1043 ipsorum

289 1057 388 1086 etiam
411 1057 659 1094 triumphatrice
676 1058 838 1095 potentia,
858 1063 891 1087 ut
911 1059 1042 1096 exponit
1063 1058 1183 1087 melius
1200 1067 1297 1096 expe—

289 1109 409 1138 rientia
424 1118 522 1147 quani
538 1110 674 1145 relatus,
692 1110 838 1140 heretica
854 1111 1015 1148 pravitate
1029 1110 1177 1146 cadente,
1195 1110 1299 1140 crevit

289 1161 393 1199 gloria
404 1161 481 1191 tidei
495 1162 687 1192 christiane.
705 1162 800 1193 Unde
815 1163 1008 1201 provenisse
1024 1163 1190 1193 credimus
1206 1162 1299 1193 exul-

290 1218 396 1243 tantes
419 1215 521 1252 quod.
543 1214 677 1244 illorum
699 1216 831 1245 nomine
852 1215 886 1244 in
907 1215 985 1245 orbe
1007 1219 1170 1245 terrarum
1190 1225 1299 1245 rema-

290 1272 388 1296 nente
411 1266 550 1301 celebri,
569 1267 635 1297 sint
652 1268 715 1306 ipsi
739 1278 757 1298 a
778 1268 917 1297 Domino
938 1268 1169 1299 retributionis
1186 1273 1299 1299 eterne

289 1320 414 1357 premia
432 1321 612 1350 consecuti.
630 1321 715 1356 Quid
733 1321 846 1358 igitur,
861 1321 1014 1359 princeps
1029 1323 1183 1359 egregie?
1199 1322 1227 1352 si
1245 1327 1300 1352 tua

291 1378 377 1402 tenet
407 1372 589 1402 industria.
619 1374 706 1411 quod
732 1374 810 1403 vitis
839 1374 1018 1404 valentiam
1047 1375 1082 1404 in
1109 1384 1142 1404 se
1171 1375 1299 1413 palmes

289 1425 404 1454 debeat
418 1426 586 1455 continere
598 1428 617 1461 ¹,
636 1427 701 1456 tuis
715 1431 763 1456 est
780 1427 956 1457 desideriis
972 1427 1195 1458 inherendum
1212 1430 1300 1467 quod

290 1483 420 1507 tuorum
448 1478 583 1508 colenda
609 1479 750 1517 vestigia
773 1479 839 1509 sint
865 1480 1017 1518 amplexu
1042 1481 1198 1511 continuo
1224 1492 1240 1511 a
1269 1486 1299 1512 te

289 1530 502 1561 laudabiliter
520 1532 696 1567 imitanda,
716 1537 749 1561 ut
770 1542 836 1562 non
851 1537 915 1562 tam
934 1542 1035 1571 regno
1049 1543 1147 1572 quam
1166 1534 1300 1564 virtuti-

291 1583 351 1612 bus
374 1583 470 1613 lieres
494 1584 628 1613 inclitus
653 1586 887 1623 comproberis.
910 1587 1011 1615 Porro
1034 1587 1062 1616 si
1078 1587 1299 1624 contrarium,

291 1636 376 1673 quod
392 1636 488 1666 absit.
507 1638 664 1666 efficeres.
681 1637 741 1666 tibi
757 1637 993 1668 den-numium
1010 1640 1155 1669 nominis
1172 1644 1203 1670 et
1219 1644 1300 1672 mul-

291 1691 332 1720 tis
361 1689 546 1727 exemplum
571 1690 745 1728 reprobum
777 1699 983 1728 procurares.
1013 1693 1097 1730 Ergo
1123 1699 1157 1723 ut
1188 1696 1301 1726 anima

291 1747 402 1772 nostra
431 1742 491 1771 tibi
518 1742 760 1772 benedictionis
788 1743 856 1773 tilio
883 1744 1078 1775 benedicere
1107 1747 1297 1784 delectetur,

291 1795 438 1824 animum
467 1799 558 1823 tuum
587 1795 748 1832 deputans
775 1796 930 1833 operibus
958 1797 1108 1834 pictatis,
1138 1804 1173 1828 ut
1201 1809 1299 1839 quem

291 1856 445 1883 magnum
475 1852 591 1876 natura
622 1848 753 1883 genuit,
783 1848 882 1878 etiam
913 1849 1057 1879 edidisse
1084 1852 1299 1888 magnificum

290 1899 451 1928 videatur.
469 1904 539 1928 rota
557 1904 669 1928 nostra
684 1900 769 1929 circa
782 1902 1003 1930 reverentiam
1020 1903 1135 1932 matris
1153 1904 1299 1935 licclesie

289 1951 462 1981 devotione
487 1960 686 1989 prosequere
709 1952 820 1987 tiliali,
840 1962 952 1990 preces
974 1958 1001 1983 et
1021 1955 1225 1994 monitaque
1240 1966 1298 1995 pro
1319 1962 1322 1963 ’

289 2004 471 2033 venerabili
489 2005 589 2033 fratre
606 2010 717 2034 nostro
734 2028 755 2033 ..
773 2005 1021 2045 archiepiscopo
1038 2007 1298 2046 Rotliomagensi

289 2062 342 2085 tue
367 2056 558 2085 celsittnlini
584 2067 698 2086 secura
723 2058 845 2087 fiducia
866 2059 1081 2096 replicamus,
1105 2061 1152 2089 sic
1173 2062 1298 2091 efficaci

288 2109 546 2146 promptitudine
563 2110 785 2147 completurus
797 2133 803 2145 ,
823 2116 855 2140 ut
877 2111 1002 2150 absque
1019 2122 1108 2143 more
1124 2113 1298 2151 dispendio

287 2161 350 2190 sibi
370 2166 398 2190 et
416 2162 554 2191 ecclesie
571 2172 628 2192 sne
645 2172 702 2200 per
719 2168 748 2192 te
765 2163 931 2193 restitutio
948 2166 1003 2194 tiat
1019 2166 1168 2195 omnium
1185 2167 1298 2196 subla-

288 2219 410 2248 toru1n3
426 2215 599 2252 presertim
615 2224 700 2243 cum.
717 2225 754 2244 ex
771 2217 881 2245 animo
895 2217 1066 2254 cupientes
1082 2218 1147 2248 tuis
1163 2228 1297 2249 conser-

288 2265 403 2295 vandis
420 2266 553 2305 juribus
574 2277 637 2296 non
658 2268 793 2302 deesse,
812 2269 919 2306 parati
936 2279 1068 2305 sumus,
1087 2271 1116 2300 si
1137 2271 1296 2302 adversus

287 2318 427 2347 eundem
445 2319 730 2357 archiepiscopum
747 2321 842 2359 tejns
859 2321 992 2360 aliquod
1006 2323 1127 2353 habere
1145 2324 1294 2362 contidis,

286 2370 443 2399 exhibere
461 2371 520 2399 tibi
532 2372 663 2410 justitio·
679 2373 972 2410 con‘qilementum:
994 2375 1140 2406 volentes
1157 2377 1295 2408 nichilo-

287 2423 399 2452 minus
412 2423 451 2452 ad
465 2425 687 2453 exauditionis
699 2426 861 2463 condigne
875 2427 1014 2464 gratiam
1027 2429 1225 2459 sublimitati
1240 2435 1295 2462 tue

287 2475 358 2504 tieri
387 2476 563 2506 debitores.
588 2477 627 2505 si.
653 2477 781 2507 sublata
807 2479 945 2508 materia
973 2481 1203 2511 scandalorum
1231 2493 1294 2522 que

285 2533 418 2565 possent
440 2529 588 2557 accidere
612 2530 649 2558 dv
673 2539 829 2568 oppressa
855 2532 1132 2571 Rothomagensis
1156 2536 1294 2566 «eclesie

286 2580 455 2615 libertate,
477 2585 566 2611 tuam
583 2582 792 2611 clementiam
812 2584 986 2614 audiamus
1002 2595 1139 2624 propere
1157 2598 1219 2626 que
1235 2598 1294 2627 pro

286 2641 421 2663 munere
453 2635 586 2671 speciali
618 2635 843 2673 deposcimus,
876 2638 1037 2667 etl'ecisse.
1068 2640 1222 2670 Ceterum
1252 2651 1293 2671 ne

285 2693 383 2723 super
400 2686 465 2716 hiis
485 2688 590 2716 nostri
611 2688 660 2717 vel
684 2689 789 2718 divini
805 2689 914 2727 potins
931 2690 1129 2729 beneplaciti
1151 2694 1294 2732 comple-

284 2742 431 2767 mentum
449 2739 617 2778 aliquibus
631 2741 735 2778 possit
750 2741 930 2772 obstaculis
944 2743 1109 2781 impediri.
1128 2747 1292 2784 sepedicto

285 2790 548 2830 archiepiscopo.
574 2802 670 2831 quem
695 2803 753 2832 pro
779 2794 891 2824 divina
917 2800 945 2825 ct
973 2802 1083 2826 nostra
1106 2800 1293 2830 reverentia

283 2841 367 2871 dono
385 2847 439 2873 tue
455 2845 560 2881 gratie
576 2845 719 2883 petimus
736 2847 869 2877 assidue
885 2849 1064 2885 confoveri,
1083 2850 1198 2881 damus
1214 2861 1292 2883 nos-

316 2959 336 2984 t.
353 2959 618 2991 Cs.J011ANN.,XV,
637 2964 730 2988 4015.

1010 313 1250 343 REGISTRES
1272 312 1328 343 DE
1350 305 1572 343 GREGOIRE
1595 314 1653 344 IX.

2324 314 2381 346 832

1378 377 1438 407 tris
1451 377 1572 408 litteris
1589 379 1623 408 in
1639 379 1805 410 mandatis
1820 383 1873 416 ut,
1893 383 1924 410 te
1940 389 2039 419 super
2056 380 2228 419 premissis
2244 380 2382 420 obsequi

1378 434 1490 460 nostro
1508 430 1673 461 desiderio
1695 431 1842 462 filialiter
1861 436 2068 468 assumente,
2085 432 2185 463 latam
2202 432 2242 462 ab
2260 433 2331 471 ipso
2346 433 2381 463 in

1377 481 1565 513 detentores
1591 483 1814 521 predictorum
1842 484 2003 514 bonorum
2032 485 2382 516 excommunicationis

1378 535 1578 565 sententiam
1609 535 1776 572 relaxare,
1810 536 1940 566 sublato
1973 537 2150 576 quuslibet
2178 537 2382 568 difficultatis

1377 586 1561 623 obstaculo,
1589 597 1653 617 non
1676 593 1860 627 postponat.
1886 589 1959 619 Dat.
1982 589 2149 627 Anagnie,
2170 590 2202 619 X
2223 589 2382 620 kalendas

1378 640 1586 678 septembris,
1605 649 1692 670 anno
1707 641 1858 679 septimo.
1878 653 1890 667 n

1451 844 1572 872 ¹508
1959 844 2084 879 Anagni‚
2101 844 2134 872 23
2149 846 2217 872 aont
2233 845 2310 872 1233.
2335 850 2337 852 '

1415 911 1556 946 Reginam
1573 911 1711 939 Franciae
1728 916 1808 947 rogat
1823 916 1851 939 et
1866 912 1998 940 obsecrat
2014 915 2044 939 ut
2059 921 2156 947 regem
2174 912 2320 946 Franciae,
2335 922 2384 940 na-

1379 965 1438 987 tum
1457 969 1553 993 suum,
1565 961 1599 987 ad
1613 962 1666 987 hoc
1683 965 1796 987 moneat
1811 965 1839 987 et
1853 960 1981 994 inducat,
1994 965 2026 987 ut
2040 961 2256 996 archiepiscopo
2274 961 2384 988 Rotho-

1379 1009 1509 1043 magensi
1527 1009 1600 1035 bona
1611 1009 1717 1043 quibus
1734 1010 1829 1044 ipsum
1844 1009 2024 1041 destituerat,
2042 1010 2184 1036 restituat.
2196 1023 2232 1030 —
2245 1009 2327 1044 (Rae.
2340 1010 2383 1043 17,

1380 1057 1399 1084 s.
1415 1057 1450 1083 80
1466 1063 1508 1087 νος
1524 1065 1591 1083 ann.
1610 1056 1675 1089 Vll,
1692 1065 1718 1084 c.
1735 1056 1801 1089 ⁵27&
1820 1072 1852 1076 —
1869 1057 1988 1084 Monam
2005 1057 2083 1089 1188,
2102 1058 2120 1084 f.
2137 1057 2208 1090 171.)

1422 1190 1435 1204 α
1458 1201 1476 1206 ..
1502 1179 1618 1207 illustri
1634 1179 1738 1215 rapine
1754 1179 1896 1208 Francie.
1914 1178 1961 1208 Ex
1979 1178 2204 1209 immensitate
2223 1178 2386 1209 bonorum

1381 1239 1444 1269 que
1467 1230 1527 1259 tibi
1548 1230 1729 1261 contulisse
1748 1230 1933 1260 dinoscitur
1953 1231 2116 1261 immensa
2134 1231 2240 1269 gratia
2264 1231 2386 1262 Condi-

1381 1283 1476 1318 toris,
1497 1282 1589 1313 illam
1614 1283 1799 1313 devotionis
1823 1284 2081 1322 preminentiam
2103 1288 2192 1314 tuam
2214 1283 2386 1314 celsitudi-

1381 1344 1457 1366 nem
1474 1335 1639 1366 credimus
1661 1336 1897 1374 assumpsisse,
1917 1340 1953 1366 ut
1970 1345 2028 1375 pro
2049 1336 2143 1366 firmo
2160 1340 2191 1366 et
2207 1335 2320 1366 stabili
2337 1339 2386 1366 te-

1381 1396 1535 1423 neamus,
1559 1389 1645 1426 quod
1660 1389 1694 1417 in
1717 1388 1893 1419 desideriis
1909 1388 2032 1419 habeas
2055 1393 2085 1419 et
2107 1397 2278 1427 procures,
2298 1388 2385 1418 utin

1381 1440 1499 1470 diebus
1516 1441 1582 1470 tuis
1598 1440 1703 1471 honor
1724 1441 1906 1477 Altissimi,
1924 1441 2016 1479 vigor
2039 1441 2263 1472 ecclesiastice
2283 1440 2386 1471 liber-

1383 1493 1460 1523 tatis
1476 1497 1507 1523 et
1523 1493 1613 1531 regie
1630 1493 1802 1531 dignitatis
1819 1494 2007 1524 sublimitas
2028 1497 2229 1531 augeantur-3
2247 1493 2386 1523 fiducia-

1382 1545 1458 1576 liter
1477 1546 1589 1584 itaque
1608 1547 1821 1576 serenitatem
1846 1550 1935 1576 tuam
1954 1555 2109 1584 rogamus
2127 1550 2157 1577 et
2173 1546 2385 1576 obsecramus

1381 1599 1416 1628 in
1435 1599 1576 1628 Domino
1597 1599 1703 1630 Jhesu
1721 1599 1869 1634 Christo,
1887 1599 1922 1628 in
1938 1599 2169 1629 remissionem
2191 1599 2251 1628 tibi
2270 1607 2387 1637 pecca-

1382 1652 1511 1681 minum
1541 1652 1770 1691 injungentes,
1799 1656 1978 1691 quatenus,
2007 1652 2186 1690 prudenter
2212 1651 2386 1682 attendens

1383 1704 1470 1743 quod
1498 1704 1573 1734 aula
1606 1705 1700 1742 regni
1733 1705 1889 1741 Francie,
1921 1705 2042 1735 nedum
2076 1704 2215 1734 avaritie
2246 1703 2386 1734 maculis

1383 1757 1507 1792 aliena,
1527 1757 1583 1788 sed
1602 1766 1731 1795 semper
1751 1766 1823 1787 esse
1849 1757 1952 1787 soleat
1973 1757 2185 1787 liberalitatis
2203 1756 2311 1786 titulis
2332 1756 2386 1786 in-

1382 1810 1515 1847 signita,
1535 1810 1744 1840 carissimum
1761 1810 1796 1839 in
1814 1809 1946 1840 Christo
1963 1809 2070 1839 filium
2085 1813 2235 1839 nostrum
2253 1832 2272 1838 ..
2289 1808 2386 1839 illus·-

1382 1866 1465 1892 t-rem
1485 1872 1597 1899 regem
1613 1863 1766 1897 Francie,
1785 1866 1900 1892 natum
1921 1865 2028 1897 tuum,
2047 1870 2145 1900 quem
2163 1861 2204 1891 ad
2225 1861 2386 1892 virtutum
2406 1878 2411 1881 -

1381 1923 1480 1953 opera
1500 1915 1599 1945 debes
1622 1924 1658 1945 eo
1678 1915 1808 1953 plenius
1825 1915 1991 1949 animare,
2010 1923 2073 1953 quo
2095 1914 2202 1951 magis
2217 1914 2386 1944 desideras

1381 1972 1416 1997 ut
1433 1967 1476 1997 sit
1491 1976 1548 2005 pre
1563 1972 1648 1998 terre
1665 1968 1799 2005 regibus
1811 1967 1988 2005 gratiosus,
2002 1967 2043 1997 ad
2058 1967 2119 1997 hoc
2133 1967 2307 2000 affectione
2319 1975 2385 1997 ma-

1380 2025 1475 2050 terna
1490 2029 1625 2050 moneas
1643 2025 1674 2050 et
1690 2021 1845 2055 inducas,
1865 2024 1901 2049 ut
1921 2019 2104 2050 venerabili
2120 2020 2216 2050 fratri
2233 2024 2346 2050 nostro
2363 2043 2383 2050 ..

1381 2073 1628 2111 archiepiscopo
1656 2073 1916 2111 Rothomagensi
1942 2073 2029 2102 bona
2056 2072 2176 2111 quibus
2201 2072 2310 2110 ipsum
2331 2072 2386 2102 in-

1380 2125 1529 2156 consulte
1546 2126 1711 2161 destituit,
1731 2126 1885 2156 seductus
1901 2125 2012 2164 pravis
2029 2125 2300 2163 suggestionibus
2322 2125 2385 2155 ali-

1361 2187 1536 2217 quorum,
1565 2178 1719 2208 restituat
1748 2178 1920 2214 universa,
1948 2178 2058 2216 ipsum
2084 2177 2142 2207 illa
2166 2177 2384 2216 benignitatis

1379 2231 1486 2269 gratia
1506 2231 1750 2269 prosequendo,
1772 2240 1830 2269 per
1846 2239 1945 2270 quam
1964 2235 2075 2261 eterne
2094 2230 2160 2260 vite
2176 2230 2385 2260 dulcedinem

1379 2289 1410 2314 et
1425 2285 1572 2314 favorem
1585 2283 1680 2313 Sedis
1692 2283 1880 2321 Apostolice
1894 2287 2077 2319 mereatum
2095 2291 2222 2322 nosque
2235 2282 2311 2318 sibi,
2326 2282 2385 2321 qui

1378 2337 1623 2367 restitutionem
1635 2336 1825 2375 hujusmodi
1839 2345 1896 2374 pro
1905 2345 2043 2366 munere
2055 2335 2223 2373 poscimus
2235 2334 2381 2373 speciali,

1378 2390 1418 2419 ad
1441 2389 1663 2419 exauditionis
1686 2389 1825 2426 gratiam
1847 2389 2018 2427 oportunis
2038 2387 2242 2426 temporibus
2257 2386 2384 2425 oblige-

1377 2450 1466 2477 mur,
1491 2446 1522 2471 et
1548 2446 1602 2471 tue
1626 2441 1836 2471 celsitudinis
1858 2441 2079 2475 incremento,
2106 2448 2205 2478 quam
2227 2439 2382 2469 nolumus

1378 2494 1491 2524 vacuis
1510 2494 1741 2533 questionibus
1761 2493 1941 2532 implicari,
1962 2492 2190 2522 favorabiliter
2206 2491 2384 2522 intenden-

1378 2551 1441 2582 tes,
1460 2547 1500 2576 ad
1518 2546 1609 2576 nulla
1632 2547 1727 2585 quasi
1744 2546 1924 2576 coactionis
1939 2545 2139 2584 impulsibus
2154 2553 2380 2583 provocemur,

1377 2608 1440 2638 que
1470 2600 1537 2629 sint
1563 2599 1680 2629 honori
1713 2608 1772 2629 suo
1799 2599 1963 2629 contraria
1989 2598 2040 2629 vel
2069 2598 2287 2637 beneplacitis
2313 2607 2380 2629 non

1377 2652 1494 2681 amica.
1511 2652 1683 2687 Ceterum,
1702 2652 1781 2691 quia
1798 2660 1896 2690 super
1911 2651 1978 2682 hiis
2000 2652 2048 2682 sic
2064 2651 2214 2681 exaudiri
2230 2651 2382 2690 cupimus

1375 2708 1411 2733 nt
1427 2704 1542 2734 amodo
1559 2714 1623 2733 non
1641 2705 1683 2734 sit
1698 2704 1886 2735 necessaria
1902 2704 2073 2742 replicatio
2087 2703 2286 2740 litterarum,
2300 2703 2381 2742 peti-

1374 2765 1449 2786 mus
1465 2766 1534 2787 rem
1552 2757 1744 2796 hujusmodi
1765 2762 1819 2787 tue
1837 2757 2022 2788 devotionis
2039 2756 2148 2787 studio
2165 2756 2213 2786 ita
2229 2756 2380 2786 laudabi-

1374 2808 1451 2839 liter
1471 2810 1659 2845 terminari,
1680 2815 1715 2840 ut
1733 2810 1810 2840 inde
1828 2810 1937 2840 laudis
1955 2809 2100 2840 humane
2121 2808 2256 2839 titulum
2274 2813 2305 2840 et
2326 2817 2380 2840 re-

1374 2861 1567 2892 tributionis
1585 2867 1696 2893 eterne
1718 2863 1882 2901 premium
1897 2862 2128 2901 consequaris,
2152 2870 2278 2901 nosque
2293 2861 2380 2892 votis

1374 2917 1429 2943 tue
1454 2914 1678 2950 celsitudinis,
1707 2924 1782 2945 cum
1808 2918 2008 2954 oportunum
2032 2914 2149 2950 suerit,
2178 2922 2376 2944 annuamus.

1372 2967 1444 2996 Dat.
1464 2971 1499 2996 ut
1518 2976 1628 3006 supra.
1649 2979 1663 2994 »
