2498 3242
207 280 282 311 1077
647 298 653 302 .
1060 266 1278 307 HUITIEME
1299 267 1459 305 ANNEE.
2239 276 2314 306 1078

205 346 405 379 absorberent,
424 361 456 366 —
470 346 605 373 fratribus
625 345 709 373 Petro
726 350 754 373 et
773 346 900 381 [Simoni]
914 347 933 380 ¹,
951 343 1101 371 monachis
1117 341 1221 368 Cister-

206 393 367 427 ciensibus,
380 393 487 428 quibus
499 393 595 428 ipsius
606 394 774 420 monasterii
786 401 885 421 curam
897 393 1011 420 interim
1025 391 1219 422 commiserat,

207 440 301 468 donec
316 441 406 468 abbas
423 444 452 468 et
467 445 630 468 conventus
646 442 685 468 ibi
701 442 922 473 collocarentur,
940 449 990 475 pro
1007 440 1151 466 solutione
1167 439 1221 465 liu-

203 490 338 525 jusmodi
355 489 518 516 debitorum
536 498 569 517 ac
589 490 785 518 aedificiorum
807 491 1023 517 constructione
1037 489 1220 515 subveniant.

207 553 239 558 —
258 537 344 574 (Rau.
363 539 406 569 17,
422 538 440 565 t'.
461 539 567 570 1901·0;
584 547 650 565 ann.
670 538 750 571 vni,
767 547 792 566 c.
812 539 884 571 131.)

251 651 264 666 «
286 640 442 669 Universis
457 641 598 669 vassallis
616 646 642 669 et
660 641 780 670 clericis
796 641 977 669 monasterii
994 640 1101 669 Sancti
1117 640 1222 669 Salva-

211 693 285 722 toris
298 693 332 721 de
344 693 442 722 Monte
456 694 559 722 Aemo.
579 692 650 722 Etsi
666 692 872 731 quibuslibet
888 692 1063 730 egentibus
1079 709 1127 720 —.
1147 692 1220 721 Dat.

209 748 246 774 ut
262 753 372 783 supra.
394 757 406 771 1)

283 909 399 938 ¹984
838 910 924 942 Rieu,
941 910 974 937 22>
987 910 1052 944 Juin
1072 910 1148 938 1‘234.

244 969 373 997 Fratrem
393 971 553 1006 Simonem,
571 973 741 999 monachum
763 972 929 999 monasterii
944 972 1086 1005 Cistercii,
1105 980 1223 999 monas-

209 1020 274 1046 terii
291 1019 388 1047 Sancti
407 1020 565 1047 Salvatoris
585 1021 620 1047 de
637 1021 735 1048 Monte
757 1021 865 1055 Aemo,
882 1022 957 1056 quod
981 1021 1221 1056 incorporandum

209 1067 398 1095 cisterciensi
410 1069 502 1095 ordini
513 1073 541 1096 et
551 1069 692 1096 Cistercio
702 1070 822 1096 duxerat
835 1071 896 1104 ipse
907 1079 978 1105 papa
987 1069 1222 1104 supponendum,

208 1124 399 1143 oeconomum
423 1118 583 1150 constituit,
606 1119 632 1144 ei
652 1119 817 1145 concedens
838 1123 869 1145 ut
889 1119 966 1145 licite
983 1120 1076 1153 possit
1090 1118 1222 1153 ejusdem

210 1165 377 1192 monasterii
396 1170 519 1193 tractare
537 1168 661 1201 negotia,
677 1176 709 1193 ac
724 1168 752 1194 in
768 1167 866 1194 causis
882 1168 948 1202 ejus
963 1167 1085 1194 fideliter
1096 1175 1183 1201 agere
1195 1171 1224 1193 et

210 1218 310 1241 contra
344 1215 411 1241 illud
445 1215 600 1249 agentibus
634 1216 742 1242 utiliter
776 1215 962 1250 respondere.
995 1231 1025 1235 —-
1061 1216 1143 1249 (Rae.
1176 1216 1221 1248 t7,

209 1264 230 1291 f.
253 1263 303 1291 190
320 1270 362 1295 r⁰;
380 1272 447 1290 ann.
466 1263 546 1298 VIII,
564 1273 588 1291 c.
610 1264 680 1296 ¹3⁶2.)

253 1377 266 1392 «
290 1366 396 1394 Fratri
414 1365 560 1402 Synzont,
584 1366 734 1395 monacho
758 1367 940 1394 monasterii
965 1365 1114 1395 cistercii.
1139 1365 1223 1397 Cum

211 1426 250 1448 ex
276 1418 428 1457 injuncto
454 1435 503 1446 —.
530 1419 604 1448 Dat.
631 1419 749 1452 Reate,
773 1418 804 1447 X
830 1417 990 1448 kalendas
1013 1418 1108 1457 julii,
1137 1428 1224 1448 anno

211 1474 336 1501 octavo.
355 1483 368 1497 »

283 1636 398 1665 1985
838 1635 928 1669 Rieti,
945 1636 978 1663 22
991 1637 1057 1671 juin
1072 1636 1150 1664 1234.

246 1698 338 1726 Fratri
355 1698 441 1725 Petro
457 1702 486 1725 et
503 1699 582 1726 fratri
597 1698 721 1734 Simoni,
733 1699 884 1726 monachis
899 1700 1067 1727 monasterii
1078 1699 1222 1733 cistercii,

213 1748 345 1775 similiter
357 1747 468 1780 scribit,
485 1751 513 1774 ut
529 1747 613 1775 ambo
630 1748 674 1774 vel
689 1747 762 1775 alter
778 1748 890 1784 possint
906 1749 1037 1783 ejusdem
1056 1750 1224 1776 monasterii

212 1796 328 1831 negotia
342 1799 465 1823 tractare
481 1800 536 1823 etc.
556 1811 586 1816 —-
603 1796 686 1831 (Rae.
707 1797 746 1830 17,
766 1797 783 1823 1.
804 1797 853 1824 190
869 1803 912 1829 r⁰;
928 1805 995 1824 ann.
1008 1796 1089 1830 VIII,
1107 1805 1132 1824 e.
1151 1797 1224 1831 133.)

251 1910 265 1925 «
285 1899 392 1928 Fratri
415 1898 502 1927 Petro
524 1903 549 1927 et
571 1899 669 1934 fratri
688 1899 835 1936 Symoni,
860 1900 1019 1928 monachis
1042 1901 1224 1929 monasterii

210 1951 359 1981 cistercii.
384 1950 468 1981 Cum
487 1959 524 1980 ex
548 1951 699 1990 injuncto
721 1968 769 1986 ——-,
797 1956 833 1981 ut
853 1951 949 1981 ambo
966 1951 1017 1982 vel
1034 1951 1118 1982 alter
1132 1951 1223 1982 licite

210 2003 347 2042 possitis
365 2007 439 2038 etc,
459 2012 565 2042 usque
584 2003 619 2033 in
635 2004 747 2034 finem.
768 2016 780 2031 >⁷

286 2168 402 2197 1986
838 2168 925 2202 Rieu,
943 2168 976 2196 26
988 2169 1052 2203 juin
1072 2170 1149 2197 1234.

246 2229 322 2264 Regi
342 2229 483 2256 Castellae
499 2233 528 2257 et
545 2230 720 2264 Legionensi
735 2230 881 2265 significat
895 2239 927 2257 se
944 2231 1066 2258 tolerare
1083 2236 1112 2258 ut
1129 2232 1223 2267 ipsius

211 2279 293 2313 regis
308 2286 425 2305 sorores
442 2286 527 2305 usum
544 2283 573 2305 et
590 2279 795 2305 habitationem
819 2281 905 2306 castri
925 2280 1013 2306 Tot-as
1030 2283 1070 2314 (=
1090 2280 1146 2307 San
1166 2280 1222 2307 Ce-

211 2328 292 2354 brian
309 2328 344 2353 de
360 2331 456 2354 castro
472 2328 586 2360 Tou-aso)
605 2328 745 2359 habeant,
769 2329 806 2354 ita
824 2329 916 2362 quod,
943 2329 1053 2355 eisdem
1079 2330 1223 2356 deceden-

210 2377 300 2408 tibus,
318 2377 361 2402 vel
378 2376 552 2402 intrantibus
569 2375 748 2410 religionem,
767 2381 815 2402 aut
832 2377 1023 2409 nubentibus,
1040 2386 1091 2404 seu
1110 2387 1222 2405 reeom-

211 2426 411 2460 pensatiouem
442 2428 558 2459 propter
589 2424 642 2450 hoc
673 2425 904 2459 acceptantibus,
935 2425 1009 2451 idem
1035 2431 1161 2453 castrum
1187 2427 1222 2454 ad

211 2474 315 2500 fratres
345 2473 463 2500 militiae
492 2472 590 2499 Sancti
619 2472 738 2506 Jacobi,
766 2474 881 2499 nomine
907 2473 1053 2500 Ecclesiae
1075 2474 1223 2502 Romanae

212 2523 380 2553 tenendum,
407 2526 613 2549 reverteretur.
636 2536 670 2541 —
693 2521 775 2553 (Rue.
801 2523 840 2554 17,
864 2523 884 2548 1.
913 2523 960 2549 190
984 2529 1024 2555 1·⁰;
1047 2532 1113 2550 ann.
1143 2523 1222 2557 VIII,

211 2580 238 2600 c.
258 2571 323 2603 ¹342
341 2586 373 2590 —
391 2571 510 2598 Monam
531 2570 606 2603 1189,
623 2570 641 2597 1.
660 2570 709 2603 9·2;
730 2586 760 2590 -
782 2571 818 2598 cs.
837 2579 934 2605 snpra,
953 2581 979 2597 n.
1000 2572 1064 2599 1137
1082 2578 1109 2599 01
1134 2572 1222 2606 1758.)

255 2686 267 2699 «
289 2697 308 2702 ..
332 2673 450 2702 illustri
473 2673 536 2709 ressi
553 2672 677 2702 castelle
699 2677 725 2701 et
749 2673 936 2710 Leyionensi.
964 2674 1008 2703 Ea
1031 2683 1095 2712 que
1118 2674 1157 2704 de
1173 2692 1221 2703 -.

213 2725 309 2756 Unde
326 2734 401 2755 cum
413 2734 519 2763 nuper
533 2724 742 2755 venerabiles
754 2725 874 2755 fratres
888 2726 1027 2755 nostri..
1044 2726 1224 2757 8000111011-

212 2778 259 2809 sis
282 2782 313 2808 et
332 2801 351 2807 ..
371 2777 596 2808 Astoricensis
622 2777 767 2816 episcopi
791 2778 1017 2809 sinceritatem
1037 2779 1224 2810 devotionis

246 2897 266 2922 1.
290 2898 404 2922 Simoni
426 2900 468 2921 est
488 2897 604 2921 restitue
624 2897 660 2921 ici
683 2897 790 2928 d'apres
813 2898 852 2921 les
877 2897 969 2929 piceos
995 2898 1175 2929 precedentes
1198 2902 1225 2923 et

212 2942 366 2967 suivantes.

1304 344 1358 370 tue
1385 340 1480 370 nobis
1507 345 1538 371 01
1564 341 1724 371 fratribus
1752 340 1873 370 nostris
1899 349 2061 378 exponere
2089 341 2310 376 studuissent,

1305 397 1395 423 tanto
1421 393 1563 432 amplius
1588 394 1702 424 refecti
1727 402 1843 424 sumus
1872 393 1991 429 gaudio
2015 393 2169 429 salutari,
2190 398 2314 433 quanto

1303 446 1470 484 puriorem
1487 446 1547 475 tilii
1565 446 1773 476 affectionem
1787 445 1918 484 plenius
1936 445 2160 476 intelleximus
2176 456 2232 484 per
2246 455 2314 477 eos-

1304 498 1389 528 dem.
1404 499 1490 528 80110
1504 508 1561 537 per
1573 499 1661 537 ipsos
1676 499 1770 528 nobis
1788 499 1962 528 insinuare
1975 499 2211 538 ειη-0511011011,
2227 509 2312 534 cum,

1304 550 1391 581 clare
1411 551 1568 581 memorie
1588 575 1606 580 ..
1626 561 1702 587 rege
1721 551 1931 588 laq-nonensi,
1949 555 2039 589 patre
2054 555 2119 581 tuo.
2141 552 2224 581 viam
2243 553 2314 582 uni-

1305 613 1398 633 versc
1415 604 1526 633 carnis
1547 604 1709 639 inm-essm
1732 612 1868 645 regnum
1888 604 2104 639 Iitssionense,
2123 605 2209 643 quod
2228 605 2268 634 ad
2284 609 2315 636 te

1305 657 1512 687 successorio
1531 657 1605 696 jure
1624 656 1808 694 spectabat,
1827 656 1899 685 sine
1926 656 2028 685 multo
2049 666 2264 694 personarum
2284 662 2316 688 et

1305 718 1415 739 rerum
1442 709 1604 747 periculo,
1631 709 1800 738 nobilibus
1828 709 2026 738 mulieribus
2051 710 2221 740 sororibus
2248 711 2314 740 tuis

1304 761 1579 800 impedimentum
1610 761 1852 800 prestantibus,
1878 761 2027 790 obtinere
2055 762 2228 800 nequires.
2254 771 2314 792 nec

1305 815 1429 854 absque
1447 820 1554 845 castro
1571 816 1679 850 Toras,
1699 814 1785 853 quod
1802 815 1913 843 eedem
1933 814 1965 843 in
1980 823 2078 844 manu
2097 815 2172 843 sorti
2190 815 2315 845 munie-

1305 873 1377 899 rant
1398 873 1427 898 et
1447 869 1618 901 tenebant,
1637 872 1747 907 posset
1770 868 1857 898 inter
1877 873 1905 897 te
1928 877 1963 897 ac
1980 868 2069 906 ipsas
2086 868 2261 898 concordia
2277 869 2317 899 de

1305 921 1396 951 faciti
1413 921 1588 960 provenire
1607 931 1612 950 :
1628 926 1673 955 tu,
1689 920 1867 957 diligenter
1883 920 2098 950 considerans
2113 920 2235 950 dit-tum
2249 930 2316 951 cas-

1305 979 1391 1004 trum
1409 974 1492 1012 eripi
1509 983 1572 1003 non
1591 973 1738 1012 possode
1756 973 1910 1002 manibus
1927 973 2106 1002 earundem
2125 982 2183 1002 1100
2203 982 2258 1003 eas
2277 973 2317 1003 ad

1306 1027 1540 1058 dimittendum
1558 1026 1640 1056 illud
1656 1026 1780 1056 induci.
1797 1025 1929 1055 tandem
1943 1025 2000 1055 tali
2018 1026 2215 1056 necessitate
2227 1035 2316 1056 coac-

1306 1085 1370 1116 tus,
1389 1090 1405 1110 a
1423 1080 1583 1110 fratribus
1600 1079 1719 1108 militie
1737 1079 1849 1109 Sancti
1865 1078 1980 1109 Jacobi
1998 1078 2183 1116 postulasti,
2202 1083 2237 1108 ut
2254 1079 2315 1109 sal-

1308 1138 1370 1164 tem
1388 1133 1617 1172 permitterent
1635 1132 1720 1170 quod
1746 1131 1801 1161 ille
1824 1131 1923 1161 castri
1941 1131 2079 1169 predicti
2097 1140 2192 1161 usum
2210 1137 2239 1161 01
2257 1131 2317 1162 ha-

1306 1186 1501 1215 bitationem
1520 1185 1696 1214 haberent.
1719 1193 1782 1213 11011
1806 1184 1984 1214 intendens
2003 1193 2060 1222 per
2076 1184 2136 1214 1100
2154 1184 2186 1213 111
2205 1184 2317 1224 aliquo

1303 1239 1370 1279 juri
1389 1239 1483 1269 Sedis
1500 1237 1687 1276 Apostolice
1702 1237 1875 1273 ‹teroem-03
1890 1237 1975 1275 quod
1993 1237 2124 1266 demum
2140 1237 2315 1267 obtinuisti

1307 1302 1324 1322 a
1341 1292 1501 1321 fratribus
1522 1290 1730 1325 memoratis,
1752 1291 1942 1329 juramento
1960 1300 1977 1319 a
1998 1295 2027 1319 te
2052 1290 2205 1328 prestito,
2230 1290 2316 1329 quod

1307 1345 1341 1374 iu
1359 1354 1396 1374 eo
1414 1348 1500 1374 statu
1518 1344 1552 1373 in
1570 1352 1633 1382 quo
1651 1347 1727 1372 111110
1745 1347 1825 1377 erat,
1839 1343 1886 1372 eIs
1905 1343 2097 1372 restitueres
2109 1347 2254 1372 castrum
2271 1343 2317 1381 ip—

1308 1407 1392 1431 sumv
1419 1402 1449 1426 et
1473 1396 1590 1435 positis
1616 1396 1753 1433 insuper
1774 1395 1944 1425 duodecim
1970 1395 2088 1424 castris
2106 1395 2138 1424 iu
2163 1396 2316 1425 manibus

1307 1449 1515 1489 quorundam
1538 1449 1697 1477 1111101111111
1722 1453 1868 1482 tuorum,
1887 1448 1942 1487 qui
1961 1448 2187 1486 juramentum
2207 1448 2317 1479 simile

1307 1503 1534 1542 prestiterunt.
1564 1502 1672 1538 Quare
1703 1501 1817 1531 devote
1843 1510 1879 1530 ac
1911 1500 2084 1530 humiliter
2110 1510 2183 1530 011111
2214 1501 2318 1531 multa

1307 1556 1469 1587 instantia
1486 1554 1681 1594 supplicasti
1697 1559 1742 1589 ut,
1762 1562 1837 1583 cum
1854 1563 1918 1583 nou
1937 1553 2121 1583 intenderis
2134 1553 2319 1583 [1001111011-

1308 1610 1365 1640 das
1383 1610 1417 1639 in
1434 1609 1496 1639 hoc
1511 1608 1563 1639 vel
1580 1609 1613 1637 in
1629 1608 1704 1638 aliis
1722 1607 1762 1637 ad
1775 1607 1861 1646 juris
1879 1606 2050 1645 apostolici
2068 1606 2244 1641 lesionem,
2261 1606 2318 1636 sed

1307 1662 1506 1700 simpliciter
1524 1665 1555 1691 et
1580 1660 1665 1689 bona
1691 1659 1753 1689 fide
1773 1662 1924 1688 versatus
1948 1658 2053 1687 fueris
2070 1658 2104 1687 in
2125 1657 2184 1687 hac
2208 1662 2315 1696 parte,

1308 1715 1394 1755 quod
1419 1713 1530 1744 taliter
1552 1714 1677 1742 factum
1700 1716 1748 1741 est
1774 1711 1812 1741 de
1836 1716 1943 1741 castro
1966 1710 2127 1748 predicto.
2156 1711 2241 1740 fame
2264 1714 2318 1740 tue

1307 1773 1439 1807 propter
1454 1767 1637 1807 juramenti
1658 1765 1829 1795 vinculum
1848 1764 2075 1794 consulentes.
2095 1763 2234 1793 tolerare
2255 1763 2319 1792 mi·-

1307 1821 1520 1852 sericorditer
1533 1820 1758 1858 dignaremur,
1776 1827 1886 1848 annuo
1898 1826 1999 1847 censu
2017 1821 2047 1847 et
2059 1817 2149 1846 omni
2165 1816 2230 1846 alio
2243 1816 2318 1855 jure

1307 1884 1367 1905 suo
1386 1875 1535 1904 Romane
1552 1872 1699 1902 Ecclesie
1717 1871 1750 1900 in
1770 1871 1925 1900 omnibus
1942 1874 1973 1899 et
1988 1879 2046 1908 per
2061 1869 2172 1899 onmia
2189 1878 2319 1907 semper

1307 1928 1407 1958 salvo.
1427 1927 1511 1963 Quia
1531 1934 1607 1955 vero
1625 1929 1679 1954 tua
1699 1924 1829 1953 sincera
1850 1923 1980 1953 devotio
2004 1931 2062 1952 nos
2086 1922 2247 1956 hortatur,
2265 1926 2315 1956 ut,

1307 1986 1466 2020 quantum
1488 1988 1561 2009 011111
1580 1979 1646 2008 Deo
1663 1986 1851 2015 possumus,
1868 1976 2027 2005 honorem
2040 1980 2131 2005 tuum
2147 1984 2318 2005 conserve-

1306 2042 1380 2063 mus
1397 2037 1427 2062 01
1446 2033 1580 2061 famam.
1599 2035 1629 2059 et
1647 2030 1686 2059 ad
1707 2028 1983 2067 tranquillitatem
2003 2032 2092 2057 tuam
2112 2027 2253 2057 sinceris
2272 2028 2317 2056 al'-

1306 2086 1449 2117 secunus
1470 2085 1671 2123 aspiremus,
1692 2083 1730 2112 (le
1750 2081 1889 2112 consilio
1914 2082 2054 2110 fratrum
2077 2086 2263 2110 nostrorum
2287 2085 2317 2109 et

1306 2139 1443 2179 speciali
1460 2138 1564 2176 gratia
1582 2137 1616 2166 id
1632 2136 1786 2166 duximus
1804 2134 2022 2168 tolerandum,
2042 2134 2086 2163 ita
2105 2139 2212 2163 tamen
2231 2133 2317 2172 quod

1305 2202 1422 2223 caveas
1438 2201 1496 2230 per
1512 2191 1711 2228 scripturam
1729 2188 1947 2222 autenticam,
1967 2187 2056 2223 regio
2078 2186 2189 2223 sigillo
2207 2186 2317 2216 muni-

1307 2251 1388 2279 tatu,
1409 2245 1503 2274 uobis
1521 2244 1561 2273 al)
1582 2243 1665 2281 ipsis
1689 2241 1852 2280 episeopis
1875 2240 2122 2270 destinandam.
2148 2244 2197 2274 ut,
2222 2239 2318 2269 dere-

1306 2298 1461 2328 dentibus
1486 2296 1654 2326 nobilibus
1678 2295 1776 2333 ipsis,
1801 2294 1851 2323 rel
1877 2293 2080 2322 intrantibus
2105 2292 2314 2328 religionem.

1306 2356 1358 2381 aut
1382 2350 1596 2383 nubentibus,
1613 2358 1671 2378 sen
1688 2347 2028 2385 recompensationem
2043 2350 2175 2384 propter
2192 2345 2250 2374 1100
2268 2355 2317 2374 ar-

1306 2403 1531 2443 ccptantibus,
1552 2402 1717 2440 prefatum
1741 2405 1885 2430 rastrum
1919 2399 1957 2429 ad
1983 2399 2113 2428 eosdem
2143 2399 2261 2428 fratres
2282 2398 2316 2427 in

1306 2457 1448 2496 pristino
1473 2460 1577 2485 statu.
1605 2455 1739 2484 1101111110
1771 2452 1916 2483 Ecclesie
1948 2453 2093 2482 lloinane
2120 2451 2314 2483 tenendum,

1306 2510 1410 2540 libere
1428 2513 1622 2539 revertatur.
1643 2508 1809 2538 Ceterum.
1831 2515 1903 2535 011111
1924 2505 1956 2534 111
1975 2504 2212 2543 compositione
2230 2504 2317 2533 inter

1306 2567 1348 2597 10,
1363 2571 1399 2592 cx
1415 2571 1481 2591 una
1497 2565 1600 2600 parte,
1619 2564 1649 2589 et
1666 2559 1770 2589 ‹lit-tas
1787 2567 1916 2587 sorores
1930 2562 2013 2586 tuas.
2032 2566 2068 2586 ex
2085 2556 2199 2589 alu-ra,
2218 2565 2317 2594 super

1307 2620 1414 2646 casu-0
1428 2616 1498 2654 ipso
1513 2614 1608 2644 inita.
1624 2612 1821 2650 simpliciter
1834 2611 1937 2640 fueris
1950 2610 2071 2639 talibus
2086 2609 2193 2639 voi-ms
2209 2618 2288 2638 usus
2308 2618 2313 2637 :

1307 2670 1416 2698 danius
1432 2667 1585 2697 videlieet
1611 2670 1638 2695 01
1666 2665 1874 2694 eona-edimus.
1897 2662 2060 2700 exprimas
2083 2671 2140 2699 per
2166 2665 2315 2702 patentes

1307 2722 1435 2751 litteras
1453 2726 1537 2750 tuas.
1557 2718 1734 2748 mittendas
1753 2716 1847 2746 uoltis
1864 2715 1904 2745 ab
1921 2714 2084 2753 episeopis
2103 2714 2313 2752 supradictis.

1307 2774 1393 2814 quod
1412 2773 1539 2802 nullum
1560 2781 1596 2802 ex
1619 2771 1686 2800 hiis
1711 2769 1819 2799 verbis
1843 2767 2063 2807 prejudicium
2083 2766 2159 2797 Sedi
2176 2767 2315 2804 Aposto-

1308 2827 1369 2857 lice
1386 2830 1574 2865 generetur,
1593 2828 1623 2854 et
1640 2823 1839 2853 concessionis
1860 2826 1884 2850 ct
1908 2821 2042 2849 (lationis
2060 2819 2197 2849 verbum
2219 2818 2314 2857 quasi

1295 2889 1372 2916 ,non
1405 2883 1493 2910 esset
1523 2877 1727 2917 appositum,
1760 2873 2000 2904 nichilominus
2034 2871 2206 2902 habeatur.
2240 2871 2313 2900 Dat.

1309 2934 1423 2967 Reate,
1441 2933 1486 2963 VI
1504 2929 1664 2961 kalendas
1678 2927 1767 2968 julii,
1786 2935 1872 2957 anno
1889 2930 2014 2956 octavo.
2034 2936 2046 2951 n
