2498 3242
173 278 246 309 1061

171 344 292 374 fratres
304 343 570 379 Caiatravenses,
583 343 740 374 Toletano
754 342 908 377 diocesis,
924 343 944 379 [.
954 342 974 378 .]
989 339 1186 376 magistrum

173 401 205 428 et
226 396 386 435 quosdam
411 396 450 425 de
473 396 633 426 fratribus
657 396 737 426 dicti
759 395 887 426 ordinis
907 391 1186 432 promissionibus

175 453 206 480 et
217 439 414 480 mu‘noribus
426 449 628 479 induxerunt
642 449 739 488 quod.
754 449 849 487 signo
862 447 992 486 proprie
1007 445 1187 485 professio-

175 502 228 533 nis
241 502 379 542 abjecto,
394 502 533 541 reliquis
545 502 706 532 fratribus
721 500 1025 532 contradicentil‘ius
1038 503 1068 528 ct
1081 498 1188 536 appel-

175 554 324 585 lantibus
352 555 392 585 ad
417 555 535 585 Scdcm
562 554 806 593 Apostolicam,
833 553 1028 584 auctoritate
1056 551 1189 590 propria

176 607 325 646 ipsorum
344 607 495 637 habitum
512 608 692 646 suscipere.
713 617 748 637 ac
765 616 799 637 se
817 611 847 637 ct
867 610 967 636 totum
983 605 1132 634 ordinem
1150 604 1188 634 de

177 661 352 699 Monsrago
368 670 442 690 cnm
461 661 616 690 omnibns
633 661 729 691 honis
746 670 808 699 que
827 664 903 689 sant
919 659 1096 696 largitione
1114 657 1190 687 fide-

177 712 259 742 lium
276 713 457 749 0011500011,
478 713 586 743 οι·(11111
601 713 829 743 Calatravci‘isi
847 712 998 742 subicere
1017 720 1190 750 presump-

179 770 305 795 serunt.
327 766 436 802 Quare
459 766 539 796 dicti
560 766 719 802 maj-*ister
742 770 771 795 et
794 766 912 795 fratres
935 764 1189 795 Calatravenses

177 819 424 857 possessiones,
445 824 568 855 castra,
591 819 703 849 domos
727 824 755 849 et
779 818 842 848 alia
866 819 949 848 bona
967 818 1053 847 dicte
1073 818 1189 847 donms

177 871 216 902 de
233 872 417 910 Monsrago,
438 882 496 902 nec
514 882 578 902 non
594 876 739 902 castrum
753 872 814 902 loci
833 871 980 911 ejusdem
998 871 1189 910 conti-ajus-

178 924 286 954 titiam
301 925 449 955 detinent
465 930 494 954 ct
514 925 650 955 reddere
670 925 909 955 contradicunt.
931 925 1036 963 Super
1052 934 1116 963 quo
1134 934 1190 962 pe-

177 977 304 1008 tierunt
335 978 398 1007 sihi
428 978 615 1016 Apostolicc
647 978 741 1008 Sedis
769 977 977 1016 providentia
1007 977 1190 1007 subveniri.

178 1030 340 1067 Quocirca
368 1031 402 1060 in
431 1031 552 1061 virtute
583 1031 771 1061 obedientie
802 1031 951 1061 districte
979 1031 1191 1069 precipiendo

179 1084 376 1113 mandamus
399 1089 581 1123 quatenus,
608 1084 635 1114 si
659 1089 707 1115 est
729 1085 790 1119 ita,
813 1084 937 1114 eisdem
960 1084 1142 1122 preceptori
1161 1088 1192 1113 et

178 1137 339 1166 fratribus
370 1137 570 1176 supradictis
598 1137 754 1167 omnibns
785 1146 859 1167 cnm
890 1137 1055 1167 fructibus
1083 1137 1191 1167 medio

179 1191 352 1228 [tempore]
368 1191 532 1229 perceptis
549 1200 586 1219 cx
603 1190 663 1225 eis,
683 1190 766 1220 sicut
781 1191 909 1229 justum
924 1191 1036 1225 fucrit,
1056 1190 1192 1220 restitu—

180 1243 238 1273 tis.
265 1253 302 1273 ao
330 1243 454 1273 vocatis
480 1244 536 1282 qui
563 1244 687 1273 suerint
715 1243 873 1273 evocandi
902 1247 933 1273 et
961 1243 1084 1273 auditis
1113 1243 1192 1274 hinc

181 1296 258 1326 inde
281 1296 475 1334 propositis.
494 1295 580 1334 quod
604 1296 827 1334 cano[nicum]
846 1300 926 1331 etc.;
951 1296 1111 1326 facientes
1132 1306 1191 1326 nec

181 1358 247 1379 non
264 1349 399 1378 interim
420 1349 518 1378 dictis
538 1349 721 1387 preceptori
740 1354 769 1379 et
787 1349 947 1379 fratribus
965 1349 1002 1379 de
1021 1350 1193 1387 Monfrago

182 1402 221 1432 de
247 1402 343 1431 bonis
366 1401 451 1431 dicte
473 1401 607 1436 domim,
631 1411 689 1440 pro
712 1411 747 1431 se
768 1406 799 1432 et
820 1402 1003 1437 advocatis,
1032 1411 1193 1440 expensas

182 1454 390 1485 necessarias
410 1454 610 1484 ministrari.
634 1455 707 1484 Non
727 1455 879 1485 obstante
899 1456 1138 1485 constitutione
1155 1456 1194 1486 de

181 1507 310 1537 duabus
333 1507 432 1537 dietis
456 1511 517 1537 etc.
542 1507 635 1543 Quod
659 1507 687 1537 si
709 1517 774 1537 non
796 1517 910 1538 omnes
931 1506 1006 1543 etei,
1025 1513 1070 1542 tu,
1093 1509 1194 1539 frater

181 1560 345 1599 episcope,
366 1564 427 1590 etc.
445 1561 519 1590 Dat.
542 1562 656 1596 Reate,
680 1561 778 1591 nonis
797 1561 898 1600 junii,
922 1570 1008 1591 anno
1030 1566 1156 1591 octavo.
1179 1574 1191 1589 »

255 1733 370 1762 1954
815 1733 904 1766 Rieti,
922 1734 950 1761 31
972 1734 1025 1760 mai
1047 1735 1121 1763 ¹334.

217 1795 333 1822 Eisdem
363 1795 478 1821 mandat
501 1799 644 1829 quatenus
672 1801 888 1830 praeceptorem
914 1800 943 1822 et
964 1797 1067 1823 fratres
1090 1798 1195 1825 domus

183 1844 302 1870 militiae
321 1843 356 1869 de
379 1843 537 1875 Mona-ago,
561 1852 595 1869 ex
617 1852 673 1870 una
696 1847 786 1878 parte,
807 1848 834 1870 et
855 1844 1025 1877 magistrum
1048 1850 1076 1871 et
1092 1845 1195 1872 fratres

182 1890 412 1923 calatravenses,
429 1900 462 1918 ex
481 1892 579 1923 attera,
594 1893 667 1918 inter
680 1901 712 1918 se
729 1892 886 1925 litigantes,
903 1893 936 1918 ad
953 1894 1194 1928 compositionem

181 1941 256 1967 inter
272 1949 304 1966 se
320 1940 499 1966 amicabilem
515 1941 674 1967 faciendam
691 1941 836 1968 inducant.
854 1942 982 1974 -<R1::o.
1001 1943 1040 1974 17,
1054 1943 1071 1969 f.
1088 1943 1136 1969 185
1150 1951 1194 1974 v⁰;

181 1998 248 2016 ann.
268 1989 348 2020 VIII,
366 1997 391 2015 c.
412 1989 482 2021 103.)

224 2102 237 2117 «
258 2090 388 2118 Eisdem.
406 2089 489 2120 Cum
503 2098 638 2119 causam
655 2090 820 2128 (10010101-
836 2090 973 2120 dilectos
991 2091 1077 2121 filios
1092 2115 1111 2120 ..
1124 2102 1195 2130 pre-

181 2147 346 2181 ceptorem
361 2146 392 2171 et
405 2143 525 2172 fratres
537 2142 653 2172 domus
668 2142 787 2172 militie
800 2143 838 2173 de
852 2144 1035 2181 Monsrago,
1052 2154 1088 2173 ex
1104 2149 1195 2183 parte

181 2204 260 2230 una,
280 2199 311 2225 et
325 2218 344 2224 ..
358 2195 555 2233 magistrum
573 2200 603 2225 ot
620 2195 740 2225 fratres
757 2195 1022 2231 Calatravenses,
1038 2197 1195 2228 'toletane

183 2248 343 2278 diocesis.
362 2257 399 2278 ex
424 2247 543 2283 altera,
562 2257 662 2286 super
678 2253 785 2278 castro
803 2248 840 2277 de
860 2249 1031 2287 Mousrago
1049 2255 1079 2279 et
1097 2250 1195 2281 rebus

183 2301 260 2332 aliis
280 2301 431 2335 vertitur,
457 2301 537 2330 olim
564 2301 657 2331 vobis
686 2301 878 2331 duxerimus
905 2303 1193 2338 committendam,

183 2364 252 2389 vos,
266 2354 322 2384 lite
339 2363 448 2383 coram
466 2354 559 2383 vobis
572 2353 720 2391 legitime
737 2359 931 2389 contestata.
949 2357 1089 2394 receptis
1103 2357 1196 2387 testi-

183 2407 246 2438 bus
265 2412 293 2437 01
315 2406 585 2436 attestationibus
608 2406 803 2445 publicatis,
823 2412 894 2445 post
915 2408 1080 2438 diutinam
1097 2409 1197 2440 alter-

184 2461 348 2491 cationem
362 2459 573 2489 [ιιι-1011111100
587 2459 674 2495 inde,
689 2469 823 2490 causam
836 2461 1040 2492 sufficienter
1051 2462 1197 2493 instruc-

186 2518 253 2544 tam
265 2513 304 2543 ad
318 2517 466 2543 nostrum
482 2512 662 2543 remisistis
673 2522 821 2549 examen,
836 2514 1034 2552 prefigentes
1047 2516 1197 2553 partibus

185 2567 366 2597 terminum
386 2570 642 2604 competentem,
661 2576 726 2605 quo
742 2576 799 2605 per
815 2572 1044 2605 procuratores
1061 2569 1197 2599 idoneos

186 2619 366 2658 apostolico
383 2627 417 2648 se
433 2618 623 2656 conspectui
642 2624 848 2656 presentent,
868 2621 1067 2651 sententiam
1085 2631 1198 2661 recep-

187 2677 269 2702 ture.
282 2672 432 2710 Cumque
448 2680 507 2701 nos
521 2672 606 2709 parti
621 2671 783 2702 dictorum
795 2674 998 2712 preceptoris
1012 2679 1043 2704 et
1056 2676 1198 2706 fratrum

187 2725 303 2756 domus
325 2725 363 2754 de
381 2725 565 2762 Mont'rago,
585 2725 619 2754 in
636 2725 750 2755 eodem
773 2727 914 2755 termino
938 2727 971 2756 in
992 2732 1104 2757 nostra
1124 2737 1198 2766 pre-

186 2777 294 2808 sentia
312 2776 532 2814 comparenti,
551 2776 707 2806 dilectum
725 2777 830 2807 tilium
851 2782 999 2807 nostrum
1016 2779 1067 2814 O.,
1086 2780 1199 2809 Sancti

186 2829 317 2861 Nicolai
332 2829 366 2859 in
383 2829 522 2860 Carccre
534 2828 688 2859 Tulliano
703 2829 878 2859 diaconum
893 2831 1107 2861 cardinalem.
1121 2842 1200 2861 con-

187 2883 388 2914 cesserimus
405 2881 602 2917 auditorem,
624 2882 757 2912 nemine
774 2893 832 2921 pro
846 2888 937 2921 parte
951 2884 1066 2917 altera,
1084 2894 1200 2923 expec-

188 2940 255 2967 tata
271 2934 410 2971 diutius,
431 2939 653 2973 con‘iparente,
669 2935 811 2969 tandem,
827 2945 884 2974 per
901 2936 1103 2967 cardinalem
1118 2947 1201 2967 eun-

1024 264 1242 304 HUITIEME
1264 263 1424 301 ANNEE.

2207 270 2280 299 1062

1270 337 1343 366 dem
1356 337 1394 367 de
1409 344 1565 375 processu
1577 336 1663 366 dicte
1675 345 1773 365 cause
1789 335 1920 374 plenius
1932 335 2114 367 informati,
2128 335 2281 373 expedire

1270 389 1415 419 vidimus
1432 395 1467 419 ut
1484 389 1555 427 ipsa
1576 389 1685 427 potius
1706 388 1881 418 concordia
1904 397 2002 426 quam
2023 388 2149 427 judicio
2168 388 2282 417 termi-

1271 447 1379 472 netur.
1397 442 1555 473 Volentes
1572 442 1674 480 igitur
1691 441 1796 471 adhuc
1817 441 1974 479 predictis
1993 441 2150 477 nnmistro
2167 447 2197 471 et
2214 442 2282 471 fra-

1272 494 1377 524 tribus
1394 494 1689 525 Calatravcnsilius
1709 494 1742 522 in
1758 493 1818 523 hac
1839 498 1928 531 parte
1949 493 2088 525 deferre.
2107 494 2141 522 in
2161 494 2282 525 virtute

1271 547 1460 578 obedientie
1480 547 1630 577 districte
1652 546 1864 585 precipiendo
1882 546 2076 575 mandamus
2100 551 2280 585 quaternis.

1272 600 1421 639 partibus
1439 600 1479 630 ad
1499 604 1641 630 vestram
1666 599 1868 638 presentiam
1888 599 2047 628 evocatis.
2066 609 2121 628 eas
2139 600 2178 629 ad
2195 609 2283 629 com-

1271 653 1470 691 positionem
1489 653 1577 683 intcr
1593 662 1626 681 se
1645 651 1853 681 amicabilem
1873 651 2069 680 sariendam.
2088 652 2139 680 cui
2158 662 2284 690 promp-

1273 710 1337 735 tam
1356 710 1387 736 et
1405 706 1570 735 efficacem
1597 704 1797 743 impei‘ulatis
1814 714 1962 742 operam,
1985 704 2069 733 sicut
2090 705 2285 740 ‹titis-wniias

1273 759 1440 797 poteritis,
1468 758 1650 792 inducatis.
1678 758 1842 796 sepcsatos
1865 756 2118 787 Calan-avenas
2144 757 2286 787 nichilo-

1273 812 1385 841 minus
1402 821 1439 841 cx
1462 816 1553 850 parte
1571 815 1682 841 nostra
1700 810 1897 849 propensius
1917 814 2164 839 couuuoncntcs
2182 810 2283 848 quod,

1273 874 1333 895 suo
1356 865 1430 904 jure
1450 865 1612 900 contenti,
1632 874 1696 894 non
1715 868 1866 903 querant,
1886 863 1917 892 in
1941 863 2126 892 animarum
2151 873 2286 893 suarum

1274 917 1458 956 periculum
1486 922 1515 948 et
1540 917 1786 956 depressionem
1805 916 1855 945 sui
1874 916 2017 951 ordinis,
2039 915 2156 954 quovis
2172 915 2287 955 ‹·o[m]-

1274 976 1385 1001 mento
1409 971 1519 1001 aliena
1538 971 1669 1011 jactura
1693 970 1804 1000 ditari.
1828 969 1922 1006 Quod
1946 970 1973 998 si
1991 969 2186 1007 compositio
2204 969 2287 998 ami-

1274 1025 1392 1055 cabilis
1405 1025 1579 1063 provenire
1595 1024 1783 1064 nequiverit
1798 1024 1885 1053 inter
1896 1027 2018 1062 partes.
2030 1033 2163 1053 cansam
2179 1023 2285 1061 ipsam

1275 1078 1457 1108 secundum
1480 1087 1671 1116 processum
1695 1077 1847 1107 habitum
1869 1086 1978 1106 coram
1996 1076 2088 1106 voltis
2106 1076 2170 1106 sinc
2187 1085 2286 1106 cano-

1275 1131 1349 1160 nico
1367 1131 1571 1165 terminetis;
1595 1130 1757 1160 facientes
1781 1129 1915 1159 interim
1940 1129 2037 1158 dictis
2056 1129 2238 1167 preceptori
2256 1132 2287 1159 et

1275 1185 1436 1214 fratribus
1453 1189 1527 1220 etc„
1547 1188 1581 1213 ut
1598 1194 1708 1222 supra.
1727 1184 1801 1213 Non
1817 1183 1969 1213 obstante
1987 1187 2047 1212 etc.
2066 1182 2158 1218 Quod
2175 1182 2203 1211 si
2221 1190 2286 1211 non

1275 1246 1390 1267 omnes
1414 1241 1488 1272 etc.y
1515 1241 1551 1267 ut
1574 1246 1684 1275 supra.
1712 1237 1786 1266 Dat.
1813 1237 1933 1270 Reate,
1958 1236 1988 1265 II
2006 1235 2165 1264 kalendas
2180 1234 2284 1273 junii,

1276 1299 1363 1320 anno
1379 1295 1504 1320 octavo.
1525 1302 1537 1316 n

1352 1475 1469 1503 1955
1490 1498 1492 1500 .

1313 1538 1411 1563 Sancti
1430 1536 1594 1567 Benedicti,
1612 1536 1736 1561 Sanctae
1753 1535 1858 1561 Mariae
1875 1536 1909 1560 de
1930 1534 2055 1565 VanciO,
2074 1534 2170 1560 Sancti
2187 1533 2288 1560 Jacobi

1925 1473 2011 1505 Rieu.
2029 1475 2042 1499 7
2056 1473 2119 1507 juin
2141 1473 2216 1500 1234.

1276 1587 1311 1612 de
1331 1586 1419 1611 l'onte
1431 1585 1535 1616 Coi-bo,
1554 1584 1651 1610 Sancti
1668 1583 1812 1609 «Iohannis
1823 1584 1858 1609 de
1872 1583 1969 1609 Monte
1983 1583 2078 1609 Silice.
2096 1583 2218 1608 Sanctae
2231 1583 2290 1608 Ma-

1277 1635 1335 1662 riae
1359 1635 1393 1660 de
1419 1634 1515 1660 Monte
1537 1633 1661 1659 Crucnm
1684 1636 1713 1658 et
1734 1633 1856 1658 Sanctae
1876 1631 2047 1663 Margaritae
2068 1632 2103 1657 do
2127 1631 2290 1657 Patren-aria

1277 1685 1464 1712 ecclesiarum
1502 1683 1646 1717 prioribus
1679 1687 1706 1708 et
1741 1682 1933 1708 conventibus
1967 1681 2150 1709 earumdem,
2182 1680 2290 1707 ordinis

1277 1737 1369 1763 sancti
1398 1735 1561 1766 Benedicti,
1587 1734 1712 1760 civitatis
1736 1737 1764 1759 et
1788 1732 1933 1759 dioecesis
1959 1731 2122 1758 paduanae.
2147 1732 2292 1764 significat

1277 1793 1309 1812 se
1325 1784 1496 1811 confirmare
1513 1786 1651 1809 statutum
1664 1781 1794 1808 Jordani.
1811 1780 1936 1807 I'aduani
1950 1781 2090 1815 episcopi,
2105 1780 2236 1806 videlicet
2250 1784 2288 1812 nt„

1277 1834 1367 1860 semel
1386 1834 1411 1859 in
1429 1840 1503 1858 anno
1519 1832 1647 1865 generati
1665 1831 1790 1864 capitulo
1807 1830 1970 1861 celebrato,
1985 1829 2043 1855 duo
2060 1829 2224 1855 visitatores
2239 1829 2292 1855 eli-

1277 1888 1415 1915 gerentur
1430 1889 1464 1907 cx
1483 1881 1549 1911 iltis,
1567 1880 1615 1913 qui
1634 1882 1805 1914 potestatem
1822 1878 1961 1904 haberent
1977 1878 2140 1909 corrig-'endi
2158 1883 2184 1903 et
2202 1878 2293 1904 resor-

1279 1930 1371 1957 mandi
1402 1945 1432 1948 —
1450 1929 1533 1962 (luo.
1556 1929 1596 1960 17,
1616 1930 1633 1955 1.
1655 1926 1984 1959 1861·0;ann.V111‚e.
2006 1926 2075 1958 ioli.)

1321 2044 1333 2058 ι(
1354 2055 1373 2060 ..
1392 2032 1499 2061 Sancti
1514 2030 1677 2066 Benedicti,
1697 2052 1716 2057 ..
1734 2030 1842 2057 Sam-le
1857 2029 1951 2057 Allario
1962 2028 1995 2056 de
2012 2029 2131 2061 l'ancio,
2150 2050 2168 2055 ..
2185 2028 2292 2056 Sancti

1277 2086 1380 2115 Jacolii
1391 2085 1424 2113 de
1437 2085 1526 2113 Ponte
1541 2083 1642 2117 Cot-bo,

1279 2138 1387 2168 Same
1399 2138 1493 2166 Mario
1504 2137 1537 2165 (lc
1553 2137 1647 2165 Monte
1659 2136 1791 2165 Crucem
1805 2139 1829 2163 cl
1845 2157 1864 2162 ..
1880 2136 1989 2163 Sancte
2001 2133 2292 2170 .t!‹1rgsariied‹·Pul-

1664 2105 1682 2110 ..
1698 2082 1805 2111 Sancti
1820 2082 1972 2110 Jalzannis
1988 2081 2022 2109 de
2036 2082 2131 2109 illosne
2147 2081 2249 2114 Silicr,
2268 2102 2289 2108 ..

1279 2192 1403 2220 veracia
1426 2191 1621 2219 ecclesiarum
1648 2188 1806 2225 prioribus
1829 2192 1854 2216 et
1884 2187 2081 2216 conventibus
2106 2186 2288 2218 earundem,

1279 2244 1399 2273 ordinis
1428 2243 1528 2271 saneti
1560 2241 1728 2274 Benedicti,
1758 2241 1896 2270 civitatis
1925 2245 1949 2268 el
1980 2240 2103 2267 zliocesis
2135 2239 2289 2267 paduane.

1279 2297 1362 2328 Cum
1379 2306 1397 2326 a
1417 2296 1512 2326 nobis
1531 2313 1579 2324 —.
1600 2295 1674 2324 Dat.
1700 2295 1818 2325 Reate,
1837 2294 1899 2323 VII
1917 2293 1991 2322 idus
2005 2292 2110 2331 junii,
2129 2301 2216 2321 anno
2237 2300 2291 2320 oc-

1280 2355 1365 2380 tavo.
1386 2362 1398 2376 »

1354 2529 1469 2558 195ss
1931 2525 2018 2556 Ricti,
2031 2525 2122 2558 {ljuin
2145 2524 2220 2550 1-231.

1317 2591 1462 2626 Episcopo
1488 2590 1657 2616 Caturcensi
1684 2593 1712 2615 et
1736 2588 1830 2614 abbati
1856 2587 2000 2622 priorique
2024 2585 2120 2611 Sancti
2145 2583 2291 2610 Saturnini

1286 2639 1508 2676 [Catiirceiisis?]
1539 2638 1654 2664 mandat
1677 2641 1822 2672 quatenus
1846 2636 2041 2662 Gausbertom
2065 2634 2099 2659 de
2121 2633 2290 2666 Gramsaut,

1282 2691 1375 2717 civem
1387 2690 1605 2719 Caturcenscm,
1623 2691 1727 2721 cogant
1745 2691 1774 2712 ut
1791 2685 1855 2711 Ber.
1870 2685 1972 2710 viduae
1992 2684 2065 2710 bona
2077 2683 2183 2717 quibus
2200 2682 2291 2716 ipsam

1283 2739 1404 2766 nefanda
1422 2737 1521 2764 fraude
1543 2737 1730 2771 spoliaverat,
1751 2743 1815 2761 cum
1833 2733 1977 2760 fructibus
1995 2733 2059 2758 inde
2082 2732 2226 2766 perceptis
2246 2738 2291 2756 re-

1283 2788 1393 2814 stituat.
1416 2802 1448 2806 —
1470 2786 1553 2819 (Rau.
1575 2786 1616 2812 17.
1639 2785 1656 2810 f.
1676 2784 1724 2811 136
1741 2791 1778 2811 r⁰:
1803 2791 1868 2809 ann.
1888 2781 1966 2811 Viti,
1984 2790 2008 2807 c.
2031 2781 2098 2811 to5;
2120 2793 2154 2800 —-
2172 2778 2291 2805 Momm}

1285 2836 1363 2867 1159,
1380 2836 1398 2862 s.
1419 2836 1475 2867 64.)
1501 2862 1505 2867 ,

1327 2950 1339 2963 «
1366 2960 1385 2966 ..
1409 2938 1553 2975 episcopo.
1583 2958 1602 2963 ..
1625 2935 1726 2963 abbati
1748 2939 1773 2962 ce
1796 2934 1845 2970 [..]
1867 2933 1967 2970 priori
1992 2931 2099 2959 Sancti
2123 2927 2292 2957 Saturnini
