2498 3242
140 256 217 288 .673
655 281 662 287 .
1032 249 1215 288 SIXIEME
1235 250 1398 288 ANNEE.
2214 264 2269 293 674

115 353 117 357 .
158 323 277 355 Cosme
300 326 332 354 et
350 322 508 353 Damiani
529 322 661 353 diaconi
678 323 869 359 cardinalis,
888 327 919 354 et
935 323 1077 354 aliorum
1094 332 1174 362 pru-

158 375 296 407 dentum
308 374 459 411 consilio,
473 374 686 406 diffinitivam
705 385 764 415 pro
778 376 873 407 vobis
887 376 1087 407 sententiam
1098 384 1174 415 pro-

157 427 336 467 mulgavit,
355 427 521 467 sepedicto
541 427 579 458 B.
597 436 697 467 super
712 428 774 460 hoe
789 433 986 468 perpetuum
1002 428 1174 460 silentium

158 480 377 520 imponendo;
393 489 493 520 quam
507 485 545 511 ut
558 480 739 519 apostolico
755 482 970 520 dignaremur
987 482 1174 512 munimine

158 533 327 570 roborare,
346 533 412 564 fuit
429 543 447 564 a
466 533 563 564 nobis
583 542 621 565 ex
635 538 728 573 parte
747 539 857 566 vestra
872 534 1046 565 humiliter
1060 538 1175 574 postu-

158 586 276 617 latum.
305 586 374 617 Nos
398 586 512 625 igitur,
537 587 658 617 vestris
681 587 808 618 devotis
829 587 984 627 precibus
1007 587 1172 623 inclinati,

160 638 283 670 dictam
307 639 510 670 sententiam
532 640 778 672 rationabiliter
801 640 1054 680 promulgatam,
1079 641 1174 681 cujus

160 694 311 723 tenorem
324 692 363 723 de
379 692 479 723 verbo
493 693 533 723 ad
546 693 684 724 verbum
696 694 908 732 presentibus
922 694 1063 725 fecimus
1075 702 1174 724 anno-

159 744 237 781 tari,
257 745 268 784 [
273 768 333 774 .....
353 746 613 784 confirmamus].
631 745 735 786 Cujus
751 750 845 777 tenor
861 750 910 777 est
929 746 1005 777 talis
1025 757 1032 775 :

235 945 265 978 [1
278 944 372 979 190]
707 945 834 980 Anagni,
852 945 882 972 21
900 945 1004 972 sevi-ier
1024 945 1101 973 1233.

202 1064 215 1080 α
233 1053 272 1083 111
292 1053 427 1084 1101111110
443 1054 590 1084 Domini.
608 1055 726 1084 Amen.
747 1054 838 1084 Inter
859 1053 1012 1093 querelas
1032 1054 1172 1084 meroris

160 1117 175 1133 ι)
200 1106 352 1145 expositi,
374 1107 586 1141 Benedictus,
605 1107 854 1137 Xanctonensis
871 1106 1023 1142 clericus,
1042 1111 1173 1146 aposto-

160 1170 175 1186 »
198 1158 301 1190 11011111
321 1159 467 1199 pulsavit
489 1160 656 1196 auditum,
675 1160 763 1199 quod
782 1160 900 1190 Petrus
919 1159 1020 1190 abbas
1044 1163 1076 1190 et
1095 1168 1174 1190 con-

160 1223 174 1240 »
199 1217 319 1244 ventus
331 1213 445 1244 Sancti
458 1213 619 1252 Stephani
633 1213 848 1243 Divionensis
863 1212 1063 1251 quibusdam
1078 1222 1174 1251 apos-

161 1277 175 1294 »
200 1265 310 1296 tolicis
332 1265 454 1297 litteris
478 1266 531 1296 usi
552 1266 683 1296 fuerant
709 1266 748 1295 de
768 1265 912 1296 salsitate
934 1266 1112 1304 suspectis,
1134 1266 1174 1295 ad

161 1331 176 1346 »
201 1318 288 1358 quod
306 1319 469 1349 examinis
486 1319 659 1358 apostolici
679 1319 864 1349 remedium
882 1318 1091 1357 implorabat.
1108 1320 1174 1349 Ve-

161 1383 175 1400 »
200 1371 362 1403 nei-abilis
386 1371 490 1410 igitur
512 1375 606 1410 pat-er
632 1395 652 1401 ..
679 1371 880 1402 Bisuntinus
903 1371 1174 1411 archiepiscopus

161 1436 175 1452 5>
200 1428 232 1455 et
249 1424 363 1455 dilecti
384 1424 420 1454 in
438 1424 573 1455 Christo
594 1448 613 1454 ..
635 1424 890 1454 archidiaconus
908 1424 947 1454 de
971 1424 1081 1454 Salins
1100 1428 1131 1454 et
1153 1448 1171 1453 ..

159 1489 174 1505 n
199 1476 352 1507 officialis
370 1477 584 1514 Bisuntinus,
605 1486 623 1507 a
639 1477 772 1507 domino
787 1486 870 1516 papa
886 1477 1116 1516 inquisitores.
1133 1477 1174 1507 ad

159 1542 174 1558 1>
197 1530 306 1570 ipsius
317 1531 355 1561 B.
370 1531 578 1566 instantiam,
592 1530 751 1570 deputati,
767 1530 928 1570 quasdam
938 1530 1068 1561 litteras
1082 1540 1173 1569 apos-

159 1595 173 1611 »
197 1583 326 1619 tolicas,
341 1593 436 1623 quas,
454 1584 606 1623 partibus
621 1583 834 1621 litigantibus
847 1592 959 1613 coram
970 1583 1030 1619 eis,
1042 1588 1116 1622 post
1127 1583 1172 1613 di-

157 1649 172 1665 »
195 1636 357 1676 ligentem
375 1637 569 1675 indaginem
587 1637 800 1672 invenerunt,
818 1645 893 1666 eum
910 1645 1024 1667 earum
1039 1645 1172 1675 proces-

157 1702 172 1718 »
197 1690 302 1726 sibus,
317 1699 354 1720 ac
366 1689 563 1720 relationem
576 1689 818 1729 inquisitorum
829 1693 860 1720 et
870 1698 1046 1728 processus
1058 1698 1172 1720 eorum

157 1755 172 1772 ω
195 1743 258 1774 5111)
280 1743 402 1782 sigillis
423 1743 583 1782 propriis,
611 1743 795 1773 seeundum
819 1742 992 1781 apostolici
1017 1743 1171 1782 rescripti

157 1808 172 1825 »
196 1800 362 1832 tenorem,
384 1795 424 1826 ad
444 1804 581 1826 examen
601 1795 819 1834 apostolicum
838 1795 1052 1826 remiserunt.
1070 1796 1171 1827 Cum-

157 1861 172 1877 »
197 1857 261 1888 que
274 1858 385 1879 coram
398 1857 465 1885 me,
485 1848 639 1880 Johanne
655 1849 693 1879 dc
711 1849 832 1879 Sancto
847 1849 1023 1880 Germano.
1044 1849 1170 1879 domini

117 1926 121 1930 .
157 1915 172 1930 n
196 1911 280 1941 pape
302 1902 489 1941 capellano,
508 1910 607 1941 super
628 1902 695 1931 11115
717 1902 757 1931 ab
776 1902 847 1940 ipso
866 1902 998 1932 domino
1019 1902 1170 1933 auditore

157 1967 171 1982 n
196 1963 370 1989 concesso,
390 1964 407 1984 a
428 1954 515 1984 dicto
534 1955 571 1984 B.
592 1959 621 1984 et
640 1954 807 1989 Alberico,
827 1954 976 1992 ipsorum
992 1954 1123 1984 abbatis
1139 1959 1171 1985 et

156 2019 171 2036 ι)
195 2012 378 2038 conventus
396 2011 624 2046 procuratore,
644 2007 765 2037 suisset
783 2007 910 2038 diutius
928 2007 1106 2045 litigatum,
1124 2007 1169 2037 vi-

155 2073 170 2088 »
195 2061 242 2091 515
263 2065 293 2091 et
315 2060 439 2091 auditis
460 2060 539 2090 hine
558 2060 635 2090 inde
654 2060 850 2099 propositis,
871 2060 1028 2099 predictis
1046 2060 1169 2091 litteris

155 2125 169 2140 n
193 2113 384 2152 apostolicis
401 2122 436 2143 ac
450 2113 522 2152 ipsa
539 2112 700 2143 relatione
716 2112 895 2151 diligenter
907 2113 1078 2151 inspectis,
1094 2122 1170 2143 cum

155 2178 170 2194 »
195 2175 255 2197 nec
278 2166 317 2196 de
342 2166 489 2196 falsitate
515 2165 701 2196 constiterit
727 2174 788 2196 nec
812 2165 851 2196 de
873 2165 980 2204 ipsius
1004 2166 1169 2204 probabili

155 2232 169 2247 ‚³
194 2220 395 2259 conjectura,
423 2219 462 2249 de
485 2219 613 2249 domini
631 2219 752 2257 Egidii,
775 2220 971 2249 Sanctorum
994 2219 1112 2250 Cosme
1137 2224 1169 2250 et

155 2285 169 2301 »
193 2273 350 2303 Damiani
368 2272 500 2302 diaconi
521 2271 718 2307 cardinalis,
743 2272 782 2301 ab
804 2272 876 2311 ipso
895 2272 1028 2302 domino
1046 2273 1087 2302 ad
1106 2273 1168 2303 1100

154 2338 168 2354 n
193 2325 384 2365 specialiter
406 2325 572 2364 deputati,
594 2334 654 2355 nec
677 2333 742 2355 non
761 2328 791 2354 et
809 2324 950 2355 aliorum
967 2326 1167 2364 prudentum

153 2392 167 2407 »
192 2379 344 2415 consilio,
362 2379 466 2409 dictos
484 2378 638 2408 abbatem
655 2383 685 2408 et
704 2383 903 2409 conventum
922 2379 1168 2410 sententialiter

154 2444 168 2460 »
193 2442 211 2463 a
232 2432 359 2471 prefata
385 2431 434 2462 eis
459 2431 587 2471 objecta
610 2431 755 2462 falsitate
779 2431 923 2468 absolvo,
944 2433 1103 2472 jamdicto
1127 2433 1164 2463 B.

153 2497 169 2513 a>
194 2494 294 2524 super
318 2485 379 2515 hoc
403 2489 600 2523 perpetuum
623 2484 796 2515 silentium
815 2485 1026 2524 imponendo.
1047 2486 1166 2515 Actum

154 2550 168 2566 n
191 2538 394 2577 Anagnie,in
404 2537 527 2576 palatio
536 2537 1164 2577 dominipape.an110M⁰CC⁰XXX⁰III⁰,

155 2604 169 2619 ιι
193 2591 406 2631 pontificatus
422 2590 548 2621 domini
564 2590 718 2629 Gregorii
733 2600 815 2630 pape
833 2592 933 2622 VIIII
951 2600 1039 2621 anno
1056 2596 1164 2627 sexto,

155 2657 168 2673 n
193 2645 293 2676 VIIII
306 2644 465 2675 kalendas
479 2643 603 2673 martii.
616 2644 666 2673 Ad
677 2644 900 2682 predictorum
913 2649 1023 2675 autem
1036 2644 1166 2674 abbatis

155 2711 168 2726 n
193 2703 224 2729 et
247 2702 429 2729 conventus
453 2696 616 2727 cautelam
635 2697 738 2735 sigilli
759 2697 884 2736 proprii
905 2698 1096 2728 testimonio
1117 2707 1165 2728 ro-

155 2765 168 2780 »
192 2751 318 2782 boravi.
339 2764 352 2778 »

193 2885 205 2898 «
223 2871 316 2902 Nulli
335 2880 412 2908 crgo
429 2874 540 2900 nostre
556 2869 821 2900 confirmationis
836 2874 896 2900 etc.
916 2870 950 2901 Si
963 2870 1038 2910 quis
1053 2874 1164 2901 autem

151 2928 212 2956 ete.
231 2925 304 2955 Dat.
322 2923 486 2962 Anagnie,
506 2923 605 2953 VIIII
626 2922 700 2953 idus
718 2923 840 2959 martii,
862 2932 948 2953 anno
967 2928 1068 2954 sexto.
1089 2936 1101 2949 n

278 2982 464 3015 enneomss
484 2988 534 3018 1x,
553 2991 572 3013 t.
591 2988 612 3013 1.

1331 324 1441 353 1191

1292 385 1398 413 Abbati
1414 389 1443 413 et
1457 387 1613 414 conventui
1635 386 1893 415 Rubilianensibus
1914 389 1952 422 (in
1975 397 2060 424 parva
2080 390 2175 416 insula
2195 398 2268 425 quae

1257 442 1334 461 nunc
1350 433 1522 469 Rovigliano
1533 442 1585 461 seu
1597 434 1768 470 Revigliano
1784 435 1899 470 dicitur)
1911 437 2063 464 ecclesiam
2077 437 2199 465 Sanctae
2212 438 2270 465 Ma-

1257 483 1335 510 rinae
1352 482 1386 509 de
1402 482 1504 517 Stella,
1521 491 1621 510 eorum
1638 485 1813 511 monasterio
1828 494 1843 511 a
1858 484 1991 512 Johanne
2007 486 2226 522 archiepiscopo
2241 492 2271 514 et

1256 531 1382 566 capitulo
1399 531 1581 558 Amalfitanis
1597 532 1740 564 collatam,
1752 533 1913 565 confirmat,
1931 534 2039 560 inserto
2057 534 2112 561 sub
2124 543 2177 562 sua
2193 535 2270 562 bulla

1257 578 1393 614 praedicti
1409 579 1619 615 archiepiscopi
1641 584 1735 607 cartae
1756 583 1866 609 tenore.
1887 595 1923 602 —
1945 582 2028 616 (Rea.
2053 583 2096 614 16,
2118 584 2137 610 f.
2160 583 2209 610 108
2225 591 2268 617 r⁰;

1256 636 1321 654 ann.
1340 627 1392 660 VI,
1409 636 1435 655 c.
1453 627 1530 663 382.)

1791 327 1918 362 Anagni,
1937 327 1968 354 18
1985 327 2102 355 octobre
2119 329 2197 355 1232.

1299 742 1312 756 α
1335 752 1354 758 ..
1371 730 1473 759 abbati
1491 735 1516 759 et
1534 731 1699 759 conventui
1717 731 1995 767 chbilianensibus,
2018 733 2170 762 morensis
2185 734 2270 763 ordi-

1256 783 1315 818 nis,
1337 782 1502 812 Stabiensis
1520 783 1655 813 diocesi&
1675 783 1758 814 Cum
1778 792 1796 813 a
1815 783 1910 814 nobis
1926 801 1973 813 —.
1992 784 2147 815 Exhibita
2164 786 2271 824 siqui-

1257 835 1331 865 dem
1347 834 1443 864 nobis
1461 839 1572 865 vestra
1589 835 1704 874 petitio
1723 835 1915 866 continebat.
1931 837 2034 875 quod,
2055 846 2130 867 cum
2147 837 2269 868 dudum

1231 898 1233 901 ·
1256 887 1446 918 visitatores
1462 897 1520 926 per
1535 888 1759 920 Cisterciense
1778 889 1960 928 capitulum
1977 890 2143 929 deputati,
2162 891 2202 920 ad
2218 900 2271 921 ec-

1257 940 1392 971 clesiam
1409 942 1528 972 Sancte
1545 942 1675 972 Mai-ine
1691 942 1730 972 dc
1743 942 1855 978 Stella,
1871 943 1968 973 sitam
1984 952 2084 982 super
2095 944 2268 983 Majorum.

1256 993 1291 1023 in
1305 993 1430 1024 diocesi
1444 994 1655 1031 Amalfitana,
1674 994 1818 1025 oblatam
1832 996 2040 1025 Feri-ariensi
2054 997 2268 1027 monasterio.

1256 1047 1492 1078 Cisterciensis
1509 1047 1654 1083 ordinis,
1674 1052 1704 1078 et
1724 1048 1924 1087 subjectam,
1944 1049 2166 1087 personaliter
2182 1059 2269 1081 acce-

1257 1100 1389 1135 dentes,
1409 1100 1608 1130 attendendo
1627 1101 1714 1140 quod
1733 1105 1819 1131 esset
1838 1101 1903 1140 ipsi
1921 1101 2031 1131 ordini
2053 1102 2164 1133 minus
2181 1107 2267 1141 apta.

1256 1153 1376 1183 fratres
1395 1153 1637 1184 Cistercienses
1655 1154 1835 1184 existentes
1849 1154 1973 1184 ibidem
1985 1155 2103 1185 exinde
2115 1156 2268 1186 duxerint

1258 1206 1468 1241 amovendos,
1490 1206 1691 1237 venerabilis
1714 1207 1818 1237 frater
1836 1230 1854 1235 ..
1876 1207 2146 1246 archiepiscopus
2171 1213 2201 1238 et
2220 1217 2269 1239 ca-

1255 1258 1398 1297 pitulum
1417 1258 1655 1289 Amalfitanum
1672 1259 1810 1289 eandem
1824 1259 2010 1295 ecclesiam,
2029 1260 2069 1290 ad
2087 1261 2270 1299 supplicem

1256 1311 1368 1341 dilecti
1388 1311 1449 1340 tilii
1465 1312 1579 1342 fratris
1599 1312 1769 1350 Hugolini.
1792 1313 1978 1343 fundatoris
1997 1313 2120 1352 ipsius.
2139 1314 2270 1344 instan-

1256 1364 1348 1394 tiam.
1364 1365 1567 1395 monasterio
1582 1369 1692 1395 vestro
1708 1365 1909 1395 liberalitate
1926 1366 1978 1404 pia
1996 1371 2024 1396 et
2043 1367 2179 1405 provida
2195 1376 2269 1397 con-

1255 1416 1422 1452 tulerunt,
1444 1426 1543 1455 quam
1562 1417 1751 1447 confirmari
1774 1418 1868 1448 vobis
1889 1428 1946 1456 per
1970 1419 2089 1449 Sedem
2108 1420 2269 1458 Apostoli-

1256 1479 1327 1500 cam
1358 1469 1562 1508 postulastis.
1593 1471 1661 1500 Nos
1688 1471 1810 1509 igitur,
1840 1472 1960 1501 vestris
1986 1473 2087 1510 J'ustis
2114 1474 2269 1511 precibus

1256 1523 1427 1558 inclinati,
1446 1523 1620 1553 ecclesiam
1639 1524 1763 1562 ipsam,
1780 1524 1864 1554 sicut
1884 1533 1956 1555 eam
1971 1525 2061 1563 juste
2080 1535 2116 1555 ac
2133 1527 2268 1564 pacitice

1255 1576 1445 1615 possidetis,
1465 1581 1496 1607 et
1511 1577 1546 1606 in
1562 1577 1685 1607 litteris
1703 1577 1866 1607 dictorum
1881 1578 2123 1617 archiepiscopi
2138 1583 2166 1609 et
2185 1580 2269 1618 capi-

1255 1629 1318 1659 tuli
1343 1629 1504 1660 confectis
1529 1629 1647 1660 exinde
1669 1630 1802 1669 plenius
1823 1631 2027 1661 continetur.
2050 1631 2142 1661 vobis
2163 1636 2191 1661 et
2213 1642 2270 1670 per

1255 1692 1312 1713 vos
1350 1683 1458 1713 eidem
1491 1683 1694 1713 monasterio
1724 1688 1835 1714 vestro
1867 1684 2063 1715 auctoritate
2090 1685 2269 1723 apostolica

1255 1739 1329 1771 ete,
1349 1744 1457 1775 usque
1479 1746 1485 1765 z
1508 1736 1766 1767 communimus.
1790 1738 1938 1773 Quarum
1965 1737 2151 1767 litterarum
2175 1742 2269 1768 tenor

1253 1789 1331 1819 ‘talis
1347 1789 1459 1819 existit
1477 1799 1484 1818 :

1328 1968 1360 2002 [1
1371 1968 1464 2002 1921
1752 1968 1867 2000 Amalfi,
1889 1968 1918 1995 16
1935 1969 2099 2004 septembre
2119 1970 2194 1998 1232.

1295 2082 1307 2096 κ
1333 2070 1372 2099 111
1388 2069 1522 2099 1101111110
1545 2069 1680 2099 Domini
1702 2069 1774 2099 Dei.
1801 2069 1982 2100 Salvatoris
2009 2071 2131 2100 nostri.
2161 2071 2266 2102 ι1110511

1254 2135 1267 2149 n
1292 2122 1430 2154 Christi.
1454 2123 1550 2152 Anno
1573 2122 1614 2152 ab
1634 2122 1869 2152 Incarnatione
1889 2123 1959 2161 ejus
1982 2123 2263 2154 M⁰CC⁰XXX⁰II⁰.

1255 2188 1268 2202 »
1293 2180 1325 2205 et
1348 2176 1428 2205 ΧΙΙ0
1449 2184 1535 2205 anno
1567 2175 1699 2214 imperii
1724 2175 1850 2205 domini
1876 2176 1980 2205 nostri
2004 2176 2176 2206 Friderici.
2205 2177 2266 2207 Dei

1254 2241 1267 2255 n
1293 2228 1399 2267 gratia
1413 2228 1646 2266 gloriosissimi
1661 2229 1886 2258 Romanorum
1901 2228 2123 2267 imperatoris.
2137 2237 2267 2267 semper

1254 2293 1267 2308 ³>
1293 2281 1437 2319 augusti.
1467 2285 1496 2311 et
1519 2281 1687 2311 tricesimo
1711 2282 1852 2320 quarto¹
1873 2290 1960 2311 anno
1986 2281 2135 2320 ejusdem
2159 2281 2267 2311 invic-

1254 2347 1267 2361 »
1292 2334 1415 2365 tissimi
1434 2334 1523 2372 regis
1542 2334 1636 2372 regni
1654 2333 1780 2366 Sicilie.
1801 2338 1829 2364 et
1850 2335 1927 2364 VII⁰
1943 2343 2030 2364 anno
2047 2334 2195 2374 ejusdem
2214 2344 2266 2365 re-

1253 2400 1266 2416 »
1292 2387 1342 2426 gis
1358 2387 1557 2422 Jerusalem,
1576 2392 1605 2417 et
1619 2383 1787 2417 XVIIII02
1805 2396 1892 2417 anno
1908 2387 2003 2425 regni
2017 2387 2143 2418 domini
2160 2387 2266 2417 nostri

1253 2453 1266 2468 »
1292 2441 1441 2476 Henrici,
1467 2440 1658 2471 felicissimi
1682 2439 1787 2477 regis,
1815 2440 1987 2470 karissimi
2015 2440 2076 2470 tilii
2104 2440 2263 2480 ejusdem,

1253 2507 1265 2521 »
1291 2494 1343 2524 die
1357 2494 1436 2525 XVI
1450 2493 1575 2524 mensis
1590 2493 1799 2531 septembris.
1818 2493 2000 2523 indictione
2017 2488 2092 2523 VIS.
2111 2493 2262 2523 Amaltie.

1252 2560 1266 2574 »
1290 2547 1359 2577 Nos
1381 2546 1571 2582 Johannes‚
1594 2545 1708 2575 divina
1730 2545 1945 2576 miseratione
1969 2545 2106 2576 humilis
2127 2545 2264 2575 Amalfi-

1282 2666 1303 2690 1.
1322 2666 1342 2690 ll
1357 2666 1476 2690 faudrait
1489 2666 1522 2690 ici
1535 2667 1634 2695 quinto
1648 2672 1682 2688 au
1693 2665 1748 2688 lieu
1762 2665 1794 2688 de
1809 2667 1917 2694 quarto.
1930 2664 1966 2688 La
1981 2664 2019 2688 35·
2030 2664 2117 2688 annee
2129 2664 2165 2687 du
2181 2664 2262 2694 regno

1250 2711 1284 2734 do
1300 2710 1428 2734 Frederic
1446 2709 1469 2734 11
1489 2716 1594 2733 comme
1616 2709 1656 2732 roi
1677 2709 1711 2732 de
1728 2708 1811 2732 Sicile
1827 2716 1841 2731 a
1862 2707 2019 2731 commence
2040 2708 2064 2731 le
2084 2707 2109 2731 17
2125 2708 2177 2731 mai
2196 2707 2261 2731 1232.

1280 2754 1303 2778 2.
1321 2754 1341 2778 Il
1352 2762 1370 2785 y
1387 2754 1449 2778 aiei
1465 2761 1519 2778 une
1535 2757 1613 2777 autre
1629 2759 1737 2781 errenr:
1753 2760 1786 2776 en
1801 2753 1955 2783 septembre
1972 2752 2038 2782 12:32,
2051 2759 2086 2775 on
2098 2758 2127 2776 so
2142 2752 2261 2775 trouvait

1249 2798 1318 2822 dans
1332 2798 1358 2822 la
1374 2799 1629 2828 vinyl-et-unicme
1647 2801 1673 2820 et
1691 2804 1746 2820 11011
1763 2797 1830 2820 «lans
1853 2797 1877 2819 la
1893 2797 2109 2820 ‹lix—neucieme
2123 2795 2210 2819 anui-e
2225 2795 2260 2819 du

1248 2842 1332 2879 regne
1349 2842 1382 2866 de
1400 2842 1494 2873 llenry
1509 2842 1559 2866 th
1575 2843 1689 2872 (comme
1706 2842 1746 2865 roi
1762 2842 1795 2864 110
1813 2841 1914 2870 Sicilc).

1279 2886 1302 2911 3.
1319 2888 1479 2911 Indictione
1493 2888 1536 2916 w,
1551 2893 1584 2909 en
1597 2886 1694 2909 faisant
1710 2891 1883 2908 commencer
1895 2884 2048 2908 l'imlictiou
2063 2884 2087 2907 lo
2104 2883 2134 2907 l‘'
2147 2887 2259 2915 septem·

1249 2932 1311 2961 bre;
1325 2931 1406 2956 sinon
1422 2931 1440 2954 il
1454 2930 1575 2954 faudrait
1591 2931 1748 2953 indictione
1767 2931 1796 2952 Υ,

2108 2983 2137 3007 ⁴3
