2498 3242
195 273 254 303 729
1051 256 1265 300 sanIEME
1286 262 1447 300 ANNEE.
2245 276 2303 307 730

270 339 290 366 Ι
297 337 385 366 29ss

233 399 358 430 Decano.
377 398 488 426 officiali
505 403 533 426 et
549 398 669 434 symoni
684 399 719 426 de
735 398 876 433 Caustris,
893 400 1032 426 canonico
1047 398 1208 426 Tornacen-

195 448 289 479 sibus.
302 447 416 474 mandat
427 452 531 482 quaten
538 456 572 475 us
583 449 742 475 sententias
753 449 1061 475 excommunicationis
1073 452 1100 474 et
1116 449 1207 475 inter-

195 496 264 524 dicti
281 496 308 523 in
323 495 526 527 Christianam,
540 496 666 526 viduam.
683 496 717 523 de
733 500 828 523 castro
841 496 938 523 Sancti
957 497 1124 527 Aimoniai-i,
1141 505 1207 531 pro-

195 545 282 578 latas.
308 545 461 572 occasione
485 545 590 572 domus
615 549 643 572 et
666 545 806 572 ecclesiae
830 554 904 580 quas
928 546 954 572 in
981 545 1096 580 proprio
1119 545 1206 571 fundo

194 599 364 622 construere
381 594 518 622 fratribus
535 594 785 621 praedicatoribus
804 594 1002 628 disposuerat,
1020 595 1162 627 relaxent,
1179 597 1207 620 et

197 644 223 670 ei
246 643 282 670 de
303 643 417 669 damnis
439 647 467 670 et
489 643 604 678 injuriis
626 643 682 669 sibi
706 646 821 677 propter
842 643 895 669 hoc
917 644 1051 677 irrogatis
1073 642 1207 669 satisfieri

195 692 315 724 [acinon
343 693 476 727 insuper,
500 692 534 718 ad
559 697 686 718 castrum
711 691 811 719 Sancti
833 692 991 718 Audouiari
1017 691 1205 724 accedentes,

196 741 365 778 provideant
389 740 499 767 eisdem
525 740 661 767 fratribus
687 741 715 767 in
740 740 803 767 loco
831 741 933 767 idoneo
960 749 1010 774 pro
1031 740 1154 766 ecclesia
1179 743 1208 766 et

197 791 331 818 domibus
347 789 564 817 construendis„
581 805 614 809 —
631 789 714 822 (Rea.
735 791 776 821 17,
793 790 811 817 s.
828 790 861 816 ‘25‘
878 796 923 821 r0;
940 798 1007 816 ann.
1023 789 1087 820 VII,
1106 798 1132 815 e.
1150 789 1206 821 94.)

805 336 918 370 Lati-an,
938 336 968 363 13
985 335 1038 362 mai
1061 334 1134 362 1233.

238 932 250 946 ι(
270 942 290 948 ..
309 920 430 954 decano,
451 942 470 947 ..
485 920 609 956 officiali
627 925 653 948 el
666 920 820 956 Synffonr]
839 919 873 948 (Ie
888 919 1040 949 Causlris.
1061 919 1209 948 canonico

197 973 447 1003 Tornaccnsibus.
479 973 621 1002 Gravem
651 972 859 1003 Christiane.
886 972 1000 1002 vidue.
1031 971 1070 1001 «le
1102 975 1210 1001 castro

196 1025 309 1057 Sancti
335 1025 528 1060 Audomari.
563 1025 734 1064 querelam
766 1025 954 1063 accepimus
984 1025 1209 1054 continentem

159 1070 164 1077 '
196 1079 294 1118 quod.
313 1088 387 1109 cum
402 1079 485 1117 ipsa.
504 1078 571 1109 zelo
587 1078 773 1109 devotionis
793 1086 942 1108 accensa.
959 1077 1118 1107 fratribus
1135 1078 1211 1107 Pre-

197 1132 401 1162 dicatoribus
415 1132 637 1170 disposuisset
650 1131 783 1161 domum
797 1135 827 1161 et
842 1130 1016 1160 ecclesiam
1031 1131 1065 1159 in
1079 1130 1211 1168 proprio

196 1185 300 1215 fundo
322 1189 515 1215 construere
539 1184 580 1214 ad
601 1184 728 1214 cultum
750 1183 856 1213 divini
880 1183 1026 1213 nominis
1047 1182 1212 1220 amplian-

196 1238 292 1268 dum.
311 1243 342 1268 et
358 1237 498 1276 predicti
516 1237 638 1267 fratres
657 1236 737 1266 illuc
758 1235 977 1266 accessissent
999 1235 1085 1264 inihi
1102 1244 1211 1265 mora-

197 1289 275 1319 turi,
293 1312 313 1318 ..
328 1289 474 1318 decanus
491 1292 521 1318 et
538 1288 721 1326 capitulum
735 1287 874 1317 ecclesie
892 1287 1005 1317 Sancti
1016 1286 1209 1321 Audomari,

197 1352 235 1374 ex
251 1342 313 1372 hoc
329 1341 394 1371 sibi
414 1341 635 1380 prejudicium
655 1341 808 1378 generari
827 1340 992 1375 dicentes,
1012 1339 1138 1369 nullius
1155 1348 1212 1369 su—

196 1405 255 1436 per
270 1395 330 1425 hoc
341 1394 468 1434 judicio
485 1394 659 1433 requisito,
673 1397 826 1432 pretextu
841 1392 1014 1432 cujusdam
1029 1391 1210 1430 privilegii,

195 1457 254 1488 per
273 1447 361 1487 quod
381 1448 447 1478 sibi
463 1448 578 1477 dicunt
593 1447 762 1477 indultum
776 1451 813 1476 ut
829 1447 865 1476 in
882 1446 1114 1476 malefactores
1133 1454 1211 1475 suos

194 1501 230 1531 in
253 1510 367 1531 eorum
389 1500 576 1539 parrochiis
600 1503 857 1535 commorantes,
877 1499 906 1529 si
926 1498 1121 1529 commoniti
1143 1506 1210 1528 non

192 1553 436 1589 satisfecerint,
465 1552 820 1584 excommunicationis
847 1552 1049 1582 sententiam
1077 1551 1210 1582 valeant

190 1606 414 1646 promulgare,
430 1606 566 1636 viduam
582 1606 690 1645 ipsam
705 1610 839 1644 propter
854 1605 916 1635 hoc
932 1609 1092 1644 tanquam
1105 1604 1210 1634 male-

189 1659 361 1690 factricem
376 1668 471 1690 suam
483 1659 803 1690 excommunicatam
816 1659 967 1688 fecerunt
980 1657 1112 1696 publice
1126 1666 1209 1688 nun-

190 1712 280 1743 tiari.
298 1713 337 1742 Et
353 1721 428 1742 cum
446 1721 505 1750 per
520 1711 698 1750 magistros
711 1711 895 1741 Robertum
909 1710 1049 1741 Dulcem
1065 1714 1096 1740 et
1112 1711 1147 1740 P.
1169 1710 1208 1740 de

188 1765 324 1800 Cervia,
343 1765 522 1795 canonicos
540 1765 718 1800 Arienses,
738 1767 988 1794 conservatores
1004 1763 1069 1793 sibi
1087 1772 1105 1793 a
1125 1763 1208 1794 Sede

190 1818 380 1858 Apostolica
404 1818 594 1857 deputatos,
619 1826 637 1848 a
655 1817 824 1848 sententia
842 1816 1035 1856 hujusmodi
1057 1816 1207 1847 absoluta

190 1872 293 1903 fuerit
311 1872 351 1902 ad
368 1871 543 1905 cautelam,
562 1875 593 1901 et
609 1870 964 1901 excommunicationis
984 1879 1020 1900 ac
1037 1869 1208 1900 interdicti

191 1925 358 1956 sententie
375 1933 468 1963 quas.
484 1923 742 1963 procurantibus
757 1923 882 1954 decano
896 1927 927 1953 et
943 1923 1088 1962 capitulo
1104 1923 1208 1953 nomi-

193 1979 292 2013 natis,
316 2001 334 2007 ..
357 1977 510 2007 officialis
535 1977 739 2007 Morinensis
762 1977 958 2007 auctoritate
981 1976 1151 2006 ordinaria
1169 1977 1208 2006 de

193 2033 280 2062 facto
302 2031 568 2070 promulgaverat
592 2031 626 2060 in
652 2030 802 2065 eandem,
827 2030 979 2067 exigente
1001 2029 1134 2068 justitia
1155 2038 1209 2059 re-

193 2085 318 2121 laxate,
341 2085 459 2114 iidem.
480 2084 682 2114 sententiam
701 2083 742 2112 ab
762 2083 845 2121 ipsis
868 2082 1027 2121 prolatam
1048 2082 1209 2112 facientes

193 2137 436 2168 nichilominus
458 2136 634 2175 publicari.
662 2139 912 2166 conservatores
937 2135 1083 2173 predicte
1110 2135 1208 2164 vidue

193 2200 252 2230 per
271 2215 289 2220 ..
310 2191 471 2221 decanum
491 2194 521 2219 et
544 2213 562 2218 ..
583 2193 752 2219 cantorem
768 2189 1016 2223 Atrebatenses‚
1038 2197 1210 2218 conserva-

193 2249 282 2275 tores
311 2243 563 2283 privilegiorum
592 2251 748 2277 suorum,
778 2241 1059 2272 excommunicari
1087 2245 1209 2271 temere

193 2301 425 2337 procurarunt.
439 2296 522 2326 alias
536 2296 601 2334 ipsi
618 2295 717 2325 vidue
734 2295 875 2334 dampna
890 2295 1002 2331 gravia
1020 2299 1049 2324 et
1066 2294 1209 2333 injurias

192 2350 379 2382 inferendo.
397 2350 558 2381 Ollicialis
575 2358 707 2388 quoque
723 2348 902 2388 predictus.
919 2348 1091 2378 occasione
1108 2347 1209 2387 hujus

192 2405 282 2436 facti.
299 2413 363 2434 non
379 2403 486 2433 solum
503 2403 537 2431 in
555 2403 661 2440 ipsam
676 2401 821 2436 viduam,
840 2410 954 2430 verum
969 2401 1069 2430 etiam
1085 2400 1120 2430 in
1139 2409 1209 2430 om-

191 2466 251 2488 nes
269 2456 556 2487 communicantes
570 2455 688 2489 cidem.
705 2454 1059 2485 excommunicationis
1073 2458 1209 2483 senten-

192 2510 273 2541 tiam
298 2519 356 2549 pro
381 2518 440 2540 sue
466 2508 648 2539 voluntatis
675 2507 814 2537 arbitrio
840 2506 1073 2545 promulgavit.
1099 2507 1209 2542 Quare

193 2562 289 2593 nobis
309 2562 373 2592 ruit
393 2571 430 2593 ex
451 2566 543 2600 parte
565 2561 672 2600 ipsius
696 2560 794 2590 vidue
813 2559 1035 2598 supplicatum
1055 2564 1087 2588 ut
1111 2568 1129 2588 a
1151 2558 1208 2588 tali

192 2625 265 2647 eam
288 2615 416 2654 eripere
439 2614 656 2652 dignaremur
677 2613 849 2651 angustia,
867 2621 966 2651 quam
983 2622 1040 2650 pro
1058 2612 1142 2641 bono
1157 2611 1209 2641 di-

193 2669 342 2700 noscitur
360 2677 457 2707 opere
481 2667 660 2697 sustinere.
679 2665 837 2696 Volentes
861 2665 964 2703 igitur
986 2665 1092 2704 ipsius
1110 2665 1208 2696 vidue

192 2722 366 2762 providere
376 2721 493 2760 quieti.v
506 2719 702 2750 mandamus
716 2723 893 2757 quatenus,
912 2719 1096 2748 sententias
1113 2728 1208 2757 quas-

193 2776 276 2806 libet
295 2775 330 2804 in
349 2774 458 2813 ipsam
475 2778 506 2804 et
524 2773 589 2803 sibi
611 2771 898 2802 communicantes
918 2771 979 2801 hac
1000 2772 1174 2802 occasione
1191 2782 1209 2802 a

194 2829 462 2868 quibuscumque
477 2825 621 2864 prolatas
637 2825 678 2855 ad
694 2823 857 2854 cautelam
876 2823 1024 2855 relaxare
1040 2829 1207 2856 curantes.

194 2881 288 2912 illam
303 2889 367 2920 que
391 2880 425 2909 in
441 2882 692 2909 conservatores
709 2876 817 2907 extitit
836 2877 1061 2916 promulgata.
1080 2877 1210 2909 denun-

196 2935 287 2965 tietis
311 2933 445 2972 penitus
473 2941 539 2962 non
567 2936 697 2964 tenere.
721 2938 756 2959 ac
784 2929 823 2959 dc
849 2929 1002 2968 dampnis
1023 2935 1053 2961 et
1075 2931 1210 2970 injuriis

1290 334 1446 373 irrogatis
1458 335 1556 366 vidue
1568 337 1755 375 supradicte
1768 342 1992 376 competenter
2004 340 2159 370 satisfieri
2170 342 2302 372 faciatis

1291 387 1410 417 eidem.
1431 388 1698 420 Contradictores
1715 394 1789 425 etc..
1811 400 1915 429 usque
1937 402 1942 420 :
1963 394 2215 431 compescend0;
2236 404 2302 426 non

1291 440 1502 471 obstantibus
1520 442 1689 481 aliquibus
1707 442 1829 473 litteris
1846 454 1945 482 super
1962 445 2151 484 hujusmodi
2168 453 2303 479 sentcn-

1291 492 1413 522 tiarum
1448 494 1678 525 observatione
1713 506 1730 525 a
1767 496 1849 526 Sede
1883 499 2067 535 Apostolira
2104 501 2301 538 impetratis.

1291 546 1420 582 Quibus
1436 547 1498 577 rite
1515 549 1670 586 peractis,
1688 550 1727 579 ad
1747 554 1891 579 castrum
1908 552 2019 581 Sancti
2038 554 2217 584 Amlomari
2234 564 2303 593 per-

1291 598 1451 629 sonaliter
1474 601 1684 635 accedentes‚
1709 603 1910 640 provideatis
1936 605 2060 633 eistlvm
2087 607 2245 637 fratribus
2268 608 2302 637 in

1291 650 1362 681 loco
1374 651 1492 682 idoneo
1507 662 1564 691 pro
1579 654 1719 684 ecclesia
1735 659 1765 685 ct
1780 655 1932 685 domibus
1947 657 1994 686 eis
2010 660 2208 689 necessariis
2225 669 2303 690 con-

1292 704 1473 735 struendis.
1488 705 1575 735 infra
1594 716 1692 745 prope
1708 708 1770 746 (sic)
1784 718 1894 738 muros
1907 709 1969 738 loci
1985 711 2097 739 Sancti
2111 712 2301 743 ,ludomarh

1292 757 1365 787 sine
1378 758 1465 796 juris
1481 759 1664 797 prejudicio
1681 760 1784 790 alieni
1802 771 1808 790 :
1827 762 1979 793 videlicet
2001 769 2032 792 ut
2050 764 2214 799 dtwimas.
2236 766 2304 804 pri—

1291 809 1416 842 mitias.
1437 810 1622 842 oblationes
1644 813 1679 842 in
1701 813 1819 844 diebus
1835 814 2011 845 dominicis
2028 821 2057 845 et
2077 817 2304 856 sollempnita-

1293 862 1394 895 tibus,
1411 862 1461 893 vel
1478 865 1659 894 mortuaria
1673 866 1846 897 occasione
1860 867 2029 905 sepulture
2046 870 2190 899 ‹seusei-ri
2207 871 2303 901 solita

1291 915 1439 953 recipere
1457 925 1521 945 non
1538 923 1742 955 presumant;
1763 919 1808 948 ita
1824 923 1931 950 tamen
1945 921 2306 960 quoti1·⁴,·compensatio

1294 968 1457 1006 condigna
1483 970 1539 999 fiat
1565 970 1613 1000 eis
1639 971 1696 1009 qui
1715 972 1770 1010 J'us
1794 972 1914 1003 liabent
1940 973 2080 1004 ibidem.
2109 980 2138 1003 et
2166 975 2304 1006 ecclesie

1295 1020 1408 1051 Sancti
1430 1022 1612 1052 Audomari
1639 1023 1677 1053 (le
1703 1023 1799 1055 bonis
1827 1034 1940 1055 eorum
1968 1027 2025 1065 qui
2053 1027 2088 1056 iu
2116 1028 2304 1066 egritudine

1294 1074 1468 1105 constituti
1485 1077 1728 1115 assumpserint
1745 1078 1896 1108 habitum
1915 1081 2112 1111 eorundem.
2132 1082 2159 1111 si
2179 1083 2217 1113 de
2233 1083 2304 1122 ipsa

1295 1126 1466 1158 decedant.
1484 1129 1642 1159 canonica
1659 1131 1765 1168 portio
1784 1137 1983 1163 reservetur.
2002 1134 2095 1170 Quod
2111 1135 2139 1164 si
2157 1144 2221 1165 non
2235 1145 2305 1166 om-

1295 1188 1354 1209 nes
1373 1184 1434 1210 etc.
1453 1181 1526 1210 Dat.
1546 1182 1718 1212 Laterani.
1739 1184 1790 1214 III
1806 1184 1881 1214 idus
1900 1186 1991 1216 maii.
2013 1196 2099 1216 anno
2116 1189 2267 1226 septimo.
2291 1202 2303 1216 »

1369 1338 1482 1368 ¹28¹?

1331 1397 1490 1434 Episcopo,
1508 1400 1617 1429 decano
1635 1406 1663 1429 et
1679 1404 1816 1438 magistro
1832 1405 1995 1432 scholarum
2014 1407 2256 1442 civitatensibus,
2272 1424 2305 1431 —

1295 1447 1402 1481 quibus
1418 1449 1478 1482 jam
1499 1449 1562 1484 ipse
1582 1459 1655 1486 papa
1670 1453 1778 1487 scripta
1793 1461 1846 1480 sua
1861 1453 2017 1487 direxerat,
2036 1465 2070 1482 ne
2089 1456 2230 1485 Velascus
2246 1458 2307 1486 Me-

1295 1495 1396 1529 nendi‚
1413 1496 1503 1523 abbas
1521 1501 1689 1526 monasterii
1706 1500 1741 1527 de
1761 1501 1887 1534 Arnoia,
1905 1503 2014 1531 ordinis
2033 1507 2124 1532 sancti
2145 1506 2305 1542 Benedicti,

1293 1544 1543 1573 administratione
1555 1547 1649 1582 ipsius
1661 1551 1827 1577 monasterii
1841 1560 1892 1586 per
1905 1553 2045 1587 quosdam
2062 1555 2193 1589 ejusdem
2209 1564 2307 1583 mona-

1293 1593 1365 1621 chos
1381 1595 1596 1630 conspiratores
1610 1598 1764 1632 spoliatus,
1783 1607 1834 1635 pro
1850 1602 2081 1628 necessariorum
2097 1603 2227 1638 defectu,
2244 1608 2308 1632 tan-

1293 1650 1378 1677 quam
1395 1651 1452 1670 non
1468 1644 1578 1671 habens
1594 1647 1751 1681 proprium,
1766 1656 1780 1675 a
1796 1650 2000 1683 prosecutione
2013 1651 2090 1685 juris
2105 1653 2151 1679 sui
2167 1653 2307 1681 desistere

1294 1692 1530 1727 compelleretur,
1552 1708 1590 1714 —
1613 1695 1728 1723 mandat
1751 1701 1895 1732 quatenus
1919 1699 2012 1726 eidem
2033 1700 2127 1727 abbati
2149 1702 2253 1730 saciant
2273 1703 2308 1730 de

1294 1740 1378 1767 bonis
1399 1742 1539 1776 praedicti
1560 1745 1729 1772 monasterii
1752 1754 1896 1781 expensas
1918 1747 1952 1774 ad
1972 1748 2027 1775 hoc
2053 1751 2232 1778 necessarias
2253 1753 2308 1779 mi-

1294 1789 1420 1817 nistrari.
1436 1805 1470 1811 —-·
1485 1791 1568 1826 (Rau.
1589 1793 1632 1825 17,
1650 1794 1669 1820 f,
1686 1794 1720 1821 ‘23
1737 1802 1778 1826 νος
1797 1804 1864 1823 ann.
1877 1795 1942 1828 VII,
1958 1805 1982 1823 e.
1994 1786 2056 1830 95.)

1924 1344 2036 1375 Lati-an,
2053 1346 2066 1372 11
2083 1347 2138 1373 mai
2157 1347 2232 1375 1233.

1334 1897 1347 1912 «
1368 1908 1389 1914 ..
1407 1887 1555 1925 episcopo,
1579 1911 1596 1916 ..
1621 1889 1733 1919 decano
1757 1895 1783 1920 ee
1805 1914 1825 1919 ..
1846 1893 1993 1929 magistro
2012 1895 2165 1924 scolarum
2189 1896 2308 1926 Civita-

1292 1939 1433 1969 tensibus.
1453 1940 1547 1975 Cum,
1562 1941 1647 1971 sicut
1662 1942 1802 1974 dilectus
1816 1961 1865 1973 —.
1883 1946 1956 1975 Dat.
1976 1947 2142 1979 Laterani.
2161 1950 2229 1980 IIII
2248 1958 2307 1980 no-

1292 1999 1352 2022 nas
1368 1992 1460 2027 maii.
1481 2002 1568 2023 anno
1586 1995 1737 2033 septimo.
1757 2008 1770 2023 »

1367 2144 1483 2173 1298
1922 2149 2036 2186 Latran,
2051 2152 2068 2180 9
2084 2155 2138 2179 mai
2158 2154 2233 2182 1-233.

1330 2204 1458 2237 Fulconi,
1474 2207 1676 2242 archidiacono
1693 2209 1909 2245 Andegaveusi,
1928 2212 2041 2240 mandat
2056 2218 2201 2248 quatenus
2218 2216 2254 2243 R.
2271 2217 2306 2244 de

1293 2253 1400 2281 Sancto
1416 2254 1563 2287 Sollemni‚
1583 2258 1794 2292 presbyterum,
1820 2258 1956 2287 Dolensis
1977 2261 2130 2295 dioecesis,
2153 2265 2218 2299 qui,
2241 2265 2307 2293 licet

1291 2302 1370 2337 lepra
1392 2303 1534 2331 laboraret
1556 2309 1584 2331 et
1606 2310 1724 2340 propter
1746 2307 1801 2334 hoc
1821 2308 1906 2335 alicui
1927 2310 2066 2337 ecclesiae
2083 2311 2231 2340 deservire
2252 2323 2306 2342 non

1292 2355 1409 2385 posset,
1427 2354 1595 2387 perpetuam
1617 2357 1711 2381 tamen
1734 2355 1870 2383 vicariam
1890 2357 1917 2383 in
1939 2358 2060 2386 ecelesia
2081 2360 2116 2386 de
2137 2360 2306 2397 Pludishie„

1292 2399 1423 2434 eJusdem
1440 2400 1598 2435 dioecesis,
1615 2402 1770 2437 detinebat,
1786 2418 1824 2424 —
1838 2410 2016 2434 monstrante
2037 2407 2154 2436 Dolensi
2170 2411 2308 2447 episcopo

1292 2447 1398 2475 dictam
1420 2449 1583 2482 ecclesiam,
1601 2460 1675 2486 quae
1698 2453 1804 2480 multos
1825 2453 1949 2481 habebat
1967 2457 2172 2492 parochianos,
2193 2468 2229 2487 ex
2254 2461 2307 2489 hoc

1292 2495 1398 2524 debitis
1423 2498 1571 2534 obsequiis
1596 2500 1768 2536 defraudari,
1793 2502 1902 2529 dictum
1927 2512 1995 2530 vero
2019 2507 2228 2541 presbyterum,
2246 2511 2306 2544 qui.

1293 2548 1406 2579 praeter
1421 2547 1556 2574 vicariam
1573 2547 1677 2583 ipsam,
1694 2549 1826 2581 habebat,
1838 2550 1867 2577 in
1884 2552 2014 2586 ejtisdem
2032 2555 2171 2582 eeclesiae
2187 2556 2308 2585 decimis

1292 2596 1321 2620 et
1335 2594 1400 2621 aliis
1415 2595 1624 2624 ecclesiasticis
1641 2599 1839 2632 proventibus,
1858 2600 1885 2627 in
1901 2602 2000 2628 eadem
2017 2602 2153 2637 dioecesi,
2168 2606 2240 2633 ultra
2255 2608 2307 2634 tri-

1293 2643 1372 2676 ginta
1400 2643 1536 2672 librarum
1566 2645 1746 2674 Turonensis
1776 2653 1907 2676 monetae
1938 2651 2099 2683 valentiam,
2127 2662 2213 2689 posse
2241 2656 2307 2683 inde

1292 2691 1444 2719 commode
1460 2695 1636 2728 sustentari,
1653 2709 1688 2716 -
1703 2697 1838 2730 praefatis
1857 2697 1978 2725 decimis
1997 2704 2025 2727 et
2047 2703 2235 2735 prm-entibus
2257 2713 2307 2732 co-

1292 2747 1365 2775 gens
1381 2748 1448 2768 esse
1468 2746 1647 2774 contentum,
1667 2744 1801 2771 vicariam
1824 2746 1916 2781 ipsam
1939 2755 1989 2782 per
2008 2749 2073 2776 illos
2092 2750 2126 2777 ad
2146 2759 2220 2786 quos
2241 2755 2307 2788 eJ'us

1292 2789 1406 2816 collatio
1416 2790 1588 2825 pertinebat,
1602 2792 1722 2819 idoneae
1734 2802 1873 2828 personae
1885 2797 2008 2823 conferri
2018 2798 2154 2827 saciat.—
2163 2801 2247 2834 (lise.
2260 2803 2305 2839 ¹7,

1293 2838 1313 2865 f.
1328 2837 1363 2866 ‘23
1381 2845 1422 2873 τος
1439 2848 1506 2868 ann.
1525 2840 1590 2872 Vll,
1607 2849 1632 2868 c.
1650 2842 1698 2874 96;
1717 2857 1750 2863 -
1767 2843 1886 2871 ἵΝΙοιιεΑυ
1906 2845 1982 2878 tiss,
1999 2847 2018 2874 f.
2035 2848 2092 2881 61.)

1336 2946 1349 2960 α
1369 2934 1514 2971 Falconi,
1533 2937 1752 2967 archidiacono
1769 2939 1989 2977 Andeyavcnst.
2009 2943 2220 2978 Venerabilis
2237 2948 2307 2979 fra-
