2498 3242
164 229 221 260 873
1019 219 1233 257 SEPTIEME
1255 220 1415 258 ANNE'JE.
2213 232 2270 262 874

165 295 277 330 positus
291 299 320 322 et
330 294 488 329 capitutum
505 294 670 321 mandatum
687 295 876 330 apostolicum
890 294 1071 329 neglexerint
1082 293 1174 320 adim-

165 344 254 380 plere,
266 344 328 378 ipse
338 351 428 378 super
438 344 610 370 hoodictum
623 343 787 370 mandatum
798 348 982 378 exsequatur.
994 358 1026 364 —
1037 342 1118 375 (Rea.
1131 343 1173 374 17,

164 393 183 419 f.
204 392 394 424 ¹001-⁰;ann.
412 391 476 424 VII,
496 400 520 419 c.
539 392 613 425 35¹.)

206 521 218 535 «
239 531 258 538 ..
275 508 501 546 archiepiscopo
514 508 696 538 Coloniensi.
714 508 937 538 Ecclesiarum
953 507 1091 537 utilitati
1108 516 1173 537 nou

164 578 212 590 —-.
227 561 301 591 Dat.
319 560 482 598 Anagnie,
499 560 531 590 ΙΙ
548 569 652 590 nonas
669 560 824 590 octobris.
843 569 930 589 anno
947 560 1098 598 septimo.
1120 572 1132 585 »

700 757 825 791 Anagni,
842 757 875 783 2⁸
891 757 1009 783 octobre
1027 756 1104 784 1233.

237 758 352 797 ¹583

199 820 343 855 Episcopo
363 819 488 854 Trojano
509 819 623 846 mandat
643 823 804 854 quatenus,
825 819 859 846 ad
879 819 1084 846 monasterium
1104 818 1176 845 Vul-

163 874 278 902 tuense‚
296 869 470 904 Rapollanae
487 868 643 896 dioecesis.
659 868 818 900 accedens,
836 868 941 895 ibidem
959 868 1132 894 visitationis
1148 872 1176 894 et

162 918 351 945 correctionis
366 926 495 944 aunuum
512 917 636 944 officium
653 916 809 952 impendat.
823 931 858 937 —
870 916 952 950 (Rue.
972 917 1014 947 17,
1032 916 1051 944 s.
1069 917 1119 943 100
1135 924 1174 950 ¹⁸⁰3

162 975 228 994 ann.
246 965 446 999 V11‚c.352.)

203 1096 216 1110 a
237 1106 256 1112 ..
274 1084 408 1121 episcopo
430 1083 571 1120 TroJano.
586 1082 636 1112 Ad
655 1082 860 1112 audientiam
880 1086 1027 1112 nostram
1045 1081 1176 1111 noveris

161 1136 354 1176 pervenisse
371 1135 472 1174 quod,
491 1144 566 1165 cum
584 1134 823 1165 monasterium
840 1134 1037 1169 Vultuense‚
1055 1134 1178 1173 Rapol-

161 1189 262 1227 lan[e]
289 1188 443 1223 diocesis,
477 1188 564 1227 quod
593 1188 634 1218 ad
663 1188 847 1218 Romanam
877 1187 1059 1217 Ecclesiam
1086 1187 1177 1217 nullo

164 1241 272 1272 medio
300 1241 460 1280 pertinet,
485 1250 543 1279 per
564 1240 789 1270 venerabilem
820 1240 957 1270 fratrem
980 1245 1131 1270 nostrum
1154 1263 1175 1269 ..

162 1295 366 1325 Tranensem
383 1293 673 1334 archiepiscopum
689 1297 720 1323 et
737 1292 895 1323 dilectum
915 1293 1022 1322 filium
1040 1294 1176 1323 fratrem

161 1345 297 1384 Joseph,
326 1345 493 1375 notarium
520 1349 682 1380 nostrum,
714 1344 794 1374 olim
818 1345 990 1374 visitatum
1015 1345 1116 1375 fuerit
1146 1349 1177 1375 et

162 1403 357 1433 correctum,
379 1398 447 1433 sed,
473 1398 590 1428 abbate
613 1398 648 1427 in
671 1406 785 1428 eorum
808 1398 944 1428 cedente
967 1398 1123 1429 manibus
1146 1403 1176 1429 et

161 1451 264 1482 altero
285 1460 496 1491 nequaquam
516 1450 678 1482 hactenus
700 1450 892 1486 substituto,
915 1451 1062 1481 nondum
1082 1451 1117 1480 in
1139 1460 1176 1481 ea

160 1505 345 1543 du[n]taxat
373 1508 466 1542 parte
495 1503 640 1542 potuerit
669 1504 856 1538 reformari,
885 1508 1017 1542 propter
1041 1504 1174 1534 illorum

160 1557 323 1587 malitiam
346 1565 428 1596 quos
454 1556 488 1586 in
511 1556 641 1591 eodem,
667 1565 707 1586 ne
731 1555 874 1586 solitudo
896 1556 1005 1589 fieret,
1029 1557 1175 1596 expulsis

159 1609 247 1645 aliis,
270 1609 490 1649 reliquerunt,
517 1608 722 1639 universitas
747 1609 787 1639 ad
814 1613 973 1639 consueta
1000 1609 1172 1646 relabitur,

161 1663 239 1693 dum
254 1663 289 1692 in
307 1663 355 1693 eis
367 1662 480 1693 nullus
494 1666 551 1692 aut
562 1671 658 1692 rarus
670 1662 724 1698 sit,
741 1662 798 1701 qui
812 1662 955 1693 libenter
969 1663 1009 1693 ad
1019 1663 1174 1693 instituta

161 1715 321 1746 salutaria
337 1715 512 1754 dirigatur.
530 1716 615 1745 Nam
629 1714 678 1754 [..]
691 1715 792 1754 prior,
805 1715 882 1745 licet
895 1724 994 1754 super
1007 1715 1110 1746 nullis
1124 1725 1174 1747 ex-

158 1768 309 1800 cessibus
323 1768 523 1807 inculpetur,
539 1768 636 1807 quasi
649 1767 803 1798 columba
817 1773 925 1798 tamen
936 1769 1071 1799 seducta
1081 1771 1102 1805 ¹,
1118 1779 1175 1800 va-

159 1821 265 1852 lidum
295 1830 349 1851 cor
380 1830 446 1851 non
478 1820 623 1855 babens,
651 1820 760 1851 nullos
787 1821 924 1859 corrigit
957 1822 1173 1859 excedentes3

160 1876 211 1914 [..]
223 1875 377 1914 supprior
393 1879 424 1904 et
443 1898 462 1903 ..
481 1874 686 1907 cellerarius,
702 1874 790 1904 velut
810 1874 874 1904 duo
890 1875 1081 1914 iniquitatis
1097 1885 1176 1906 vasa

162 1927 320 1959 bellantia
338 1930 361 1962 2,
383 1927 602 1957 monasticam
627 1927 841 1957 demolientia
868 1928 1063 1966 puritatem,
1083 1929 1175 1959 intus

162 1985 193 2012 et
211 1985 317 2015 extra,
337 1989 401 2011 non
422 1980 546 2019 absque
570 1984 647 2010 nota
665 1980 820 2015 infamie,
840 1981 955 2010 vivunt
972 1982 1122 2020 turpiter,
1140 1986 1177 2011 ut

163 2033 331 2068 solebant;
352 2037 383 2063 et
402 2032 548 2071 expulsis
570 2033 698 2063 duobus
716 2033 1002 2071 procuratoribus.
1022 2034 1079 2073 qui
1101 2044 1177 2073 pro-

163 2086 238 2116 vide
260 2096 317 2125 per
335 2086 525 2116 visitatores
549 2095 648 2124 super
671 2086 866 2116 monasterii
886 2087 1028 2125 negotiis
1044 2087 1177 2118 fuerant.

163 2139 352 2175 constituti,
371 2138 552 2169 claustrum
574 2143 727 2177 reputant
748 2147 930 2175 carcerem,
949 2144 979 2170 et
1000 2145 1177 2179 sequentes

163 2193 336 2223 demonem
360 2202 394 2222 se
417 2192 621 2227 trahentem,
643 2200 706 2221 non
728 2197 886 2222 verentur
907 2202 966 2231 per
987 2193 1101 2223 eadem
1121 2193 1178 2223 iti-

162 2255 242 2277 nera
269 2255 419 2281 currere,
448 2255 506 2284 per
533 2254 596 2284 que
622 2250 865 2275 consueverunt
892 2245 1093 2277 inordinatis
1118 2256 1177 2277 sue

161 2299 272 2329 carnis
285 2298 431 2328 motibus
445 2297 619 2335 indulgere
633 2307 639 2326 :
657 2306 731 2327 nam
745 2297 971 2328 discurrentes
985 2298 1178 2331 notabiliter

161 2361 220 2391 per
230 2351 394 2383 civitates.
407 2360 465 2389 per
476 2354 595 2385 castra,
608 2359 666 2389 per
679 2350 833 2389 compita.
845 2354 876 2381 et
890 2351 1057 2381 interdum
1070 2352 1176 2383 tribus

161 2404 291 2439 diebus,
304 2403 472 2434 interdum
489 2407 631 2442 quatuor
647 2407 677 2433 ct
691 2403 839 2442 quinque
853 2403 1074 2442 plu1·ibus[ve]
1086 2409 1176 2435 extra

159 2457 399 2488 monasterium
416 2460 660 2495 pernoctantes,
678 2456 871 2487 monasterii
885 2456 971 2487 bona
985 2466 1059 2487 cum
1072 2458 1177 2496 [con]-

162 2509 358 2549 sanguineis
379 2514 409 2540 ct
430 2509 547 2539 amicis
565 2509 716 2548 reprobis
735 2509 916 2540 enormiter
934 2510 1126 2541 distrahunt
1146 2514 1177 2542 et

162 2566 373 2597 consumunt,
391 2561 540 2592 alienant
558 2561 723 2598 demania,
741 2562 926 2593 concedunt
942 2563 1072 2594 noviter
1087 2572 1177 2594 revo-

161 2622 243 2653 cata,
261 2619 501 2654 contempnunt
519 2615 648 2651 divina,
666 2620 863 2655 presumunt
879 2616 1058 2655 prohibita,
1076 2626 1177 2648 cunc-

163 2670 206 2700 tis
233 2669 399 2708 imperant
426 2677 499 2698 cum
530 2668 677 2707 potentia
705 2672 737 2698 et.
762 2677 821 2707 pro
848 2668 1017 2700 voluntate
1050 2670 1178 2700 faciunt

160 2723 334 2757 universa,
360 2730 435 2752 cum
461 2721 686 2755 visitatorum,
711 2721 746 2750 in
773 2721 1004 2752 observatione
1032 2722 1175 2758 silentii,

196 2855 216 2878 ι.
235 2854 294 2883 os„
313 2854 372 2884 vu,
394 2854 429 2877 ιι.

194 2898 216 2922 2.
236 2897 316 2926 Gen..
334 2897 430 2926 xmx,
447 2899 468 2921 5.

1257 293 1405 327 claustri,
1418 294 1620 325 abstinentie
1637 296 1811 332 regularis.
1828 296 2064 334 hospitalitatis
2078 302 2106 326 ot
2122 298 2269 328 custodie

1258 346 1466 377 intirmorum
1493 358 1529 377 ac
1552 348 1692 382 aliorum
1715 358 1850 387 opt-rum
1879 349 2026 387 pietatis,
2052 354 2174 379 statuta
2205 360 2268 381 non

1259 399 1365 429 solum
1389 410 1520 430 servare
1545 410 1608 430 non
1635 401 1804 436 studeant,
1828 402 1884 430 sm]
1907 402 2108 437 (liss‹‘›lvant;
2135 403 2271 441 insuper

1258 452 1453 490 pestilentes
1475 454 1596 492 ejectos
1622 463 1680 483 sua
1704 454 1951 492 presumption·¹
1977 455 2150 493 recipiunt.
2177 456 2270 494 quic-

1259 505 1338 544 quid
1354 506 1400 534 ibi
1417 506 1612 536 auctoritate
1627 511 1738 535 nostra
1753 517 1809 545 per
1824 507 2043 544 1·1·‹.·1li‹-1‹›1·111=1
2062 509 2269 537 visitatorum

1259 558 1405 588 studium
1420 559 1602 589 consistere
1618 559 1800 590 videbatur.
1815 564 1977 590 evertunt.
1994 565 2021 589 rt
2037 566 2138 589 totum
2153 570 2270 599 corpus

1259 610 1338 640 dicti
1362 611 1572 645 monasterii,
1598 612 1684 650 quod
1708 621 1745 641 cx
1769 612 1916 641 adhibita
1940 613 2154 650 speralmnus
2179 623 2270 643 rura-

1259 664 1348 693 tionc
1366 664 1488 699 sanari,
1503 674 1560 702 per
1574 664 1633 693 lios
1648 664 1740 699 duos,
1755 665 1849 703 quasi
1868 674 1924 702 per
1941 666 2075 695 totidem
2092 666 2268 701 etnim-nea,

1259 720 1324 745 tam
1350 717 1572 754 perniciosam
1598 717 1778 746 recidivam
1804 717 1992 755 pestilentie
2019 718 2156 755 patitur.
2185 719 2272 757 quod

1259 769 1460 799 omnimodis
1478 769 1517 799 de
1538 769 1644 808 ipsius
1662 770 1908 804 emendatione,
1928 771 1992 800 nisi
2013 771 2190 808 aquimolis-e
2207 772 2271 800 cir-

1259 823 1518 861 cumspectionis
1535 823 1720 853 accuratior
1734 823 1764 853 ei
1779 832 1857 853 rura
1873 824 2054 861 prox-iuvat.
2066 824 2269 861 desperatur.

1259 875 1343 912 Quia
1361 875 1464 913 igitur
1480 880 1629 905 nostrum
1646 880 1693 905 est
1711 876 1910 906 descendere
1929 881 1959 906 et
1979 881 2088 905 utrum
2112 877 2221 906 taliter
2238 886 2272 906 se

1259 928 1403 959 habeant
1426 928 1573 967 predicta
1593 929 1718 964 videre,
1740 929 1942 959 fraternitati
1967 934 2035 965 tue,
2055 929 2093 959 dt·
2117 939 2180 967 qua
2205 929 2273 967 ple—

1260 991 1337 1011 nam
1370 981 1405 1010 in
1435 981 1577 1011 Domino
1611 981 1765 1011 fiduciam
1801 982 1964 1019 gerimus,
2000 991 2057 1020 per
2093 982 2273 1020 apostolica

1260 1035 1381 1073 scripta
1412 1034 1608 1064 mandamus
1638 1038 1818 1073 quatenus,
1851 1034 2070 1072 personaliter
2099 1035 2137 1064 ad
2165 1035 2273 1064 locum

1261 1088 1420 1117 accedens
1437 1091 1467 1117 et
1484 1087 1611 1117 habens
1629 1096 1685 1125 pre
1704 1087 1810 1117 oculis
1831 1087 1937 1117 solum
1957 1089 2076 1122 Deum,
2095 1088 2273 1125 diligenter

1261 1149 1409 1170 annuum
1434 1141 1556 1170 ibidem
1584 1140 1786 1170 visitationis
1814 1144 1845 1170 et
1869 1141 2084 1171 correctionis
2109 1141 2270 1174 otlicium,

1260 1203 1366 1232 usque
1389 1193 1467 1223 dum
1490 1193 1598 1223 eidem
1620 1193 1822 1223 monasterio
1846 1193 1885 1223 de
1908 1194 2025 1223 abbate
2049 1194 2270 1232 provideatur,

1260 1246 1448 1285 impendas,
1467 1251 1579 1285 etque
1600 1256 1657 1284 per
1679 1246 1843 1284 predictos
1867 1247 2055 1276 visitatores
2076 1246 2274 1282 regulariter

1261 1308 1297 1329 ac
1325 1299 1512 1329 necessarie
1549 1299 1672 1329 ibidem
1709 1303 1831 1329 statuta
1858 1300 2069 1337 cognoveris,
2103 1298 2273 1329 observari

1259 1352 1398 1387 faciens,
1426 1356 1455 1382 et
1482 1352 1663 1382 secundum
1692 1362 1729 1382 ea
1758 1353 1901 1390 puniens
1927 1352 2132 1382 excedentes.
2159 1353 2186 1382 si
2213 1352 2272 1381 tibi

1259 1405 1448 1435 constiterit
1470 1405 1508 1434 de
1530 1405 1721 1443 premissis.
1747 1409 1812 1434 tam
1835 1406 1869 1434 in
1891 1405 2049 1444 predictis
2072 1415 2170 1444 quain
2194 1405 2270 1435 aliis

1259 1458 1425 1495 corrigere
1448 1466 1485 1487 ac
1504 1458 1685 1487 reformare
1707 1467 1769 1496 que
1790 1458 1985 1494 corrigenda
2006 1463 2037 1488 et
2061 1459 2271 1489 reformanda

1258 1511 1396 1545 fuerint,
1420 1520 1486 1541 non
1508 1514 1695 1549 postponas.
1715 1511 1981 1542 Contradictores
2003 1516 2063 1541 etr.
2089 1513 2162 1541 Dat.
2181 1513 2270 1542 Ana-

1259 1564 1346 1602 gnie,
1365 1565 1393 1594 V
1408 1563 1567 1594 kalendas
1584 1564 1785 1600 novembris,
1804 1574 1891 1594 anno
1907 1565 2056 1603 septimo.
2079 1577 2091 1591 n

1332 1762 1445 1790 1582

1295 1823 1439 1858 Episcopo
1463 1826 1491 1849 et
1512 1822 1547 1850 G.
1568 1823 1767 1850 archidiacono
1790 1824 2047 1858 Maclovicnsibus,
2070 1830 2097 1852 et
2118 1826 2211 1853 abbati
2235 1827 2270 1853 de

1767 1761 1879 1790 Lati-an.
1900 1762 1928 1789 t?
1948 1764 2102 1790 novembre
2123 1764 2199 1792 1933.

1260 1872 1347 1899 Panis
1364 1872 1455 1898 Ponte
1476 1873 1591 1899 mandat.
1611 1877 1755 1906 quatenus
1777 1874 1804 1900 in
1825 1882 1914 1900 causa
1935 1876 2008 1901 iuter
2023 1874 2270 1910 corisopitensem

1259 1922 1429 1957 episcopum
1450 1927 1479 1947 et
1498 1921 1629 1947 abbatem
1651 1921 1818 1948 monasterii
1836 1921 1934 1948 Sancti
1954 1922 2118 1957 wingaloei
2140 1925 2175 1950 de
2196 1924 2270 1951 Lan-

1259 1969 1421 1996 debviuoch
1439 1978 1526 2004 super
1539 1970 1712 1996 visitationis
1726 1970 1818 1997 officio
1835 1971 1862 1997 iu
1880 1971 1980 1997 eodem
1997 1973 2172 1999 monasterio
2187 1982 2270 2000 exer-

1259 2018 1352 2044 cendo
1373 2021 1512 2049 vertente,
1531 2018 1602 2044 iufra
1623 2022 1746 2052 quatuor
1769 2027 1886 2045 meuses
1907 2019 2028 2046 finaliter
2049 2022 2214 2055 procedant.
2236 2037 2270 2042 —-

1259 2066 1343 2099 (Res.
1361 2066 1404 2097 47,
1420 2066 1439 2092 s,
1459 2066 1508 2093 100
1524 2073 1568 2098 v⁰;
1584 2075 1651 2094 ann.
1669 2065 1778 2098 V1Lc.
1797 2067 1864 2097 353;
1883 2083 1916 2087 —
1933 2067 2052 2096 Monam
2073 2070 2147 2098 1188.
2166 2071 2183 2096 s.
2202 2071 2268 2100 218:

1259 2129 1293 2134 —
1310 2114 1455 2141 porrum
1471 2114 1561 2148 9323.)

1302 2229 1315 2243 «
1349 2239 1372 2245 ..
1404 2218 1554 2255 episcopo,
1588 2217 1637 2246 G.¹
1675 2218 1894 2247 archidiacono
1922 2220 2186 2255 ,tlaarloviensibas,
2217 2228 2268 2251 et..

1259 2270 1362 2299 abbati
1383 2270 1416 2299 de
1432 2271 1526 2299 Panis
1542 2270 1646 2305 Ponte,
1669 2271 1878 2300 Maeloviensis
1899 2272 2033 2301 diocesis.
2059 2274 2271 2306 Venerabilis

1258 2323 1363 2353 frater
1379 2327 1492 2353 noster
1506 2346 1524 2351 ..
1542 2322 1802 2361 Corisopitensis
1816 2323 1990 2363 episcopus
2003 2334 2062 2355 sua
2075 2327 2171 2357 nobis
2186 2328 2272 2366 peti-

1259 2375 1349 2405 tione
1363 2376 1559 2406 monstravit
1572 2376 1670 2415 quod.
1684 2384 1758 2406 cum
1772 2376 1843 2415 ipse
1857 2377 1897 2407 ad
1908 2379 2147 2409 monasterium
2159 2380 2272 2411 Sancti

1259 2428 1452 2466 VVingaloei
1487 2428 1525 2458 de
1556 2429 1815 2460 Landehvinocb
1829 2426 1857 2465 ⁴²,
1889 2431 2068 2470 episcopali
2101 2432 2165 2463 sibi
2196 2434 2271 2473 jure

1260 2480 1466 2520 subjectum,
1495 2480 1709 2520 impensurus
1741 2482 1776 2511 in
1808 2492 1846 2513 eo
1875 2483 2078 2515 visitationis
2107 2486 2269 2522 officium,

1259 2533 1481 2572 personaliter
1504 2534 1710 2571 accessisset,
1735 2558 1756 2563 ..
1786 2535 1887 2566 abbas
1909 2541 1940 2566 et
1962 2543 2144 2569 conventus
2164 2539 2271 2577 ipsius

1259 2586 1468 2622 monasterii,
1486 2590 1521 2617 ut
1535 2587 1774 2617 correctionem
1787 2588 1949 2618 evitarent
1964 2589 2122 2629 ejusdem,
2139 2600 2271 2631 exemp-

1260 2639 1386 2670 tionem
1399 2647 1499 2669 causa
1513 2639 1644 2677 diffugii
1659 2640 1893 2678 pretendentes
1908 2646 1937 2672 et
1952 2647 2223 2681 contempnentes
2235 2645 2270 2674 in

1260 2700 1435 2722 commune
1450 2692 1599 2731 proferre
1615 2701 1674 2732 sue
1688 2694 1906 2732 exemptionis
1922 2694 2146 2733 privilegium,
2160 2696 2269 2735 ipsum

1294 2810 1315 2834 1.
1333 2810 1459 2834 t‘otttiast
1479 2811 1604 2841 imprime
1621 2810 1635 2833 a
1653 2814 1705 2834 tort
1723 2813 1764 2838 S.,
1781 2810 1888 2841 d'aprcs
1905 2814 1992 2836 Gallia
2009 2814 2178 2843 christiana,
2197 2815 2270 2845 XIV,

1261 2856 1356 2883 ιἠειν..
1370 2855 1422 2879 col.
1441 2855 1493 2879 190.

1291 2898 1315 2923 Ἰ.
1332 2901 1381 2923 Ms.
1399 2908 1406 2922 :
1423 2899 1648 2923 Laudebvinoch.
