2498 3242
135 302 192 331 421

134 385 390 424 impendendam
417 384 621 423 episcopatui
648 384 770 414 curetis
799 385 936 423 provide
967 386 1142 420 moderari,

133 438 276 468 taxando
297 440 458 476 quantum
475 437 503 467 ei
527 446 545 467 a
568 437 715 475 quolibet
733 437 997 475 supradictorum
1016 439 1046 468 et
1066 438 1142 468 alio-

134 499 208 520 rum
220 491 382 523 omnium,
399 491 456 528 qui
471 490 681 520 continentur
694 490 728 520 in
742 490 860 520 litteris
872 491 1004 520 directis
1018 490 1143 534 adpre-

134 543 259 573 dictum
277 543 429 573 abbatem
447 545 478 573 et
493 543 563 581 ejus
579 543 780 581 conjudices,
797 543 839 572 sit
856 543 1082 581 prestandum,
1100 544 1143 574 ita

134 597 180 630 ut,
200 596 287 634 quod
310 596 365 625 isti
389 596 422 625 tit
441 596 604 629 remissio,
626 596 702 625 aliis
725 604 824 634 grave
843 596 1055 634 dispendium
1077 605 1141 626 non

134 648 266 682 existat,
285 649 420 687 proviso
439 649 617 687 prudenter
635 650 670 678 ut
691 649 829 679 ecclesia
845 649 1058 678 Belvacensis
1076 650 1141 678 tam

134 709 174 730 ex
190 701 410 731 subventione
427 710 525 739 quam
542 709 582 731 ex
597 701 780 731 redditibus
796 701 939 740 propriis
953 710 1010 739 per
1024 710 1142 731 manns

132 754 258 784 vestras
273 754 357 783 infra
373 753 553 783 triennium
570 754 712 783 totaliter
727 763 746 783 a
758 753 878 783 debitis
891 753 1058 783 liberetur.
1077 754 1141 784 Sed

129 814 204 835 cum
221 808 422 836 memoratus
441 806 617 845 episcopus
637 806 776 836 firmiter
791 807 952 836 assereret
973 806 1060 844 quod
1075 815 1140 836 non

130 860 179 889 est
213 859 277 889 uisi
307 859 496 897 quindecim
532 859 664 889 milium
697 859 859 889 librarum
894 859 1140 889 I'arisiensium

129 911 249 942 debitis
277 911 453 949 obligatus,
480 911 508 941 si
534 911 616 941 forte
642 912 786 942 sedecim
815 912 945 941 milium
975 920 1140 941 summam

130 965 326 995 excederent
341 965 469 1003 1110111111,
494 974 703 1004 nequaquam
727 966 760 995 in
783 965 988 995 executionis
1011 966 1140 1003 negotio
1169 970 1170 973 ’

127 1018 324 1056 procedatis,
351 1018 455 1047 donec
480 1019 631 1048 nostrum
656 1017 899 1056 beneplacitum
922 1018 1139 1056 requirentes,

129 1071 322 1101 mandatum
351 1071 541 1109 receperitis
572 1071 737 1106 iteratum,
765 1071 932 1109 provisuri
959 1072 1068 1100 tamen
1099 1079 1139 1101 110

129 1124 202 1162 ipsa
231 1124 369 1153 ecclesia
400 1124 495 1153 novis
528 1123 648 1153 debitis
674 1125 838 1154 oneretur.
872 1123 1138 1154 Contradictores

129 1178 239 1206 autem
258 1178 332 1211 etc„
352 1184 456 1214 usque
475 1177 701 1215 compescatis.
724 1177 798 1207 Dat.
816 1177 981 1211 Laterani,
1001 1176 1066 1206 XlI
1084 1176 1139 1206 ka-

128 1228 244 1259 lendas
256 1228 356 1266 junii,
376 1236 463 1258 anno
482 1228 609 1267 quinto.
636 1240 650 1254 »

194 1390 268 1420 (382
715 1386 831 1419 Latran,
853 1388 882 1413 18
898 1387 970 1413 avril
990 1388 1067 1414 1‘231.

163 1472 293 1499 Donadeo
318 1470 393 1497 Petri
412 1470 519 1503 Rabiei,
535 1470 689 1497 scriniario
704 1470 799 1501 Urbis,
820 1472 936 1504 propter
955 1471 1137 1505 diligentiam
1168 1484 1170 1492 ι

133 1523 263 1553 30001,οἲ
285 1520 411 1547 laborem
430 1527 514 1554 quem
536 1519 713 1545 sustinuerat
733 1527 783 1552 pro
797 1518 982 1553 exstirpanda
994 1519 1138 1547 haeretica
1169 1548 1170 1551 Ἴ

131 1569 282 1604 pravitate,
305 1570 426 1603 quatuor
447 1568 533 1594 libras
555 1567 777 1601 provenensium
799 1569 915 1594 senatus
938 1569 1137 1602 percipiendas

128 1618 156 1645 in
169 1617 241 1644 festo
252 1617 417 1644 Nativitutis
431 1616 544 1643 Domini
556 1616 589 1643 de
602 1624 719 1642 camera
732 1617 876 1642 Romanae
888 1616 1030 1643 Ecclesiae
1046 1617 1138 1651 quoad
1171 1609 1172 1615 ¹

127 1666 230 1693 vixerit
245 1666 396 1692 annuatim
408 1665 548 1692 concedit.
561 1679 594 1684 —
607 1665 685 1699 (Rae.
706 1664 779 1696 15,1“.
796 1666 845 1691 101)
857 1672 896 1697 r⁰;
909 1673 976 1692 ann.
994 1665 1026 1698 V,
1044 1673 1068 1692 c.
1081 1666 1137 1700 78.)

169 1770 183 1784 «
206 1757 346 1787 Donadeo
359 1757 445 1786 Petri
462 1756 578 1791 Rabies,
595 1756 755 1785 scriniario
773 1755 873 1786 Urbis.
892 1755 975 1786 Cum
988 1756 1138 1787 favorem

126 1811 257 1841 devotio
275 1827 325 1839 -.
346 1810 423 1840 Dat.
436 1810 601 1844 Laterani,
622 1809 724 1839 XIIII
743 1809 905 1839 kalendas
923 1809 1014 1844 maii,
1030 1810 1136 1848 ponti-

127 1863 243 1894 ficatus
258 1863 362 1894 nostri
379 1871 465 1892 anno
482 1862 609 1901 quinto.
635 1874 650 1889 »

195 2026 268 2057 863
758 2023 842 2055 meti,
861 2024 891 2049 10
905 2023 969 2058 juin
989 2025 1066 2050 ¹231.

165 2109 228 2141 Th„
245 2109 352 2135 decano
375 2107 608 2142 ltothomugensi,
626 2107 707 2142 cujus
725 2107 826 2134 electio
845 2107 871 2133 in
890 2107 1138 2142 archiepiscopum

130 2157 391 2191 llothomageuscm
408 2158 518 2182 cassata
535 2155 639 2188 suerat,
655 2155 743 2189 etqui
760 2155 894 2182 ecelesias
908 2165 978 2190 quas
994 2156 1139 2183 detinebat
1170 2193 1171 2202 ¹
1198 2171 1357 2209 magistro
1375 2171 1517 2202 Martino
1540 2172 1579 2202 de
1600 2173 1749 2207 Summa·
1772 2174 1975 2205 sudeaCODO
1992 2178 2115 2212 nostro,
2140 2187 2208 2209 rec-

128 2205 335 2240 resignavwat,
359 2205 487 2239 indulget
509 2212 542 2230 ne
563 2212 595 2230 ea
611 2205 760 2230 occasione
782 2203 843 2239 ejus
862 2203 942 2230 fama
959 2205 1070 2239 gravari
1094 2213 1139 2231 va-
1170 2226 1171 2233 ,

129 2254 194 2280 leat.
220 2269 253 2273 —
269 2254 348 2288 (Rae.
375 2255 413 2286 15,
433 2252 451 2280 f.
476 2254 525 2279 100
549 2260 593 2284 v⁰;
617 2260 685 2278 ann.
708 2252 738 2285 V,
759 2259 784 2278 e.
803 2252 851 2284 79;
868 2267 901 2271 —-
921 2253 1036 2280 Moru-:au
1062 2255 1138 2286 1187,

129 2302 148 2329 s.
165 2302 222 2334 67.)

171 2397 185 2411 ι(
212 2384 282 2419 ΤΙι.,
298 2383 410 2413 decano
427 2382 670 2421 Rothomayensi.
684 2383 775 2413 Licet
788 2382 914 2413 dudum
927 2382 1140 2413 (100103111Ιῖ0-

129 2437 338 2476 thomagensi
354 2438 485 2475 pastore
505 2437 652 2471 vacante,
677 2437 707 2465 01
725 2436 754 2465 10
772 2445 791 2466 a
809 2435 1009 2473 quibusdam
1028 2435 1067 2465 de
1087 2444 1139 2465 ca-

128 2491 232 2530 pitulo
263 2490 298 2520 in
330 2490 436 2528 ipsius
463 2488 601 2519 ecclesie
628 2490 795 2527 pastorem
823 2488 938 2524 electo,
968 2488 1046 2526 quia
1075 2489 1140 2518 tam

128 2545 242 2575 contra
259 2543 452 2574 electionem
468 2542 507 2572 de
522 2543 551 2572 te
568 2542 699 2575 factam,
717 2550 817 2579 quam
833 2542 946 2571 contra
964 2549 1140 2579 personam

131 2598 232 2629 tuam,
255 2604 296 2626 ex
313 2604 351 2625 00
370 2595 456 2633 quod
481 2597 546 2625 tres
565 2594 788 2633 parrochiales
811 2594 968 2624 ecclesias
990 2602 1066 2624 cum
1090 2602 1140 2623 ar-

129 2648 363 2679 chidiaconatu
381 2647 598 2677 Ambianensi
618 2648 691 2685 post
713 2647 865 2685 generale
882 2646 1074 2681 concilium,
1093 2646 1141 2685 ip-

131 2709 235 2739 soque
265 2699 535 2730 archidiaconatu
565 2699 716 2735 dimisso,
745 2699 850 2729 dictas
879 2699 1036 2729 ecclesias
1067 2707 1143 2729 cum
1173 2694 1174 2698 ’

133 2753 294 2784 decanatu
315 2751 588 2790 Rothomagensi,
611 2751 782 2782 electionis
798 2753 944 2790 tempore
966 2751 1142 2785 retinebas,

134 2807 201 2836 tam
212 2813 323 2835 coram
338 2804 434 2834 nobis
447 2812 546 2842 quam
560 2812 670 2834 coram
685 2804 868 2834 venerabili
881 2804 980 2834 fratre
997 2805 1109 2834 nostro
1123 2827 1142 2834 ..

133 2858 290 2897 episcopo
312 2857 554 2888 Silvanectensi
576 2857 607 2887 et
632 2856 768 2895 collegis
790 2857 873 2894 suis,
899 2857 1021 2895 quibus
1046 2865 1145 2895 super

137 2912 198 2941 hoc
231 2918 363 2940 causam
394 2909 635 2943 commisimus,
663 2909 805 2948 quedam
832 2909 959 2948 objecta
991 2909 1144 2944 fuissent,

136 2963 233 2993 nobis
253 2962 422 2992 humiliter
439 2962 634 3000 supplicasti
651 2962 698 2996 ut,
716 2970 790 2992 cum
808 2969 874 2992 non
895 2962 1004 2992 solum
1017 2962 1096 3001 juri,
1116 2962 1145 2992 si

959 295 1207 337 (1100010110
1229 299 1396 335 ANNEE.

2153 317 2213 345 422

1205 388 1292 426 quod
1315 389 1375 419 tibi
1398 389 1431 419 in
1450 390 1564 420 eadem
1588 391 1745 423 0100110110
1768 396 1951 433 competere
1975 397 2157 434 videbatur,
2180 403 2211 432 et

1205 439 1252 470 liti
1275 449 1386 471 coram
1408 442 1503 472 nobis
1526 445 1708 481 spontanea
1729 447 1868 477 cesseris
1891 448 2070 485 voluntate,
2095 460 2210 484 verum

1203 492 1301 523 etiam
1319 493 1407 532 ipsas
1419 495 1576 525 ecclesias
1593 497 1729 527 duxeris
1743 499 1970 537 resignandas,
1985 510 2024 532 ne
2039 505 2210 537 occasione

1202 544 1392 584 hujusmodi
1408 548 1540 585 gravari
1558 549 1666 579 valeat
1688 550 1776 580 fama
1792 553 1857 587 tua,
1875 554 2048 591 providere
2073 556 2132 587 tihi
2149 558 2207 588 mi·

1172 631 1173 636 ¹
1202 599 1411 629 sericorditer
1427 600 1653 638 dignaremur.
1666 603 1736 633 Nos
1749 604 1849 642 igitur
1864 607 2018 644 precibus
2036 609 2208 648 tuis-beni-

1172 666 1173 674 1
1201 658 1302 688 gnum
1326 652 1552 691 impertientes
1574 663 1761 692 assensum,
1781 658 1972 689 auctoritate
1995 661 2052 690 11111
2076 670 2206 700 presen-

1202 702 1283 732 tium
1305 693 1517 743 indulgemus
1535 707 1569 736 ut
1585 715 1695 745 perca
1711 717 1774 746 que
1795 710 1865 739 acta
1883 712 1970 746 sunt,
1984 712 2069 742 fama
2084 715 2140 744 tua
2156 715 2206 746 vel

1170 798 1171 803 1
1200 755 1313 793 opinio
1326 756 1390 786 ledi
1404 766 1467 787 non
1483 759 1600 794 valeat,
1616 768 1673 789 seu
1686 760 1744 790 tibi
1761 761 1979 799 prejudicium
1994 764 2026 794 iu
2039 768 2206 803 posterum

1199 809 1361 845 generari.
1378 809 1471 839 Nulli
1484 818 1560 849 ergo
1576 812 1635 841 etc.
1656 811 1690 841 Si
1707 813 1782 850 quis
1796 815 1904 844 autem
1920 817 1979 845 etc.
2001 817 2075 847 iat.
2091 818 2207 853 Reate,

1199 860 1264 890 1111
1283 861 1358 891 idus
1370 862 1469 900 junii,
1486 864 1695 902 pontificatus
1712 866 1814 896 nostri
1834 875 1919 897 anno
1935 869 2064 906 quinto.
2091 883 2104 896 ιι

1265 1021 1337 1052 664
1849 1024 1931 1058 uicti,
1948 1025 2038 1060 7juin
2054 1026 2133 1053 1231.

1234 1103 1275 1135 1³„
1299 1104 1494 1131 Romanorum
1520 1105 1737 1140 imperatorem,
1763 1110 1861 1135 monet
1882 1111 2022 1143 quatenus
2049 1111 2204 1145 ltaynaldo,

1197 1153 1264 1178 nato
1279 1152 1373 1178 clarae
1386 1153 1544 1180 memoriae
1556 1155 1687 1187 Conradi,
1704 1156 1783 1183 ducis
1796 1157 1951 1191 spoletani,
1966 1159 2032 1185 licet
2045 1159 2204 1193 immerito,

1197 1200 1367 1227 clementiae
1383 1209 1450 1227 snae
1461 1201 1580 1236 januam
1597 1204 1717 1237 aperiat.
1730 1219 1762 1224 ——
1775 1205 1851 1239 (1100.
1873 1207 1913 1239 15,
1930 1206 1948 1232 s.
1970 1209 2017 1233 100
2029 1215 2076 1241 v‹›;
2091 1217 2158 1236 ann.
2174 1209 2204 1242 V,

1197 1257 1221 1274 c.
1238 1250 1285 1282 803
1303 1265 1336 1268 —
1354 1250 1469 1277 1110110Αο
1488 1253 1564 1284 1187,
1583 1251 1601 1278 f.
1620 1253 1667 1285 66;
1683 1267 1718 1272 —-
1736 1254 1874 1281 Povrfflixsr
1890 1256 1974 1288 87493
1992 1271 2026 1276 —
2042 1257 2204 1284 ltousnnssac

1197 1298 1272 1330 44¹.)

1239 1401 1253 1415 «
1279 1389 1328 1425 F„
1355 1390 1472 1419 Illustrt'
1491 1391 1692 1422 Romanorum
1714 1394 1902 1433 imperatori,
1929 1406 2044 1435 semper
2061 1403 2202 1436 (1119αεὶ0,

1198 1447 1223 1470 et
1249 1442 1316 1480 req?
1333 1442 1447 1473 Sicilie.
1474 1444 1549 1474 Non
1573 1445 1701 1483 ignorat
1724 1446 1905 1485 imperialis
1921 1466 1969 1478 —.
1990 1449 2064 1479 Dat.
2090 1450 2204 1485 Reate,

1198 1493 1261 1524 VII
1280 1495 1466 1534 idusjunii,
1482 1497 1693 1534 pontificatus
1709 1500 1812 1529 nostri
1830 1509 1916 1530 anno
1932 1501 2058 1539 quinto.
2084 1514 2098 1529 υ

1265 1654 1337 1685 (365

1829 1657 1913 1689 Rieti,
1929 1659 1962 1684 ‘27
1980 1659 2036 1685 mai
2060 1660 2135 1686 1231.

1233 1735 1440 1762 Archidiacono
1467 1737 1642 1764 Norwicensi
1668 1739 1827 1766 committit
1849 1741 2077 1771 terminandam,
2104 1744 2145 1769 vel
2170 1744 2207 1770 ad

1198 1784 1300 1810 Sedem
1318 1785 1510 1819 Apostolicani
1529 1786 1748 1820 remittendam,
1769 1796 1886 1815 causam
1903 1789 1980 1816 inter
2001 1791 2156 1818 Martinum
2173 1792 2206 1818 de

1197 1833 1330 1866 Summa,
1346 1834 1552 1861 subdiaconum
1571 1835 1659 1869 ipsius
1671 1844 1772 1870 papae,
1791 1840 1932 1864 rectorem
1943 1839 2078 1866 eeclesiae
2098 1840 2131 1866 de
2154 1841 2206 1867 Do-

1198 1882 1331 1908 merham
1346 1888 1391 1915 t:
1402 1883 1563 1910 Dumeham
1574 1883 1610 1917 i),
1624 1892 1658 1910 ex
1670 1893 1726 1911 una
1740 1888 1832 1919 parte,
1848 1888 1875 1912 et
1892 1887 2024 1914 abbatem
2042 1890 2070 1915 et
2086 1896 2207 1915 conven-

1198 1932 1261 1956 tum
1284 1931 1496 1958 Glastonienses
1516 1934 1542 1958 et
1560 1932 1592 1958 V.
1611 1932 1807 1966 clericum,ex
1819 1934 1921 1968 altera,
1938 1944 2024 1970 super
2046 1937 2156 1971 capella
2172 1937 2205 1963 de

1197 1977 1375 2010 Merton.,ad
1386 1978 1493 2005 dictam
1504 1979 1657 2006 ecclesiam
1676 1981 1996 2015 pertinente‚exortam.
2016 1999 2047 2003 —
2066 1985 2143 2017 (llao.
2163 1986 2205 2017 15,

1169 2057 1171 2065 ‚
1198 2025 1218 2052 f.
1240 2026 1284 2052 101
1305 2034 1346 2060 rog
1363 2035 1432 2054 ann.
1450 2028 1482 2060 V,
1498 2035 1522 2054 c.
1539 2028 1596 2061 81.)

1239 2129 1254 2144 «
1281 2141 1300 2148 ..
1317 2118 1530 2148 archidiacono
1550 2119 1748 2150 Norwicensi.
1767 2121 1982 2159 significante
1998 2123 2116 2154 dilecto
2138 2124 2208 2156 filio

1199 2225 1267 2254 tore
1290 2224 1427 2254 ecclesie
1444 2224 1483 2254 de
1501 2225 1714 2262 Domerham,
1736 2226 1833 2257 nobis
1855 2227 1997 2258 innotuit
2015 2230 2115 2267 quod,
2133 2239 2210 2261 cum

1200 2277 1270 2315 ipse
1286 2278 1360 2315 post
1369 2277 1482 2315 plures
1497 2278 1749 2309 commissiones
1765 2303 1784 2308 ..
1803 2279 1954 2310 abbatem
1966 2283 1997 2311 et
2010 2285 2210 2314 conventum

1200 2329 1453 2361 Glastonienses
1468 2331 1500 2360 et
1514 2331 1555 2361 V.
1574 2331 1742 2367 clericum,
1761 2332 1997 2364 Batlioniensis
2016 2336 2046 2364 et
2063 2336 2210 2366 811105111-

1171 2405 1172 2415 ,
1201 2382 1321 2412 riensis
1335 2382 1531 2418 diocesium,
1548 2392 1649 2422 super
1661 2385 1789 2424 capella
1808 2385 1848 2415 de
1863 2385 2018 2422 Merton.,
2034 2388 2074 2417 ad
2091 2388 2210 2419 dictam

1171 2449 1172 2454 =
1200 2435 1373 2466 ecclesiam
1398 2436 1595 2474 pertinente,
1620 2445 1732 2468 coram
1750 2462 1768 2468 ..
1787 2438 1911 2469 decano
1937 2440 2063 2471 Exonie
2086 2443 2117 2471 et
2141 2442 2212 2472 suis

1200 2488 1431 2526 conjudicibus
1443 2489 1636 2520 anctoritate
1652 2491 1832 2529 apostolica
1848 2492 2049 2524 traxissetin
2065 2502 2212 2529 causam,

1201 2541 1302 2571 iidem
1322 2541 1453 2579 judices
1478 2543 1541 2571 tam
1567 2551 1668 2581 super
1689 2544 1897 2581 possessorio
1923 2553 2022 2583 quam
2047 2547 2211 2585 petitorio,

1172 2603 1173 2615 ³
1201 2602 1277 2624 0001
1299 2593 1338 2624 de
1354 2595 1493 2632 utroque
1509 2596 1619 2624 actum
1636 2595 1736 2626 fuerit
1757 2605 1866 2626 coram
1886 2597 1980 2636 ipsis,
1998 2599 2212 2630 diffinitivam

1202 2655 1260 2685 pro
1284 2655 1322 2676 eo
1344 2647 1554 2683 sententiani,
1579 2647 1730 2685 exigente
1746 2649 1886 2687 justitia,
1910 2651 2127 2688 protulerunt.
2147 2652 2210 2691 Ap-

1202 2699 1345 2738 pellante
1363 2700 1463 2737 igitur
1481 2700 1600 2730 frivole
1616 2702 1706 2739 parte
1729 2702 1904 2737 contraria,
1924 2704 1955 2732 et
1972 2711 2009 2733 eo
2028 2705 2210 2742 possessio-

1174 2764 1175 2795 ;
1204 2760 1279 2782 nem
1296 2752 1440 2791 predicte
1453 2753 1578 2791 capelle
1594 2753 1722 2792 adepto,
1739 2763 1804 2792 qua
1821 2762 1897 2784 eum
1915 2756 2105 2786 constiterat
2121 2757 2211 2788 inde-

1202 2804 1269 2835 bite
1288 2805 1478 2843 spoliatum,
1506 2814 1605 2843 quam
1624 2805 1722 2835 etiam
1740 2808 1814 2844 post
1834 2807 2089 2845 appellationem
2108 2809 2213 2848 ipsam

1205 2857 1401 2896 aliquandiu
1415 2858 1548 2896 pacifice
1560 2859 1589 2887 et
1602 2858 1674 2888 sine
1687 2858 1743 2888 lite
1756 2859 1915 2896 possedit,
1929 2869 2006 2898 pars
2021 2863 2212 2898 memorata,

1176 2946 1178 2954 ,
1206 2909 1322 2940 nuntio
1341 2910 1381 2940 ad
1400 2910 1642 2949 impetrandum
1658 2919 1758 2949 super
1774 2912 1994 2950 appellatione
2012 2922 2072 2943 sua
2088 2915 2214 2945 litteras

1207 2962 1247 2992 ad
1263 2963 1382 2994 Sedem
1400 2963 1624 3002 Apostoliczun
1642 2963 1816 2997 destinato,
1835 2964 1964 2994 interim
1983 2966 2090 3004 ipsum
2109 2976 2126 2996 a
2146 2976 2212 2998 me-
