2498 3242
151 246 205 277 ὅθι
1024 233 1206 273 smEME
1227 233 1388 271 ANNEE.
2204 243 2258 271 ass-2

227 311 344 340 1164

188 372 305 400 Decano
322 372 444 400 Sanctae
464 372 570 399 Mariae
587 372 620 399 ad
636 371 768 404 Gradus,
785 375 814 399 et
830 371 976 407 magistris
992 370 1056 402 W..
1074 369 1166 397 Sanc-

151 425 247 448 torum
275 421 481 456 Apostolorum
506 420 741 454 Coloniensium,
765 424 793 447 et
816 420 879 452 W„
904 420 1003 446 Sancti
1023 418 1166 445 Johannis

151 469 323 497 Leodiensis
338 470 498 503 canonicis,
512 470 627 496 mandat.
642 474 797 504 quatenus,
814 469 1022 496 ordinationem
1039 477 1054 494 a
1070 467 1165 502 capel-

152 518 226 545 lanis
247 518 378 553 episcopi
403 517 574 544 Leodiensis
595 526 684 553 super
703 519 882 544 correctione
905 517 978 544 Nori
999 516 1166 543 Monasterii

153 565 290 593 Hoiensis
302 566 522 601 promulgatam.
534 566 560 592 in
575 566 686 592 irritum
701 570 880 597 revocantes,
894 565 1038 600 praedicto
1050 572 1167 591 monas-

151 614 225 641 tet-io
247 614 421 641 visitationis
444 614 566 640 officium
593 614 770 648 impendant.
794 629 825 633 —
849 613 932 645 (Rso.
953 614 1000 645 tfi,
1019 614 1036 639 l'.
1057 612 1103 639 loe
1121 619 1165 642 v⁰;

151 671 218 689 ann.
239 661 289 696 VI,
307 671 332 689 c.
351 662 420 694 35&
436 676 473 683 —
490 662 608 690 Monam
628 663 740 694 Ἰ1187,[.
759 663 832 697 46¹1.)

731 310 855 345 Anagni,
875 310 904 336 10
922 317 998 336 mars
1017 307 1093 335 1233.

194 796 207 810 α
233 807 255 813 ..
277 785 390 814 decano
410 785 519 814 Sanc-te
542 785 638 814 Maria
662 785 701 814 ad
722 784 853 819 Gradus,
879 789 904 813 e!
926 784 1084 821 maqislris
1111 783 1163 818 W.‚

151 837 335 867 Sanctorum
345 838 554 874 Apostolorum
569 837 807 872 Coloniensium‚
823 842 848 866 e!
865 837 916 872 111,
931 837 1038 866 Sancti
1050 836 1167 882 than-

151 891 201 919 nis
212 890 381 919 Leodiensis
391 891 560 919 canonicis.
580 889 630 919 Ad
645 889 851 919 audientiam
868 894 1027 919 nostram.
1048 888 1167 918 dilecto

151 941 221 971 filio
249 943 378 972 Revero
407 943 482 979 tsiry.
508 942 667 972 canonico
691 941 830 972 ecclesie
857 941 941 971 Novi
973 940 1168 971 Monasterii

150 995 323 1031 Hoiensis,
334 995 462 1025 ordinis
475 996 580 1025 sancti
594 995 786 1033 Augustini,
799 995 1004 1024 insinuante.
1017 993 1168 1032 pervenit

151 1048 238 1087 quod
250 1048 330 1078 olim
339 1048 541 1078 venerabilis
555 1049 658 1078 frater
671 1053 812 1078 noster..
824 1047 997 1086 episcopus
1010 1046 1167 1076 Leodien—

151 1102 216 1133 sis.
245 1101 309 1132 loci
334 1102 548 1132 diocesanus,
579 1102 619 1131 ad
642 1101 748 1139 ipsam
773 1101 948 1131 ecclesiam
971 1100 1167 1130 auctoritate

151 1154 347 1193 apostolica.
368 1159 401 1183 ut
419 1154 566 1189 dicebat,
585 1158 615 1183 et
635 1163 712 1188 sua,
733 1162 833 1183 causa
851 1153 1056 1183 visitationis
1074 1162 1167 1182 acce-

151 1207 246 1243 dens,
264 1213 295 1238 et
312 1207 493 1246 procedens
512 1206 759 1246 aliquantulum
777 1207 811 1235 in
828 1206 958 1241 eadem,
978 1205 1111 1235 demum
1127 1205 1167 1234 ab

153 1259 268 1290 eodem
277 1261 317 1290 R.
328 1270 386 1299 pro
396 1269 430 1290 se
440 1269 477 1290 ac
492 1260 562 1289 suis
576 1259 675 1289 sociis
688 1259 830 1298 quadam
847 1259 1009 1296 scriptura
1024 1263 1166 1296 recepta,

152 1321 253 1351 super
281 1312 349 1342 hiis
377 1321 440 1351 que
473 1312 593 1349 corrigi
627 1311 859 1350 postulabant,
890 1310 971 1340 illuc
1008 1310 1168 1349 quosdam

151 1364 340 1403 capellanos
360 1374 455 1399 suos,
480 1369 515 1394 ut
536 1365 571 1393 in
595 1364 710 1394 eadem
728 1364 920 1394 visitatione
943 1363 1039 1401 plene
1059 1372 1168 1401 proce-

151 1417 278 1453 derent,
299 1417 494 1453 destinavit;
513 1426 654 1456 quorum
672 1417 917 1447 ordinationem
934 1416 1168 1447 observaturos

151 1479 187 1501 se
207 1493 227 1499 ..
248 1470 350 1500 abbas
367 1475 398 1500 et
414 1475 597 1500 conventus
616 1470 722 1509 ipsius
742 1469 881 1500 ecclesie
906 1469 1068 1507 religione
1091 1469 1168 1499 fidei

150 1523 391 1554 astrinxerunt.
409 1524 468 1560 Et,
489 1523 567 1554 licet
584 1524 689 1563 major
707 1528 737 1553 et
761 1523 875 1553 sanior
889 1532 966 1561 pars
985 1527 1168 1552 conventus

150 1575 300 1615 ejusdem
321 1576 415 1615 prius
438 1581 619 1615 conquesta
642 1576 744 1606 suerit
769 1575 856 1615 quod
880 1575 982 1605 abbas
1006 1575 1044 1604 de
1071 1575 1168 1605 honis

150 1628 292 1659 ecclesie
317 1629 352 1657 in
383 1628 539 1668 capitulo,
565 1633 660 1668 prout
685 1638 703 1658 a
732 1628 852 1658 dilecto
880 1627 948 1658 filio
978 1632 1091 1657 nostro
1116 1628 1167 1662 O.‚

151 1682 266 1713 Sancti
284 1682 415 1712 Nicolai
438 1682 473 1711 in
495 1682 636 1713 Carccre
654 1682 808 1712 Tulliano
832 1681 970 1712 diacono
993 1681 1167 1717 cardinali,

149 1739 230 1765 tunc
243 1734 432 1773 Apostolice
449 1735 544 1765 Sedis
563 1735 683 1773 legato,
700 1739 729 1765 et
747 1735 923 1765 diocesano
937 1734 1084 1773 predicto
1100 1735 1168 1764 sue-

149 1792 202 1818 rat
219 1788 421 1824 ordinatum,
440 1797 476 1818 ac
493 1788 531 1818 de
549 1788 692 1827 quadam
708 1797 836 1818 summa
853 1788 1005 1826 pecunie.
1021 1787 1062 1817 ad
1079 1796 1169 1817 com-

149 1840 316 1880 parandos
334 1841 484 1871 redditus
500 1841 565 1879 ipsi
582 1840 740 1871 ecclesie.
762 1844 791 1870 et
813 1840 879 1870 alia
897 1840 1022 1870 cidem.
1043 1840 1169 1870 intuitu

149 1893 297 1932 pietatis,
315 1893 451 1931 legatis,
473 1898 502 1923 et
517 1894 556 1923 de
574 1893 690 1924 multis
707 1893 784 1924 aliis
802 1902 865 1932 que
882 1898 1090 1932 perceperat,
1109 1902 1169 1923 no-

147 1946 238 1977 lebat
262 1946 399 1976 reddere
422 1946 603 1981 rationem,
630 1955 690 1976 nec
717 1946 909 1976 comedebat.
933 1946 967 1975 in
993 1946 1168 1976 refectorio

149 1999 319 2029 communi
335 2008 411 2028 cum
426 1999 606 2033 fratribus,
626 1999 711 2028 sicut
732 1999 772 2028 al)
790 1999 862 2037 ipso
880 1999 988 2035 legato
1007 1998 1068 2028 sul)
1084 2007 1169 2036 pena

148 2051 368 2090 depositionis
385 2052 491 2081 suerat
508 2051 696 2090 injunctum
713 2051 831 2081 eidem.
849 2051 971 2089 prefati
988 2055 1097 2081 tamen
1114 2060 1168 2081 ca-

148 2104 274 2143 pellani
292 2104 530 2134 ordinaverunt
549 2103 673 2133 ibidem
691 2108 728 2133 ut
747 2104 860 2139 abhas,
881 2127 900 2132 ..
920 2104 1041 2142 priore.
1064 2127 1083 2132 ..
1102 2103 1169 2133 cel-
1209 2123 1213 2138 ³

147 2157 271 2188 lerario
300 2161 329 2187 et
365 2166 431 2186 uno
458 2156 523 2186 alio
556 2157 594 2187 de
623 2157 813 2187 senioribus
839 2166 876 2187 ex
902 2157 972 2187 suis
998 2157 1168 2187 canonicis

149 2220 249 2250 quem
268 2210 377 2240 vellet.
396 2210 532 2240 vocatis.
552 2220 567 2239 a
584 2210 750 2248 preposito
769 2220 828 2240 suo
847 2211 986 2241 eandem
1005 2210 1167 2240 rationem

149 2263 291 2298 audiret,
313 2267 341 2292 et
361 2263 431 2301 ipsa
449 2263 532 2291 ratio
552 2263 744 2292 summatim
761 2263 795 2292 in
813 2263 957 2301 capitulo
973 2264 1166 2292 referretur.

148 2316 199 2346 Ad
223 2316 282 2345 hec
308 2316 418 2354 ipsum
441 2319 639 2351 rog-‘averunt
664 2315 834 2350 abbatem,
859 2321 891 2345 ut
921 2321 969 2346 ter
989 2315 1039 2344 vel
1061 2315 1111 2344 his
1133 2315 1167 2344 in

149 2378 237 2399 anno
253 2377 327 2398 cum
343 2368 503 2397 fratribus
522 2368 554 2396 iu
567 2368 735 2398 communi
748 2368 923 2398 refectorio
940 2369 1166 2403 manducaret,

151 2431 250 2460 super
262 2422 391 2460 prefata
407 2421 548 2460 pecunia
563 2426 592 2451 et
608 2422 972 2460 quibusdampitantiis
988 2421 1168 2451 subtractis
1198 2427 1203 2431 ·

151 2474 330 2504 conventui
345 2482 380 2503 ac
391 2473 505 2503 multis
518 2474 594 2503 aliis
610 2475 788 2512 propositis
799 2484 908 2504 coram
922 2474 1015 2512 ipsis.
1031 2474 1063 2503 in
1077 2473 1167 2503 nullo

150 2526 286 2566 penitus
304 2525 531 2564 procedentes.
556 2527 696 2556 Domum
720 2528 759 2557 R.
784 2532 986 2565 proponente
1008 2527 1165 2565 predicto.

151 2579 239 2618 quod
257 2578 448 2617 hujusmodi
465 2578 632 2608 ordinatio
652 2579 737 2609 mala
759 2584 827 2609 erat
848 2585 876 2610 et
897 2580 1033 2609 (annino
1054 2584 1166 2609 contra

149 2632 301 2669 reg-'ulam
324 2636 534 2669 attemptata.
554 2632 656 2661 iidem
675 2632 784 2670 ipsum
811 2643 827 2662 a
847 2633 909 2663 lide
933 2643 1031 2672 quani
1052 2633 1167 2671 presti-

153 2689 253 2719 terat,
279 2684 504 2714 absolverunt.
531 2685 566 2713 Et
599 2694 672 2714 rum
703 2685 864 2723 premissa
893 2695 956 2715 uon
987 2686 1166 2722 corrigeret

151 2738 338 2776 episcopus,
356 2736 405 2766 rel
420 2736 583 2774 capellani
596 2737 760 2775 janfflicti,
774 2739 1026 2776 prenominatus
1041 2740 1079 2769 lt.
1092 2748 1166 2767 rum

150 2800 217 2820 uno
242 2790 281 2820 de
307 2789 391 2827 ipsis
416 2789 588 2819 canonicis
617 2790 654 2819 ad
682 2790 905 2829 Apostolicam
931 2792 1048 2821 Sedem
1075 2791 1167 2821 duxit

150 2852 210 2882 per
225 2842 459 2881 appellationis
480 2842 663 2872 remedium
677 2844 926 2877 recurrendum,
941 2844 1036 2874 nolnis
1056 2844 1167 2873 liumi-

148 2895 228 2925 liter
247 2894 439 2934 supplicans
459 2899 511 2929 ut,
534 2905 608 2924 cum
633 2895 708 2926 talis
727 2895 893 2927 ordinatio
915 2897 1096 2927 destructio
1114 2906 1167 2935 po-

1250 306 1316 336 tius
1332 307 1398 337 diei
1413 307 1535 346 possit,
1554 316 1652 345 super
1675 306 1735 337 hoc
1751 307 1923 345 providere
1945 306 2124 336 salubriter
2143 307 2260 345 digna-

1249 369 1372 389 remur.
1399 360 1559 396 Quocirra
1589 359 1785 389 mandamus
1811 365 1992 398 quau-nus.
2020 360 2048 388 si
2081 370 2132 389 res
2156 360 2200 389 ita
2226 371 2259 389 se

1250 412 1364 447 hahet,
1391 412 1635 442 ordinationem
1661 412 1799 442 eandem
1823 417 1853 442 et
1874 412 2033 450 quicquid
2057 416 2127 450 post
2149 412 2261 451 appel-

1249 464 1407 494 lationem
1431 465 1470 494 ad
1496 474 1554 494 nos
1577 464 1725 501 legitime
1745 464 1974 502 interpositam
1996 465 2193 494 invei‘ieritis
2214 469 2261 494 te-

1248 521 1603 555 mereattemptatum,
1624 516 1658 545 iu
1678 516 1810 545 irritum
1838 522 2046 551 revocantes.
2072 517 2261 555 supradicto

1248 569 1450 599 monasterio
1462 568 1662 606 impendatis
1672 568 2040 598 visitationisuilicium.
2056 569 2124 597 vics·
2137 574 2259 598 nostra.

1249 622 1443 658 corrigendo
1461 625 1521 651 ete.
1537 621 1804 651 Contradirtores
1822 626 1882 649 etr.
1903 621 1996 657 Quod
2015 622 2041 649 >i
2064 631 2127 650 nou
2147 630 2261 651 uulnus

1249 679 1310 706 etc.
1331 675 1404 704 Dat.
1422 674 1585 711 Anagnie.
1607 674 1651 704 VI
1670 674 1745 703 idus
1764 674 1886 707 martii,
1906 683 1992 702 anno
2009 679 2110 702 sexto.
2132 687 2143 699 ))

1324 865 1440 894 ¹185

1286 927 1397 961 Regem
1415 926 1590 952 Francorum
1608 930 1690 960 rogat
1705 929 1733 952 et
1750 926 1880 952 hortatur
1896 930 2040 960 quatenus
2057 925 2261 960 [ltaymundoh

1843 864 1969 898 Anagni,
1986 864 1999 890 7
2018 872 2094 890 mars
2114 863 2190 890 1233.

1250 977 1348 1003 comiti
1371 975 1550 1006 Tholosano,
1572 976 1705 1009 injungat
1725 978 1769 1005 ut,
1792 982 1893 1001 omnes
1914 974 1948 1000 dc
1966 975 2108 1001 haeretica
2124 975 2263 1009 pravitate

1250 1028 1405 1060 suspectos
1420 1032 1436 1050 a
1452 1032 1505 1050 suo
1522 1024 1667 1050 consortio
1684 1027 1712 1049 et
1725 1032 1740 1049 a
1756 1031 1808 1050 sua
1825 1023 2014 1050 sainiliaritatc
2031 1023 2260 1057 abjiciens,cun1

1251 1074 1372 1101 consilio
1388 1073 1587 1099 Narbonensis
1602 1073 1731 1107 episcopi
1745 1076 1773 1099 et
1787 1073 2033 1106 suffraganeorum
2048 1074 2113 1106 ejus
2128 1073 2199 1098 tales
2215 1080 2262 1098 se-

1251 1131 1316 1149 cum
1342 1122 1446 1148 babere
1465 1125 1609 1156 procuret,
1631 1121 1680 1155 qui
1701 1121 1796 1156 ipsum
1813 1120 1840 1146 in
1861 1121 1916 1147 fide
1933 1129 1966 1147 ac
1987 1121 2116 1147 moribus
2133 1121 2220 1147 velint.
2235 1124 2263 1146 et

1251 1172 1362 1197 valeant
1378 1171 1542 1197 informare.
1561 1185 1591 1189 —
1610 1169 1692 1203 (um.
1714 1170 1759 1203 16,
1776 1170 1795 1195 f.
1817 1169 1863 1195 103
1881 1176 1923 1199 r⁰;
1940 1178 2006 1196 ann.
2032 1168 2084 1199 Vl,
2103 1178 2127 1196 c.
2147 1168 2212 1200 35&
2228 1183 2264 1189 —

1252 1220 1371 1247 Moneau
1392 1220 1469 1253 1187,
1486 1219 1504 1245 t.
1522 1219 1594 1253 456.)

1294 1333 1307 1347 «
1342 1344 1359 1349 ..
1393 1321 1510 1350 illustri
1540 1321 1602 1357 reyi
1629 1320 1832 1348 franeorum.
1861 1318 1911 1348 Ad
1941 1318 2000 1347 hot·
2029 1328 2085 1347 rex
2109 1335 2158 1346 —.
2188 1319 2261 1347 Dat.

1252 1373 1416 1411 Anagnie,
1438 1373 1536 1402 nonis
1554 1372 1682 1407 martii,
1701 1380 1787 1402 anno
1804 1376 1905 1401 sexto.
1929 1384 1941 1396 υ

1328 1558 1444 1586 1166

1288 1621 1433 1657 Episcopo
1457 1625 1485 1647 et
1510 1621 1674 1655 praeposito
1695 1620 1882 1653 Tholosanis‚
1899 1623 1927 1646 et
1944 1620 2044 1653 majori
2063 1619 2265 1646 archidiacono

1252 1671 1478 1698 Carcassonensi
1498 1670 1613 1696 mandat
1631 1673 1775 1704 quatenus
1791 1673 1890 1695 contra
1908 1668 1956 1699 B„
1973 1667 2041 1701 W.‚
2060 1668 2094 1694 G.
2112 1668 2146 1694 de
2165 1668 2264 1695 Niorto

1252 1724 1280 1747 et
1292 1719 1327 1746 G.
1342 1719 1479 1745 Bernardi
1492 1719 1595 1745 fratres
1606 1723 1635 1745 et
1650 1722 1768 1745 matrem
1786 1726 1896 1748 eorum,
1914 1717 1949 1742 de
1965 1718 2076 1743 haeresi
2090 1717 2203 1752 publice
2219 1718 2265 1743 in-

1252 1769 1385 1801 famatos,
1399 1769 1484 1802 juxta
1499 1771 1606 1794 statuta
1625 1768 1652 1793 in
1669 1766 1791 1793 concilio
1807 1765 1971 1792 Tholosano
1989 1769 2088 1792 contra
2104 1765 2174 1791 tales
2190 1765 2266 1792 edita

1252 1817 1420 1852 procedant.
1436 1830 1472 1836 —
1486 1815 1570 1849 (Rea.
1590 1815 1631 1846 16.
1649 1816 1668 1842 f.
1690 1815 1792 1848 1031·⁰;
1809 1823 1876 1841 ann.
1895 1814 1950 1847 Vl,
1967 1823 1992 1841 c.-
2011 1814 2078 1847 360;
2096 1829 2128 1833 —
2145 1814 2264 1841 Moasac

1253 1866 1331 1897 1187,
1350 1866 1368 1892 f.
1386 1865 1452 1898 4633
1470 1879 1502 1885 —
1519 1865 1556 1890 cf.
1575 1864 1722 1891 Pow‘ruas‘r
1738 1863 1828 1895 9117.)

1847 1557 1974 1590 Auagffl,
1991 1557 2005 1583 8
2022 1565 2097 1582 mars
2117 1555 2193 1583 1233.

1295 1979 1307 1993 «
1327 1990 1346 1995 ..
1367 1968 1501 2004 episeopo
1517 1971 1543 1995 et
1565 1988 1582 1994 ..
1602 1967 1755 2003 preposilo
1778 1965 1931 1994 Tolosanis
1946 1970 1972 1993 et
1989 1987 2007 1993 ..
2026 1966 2139 2001 incisori
2159 1966 2264 1993 ‹trehi-

1252 2020 1380 2049 dz'acono
1412 2019 1639 2049 Carcasomnsi.
1673 2018 1722 2047 Ad
1751 2022 1897 2047 nostram
1926 2017 2086 2046 noveritis
2114 2035 2162 2045 —.
2188 2018 2262 2046 Dat.

1251 2072 1416 2110 Anagnie.
1436 2073 1518 2102 VIII
1541 2071 1616 2101 idus
1636 2071 1759 2101 martii.
1778 2079 1865 2100 anno
1884 2075 1986 2100 sexto.
2010 2083 2021 2095 »ι

1325 2255 1440 2284 Ιὶὃῖ

1286 2317 1430 2353 Episcopo
1454 2317 1657 2347 Noviomensi,
1682 2321 1709 2343 et
1732 2317 1893 2348 abbatibus,
1919 2317 2074 2351 prioribus,
2097 2317 2215 2343 decanis
2237 2322 2263 2343 ct

1848 2254 1974 2289 Anagni,
1989 2255 2002 2280 7
2020 2262 2096 2280 mars
2116 2254 2192 2282 12:33.

1251 2367 1315 2393 aliis
1335 2367 1524 2393 ecclesiarum
1550 2366 1712 2392 rectoribus
1739 2365 1944 2392 Noviomensis
1969 2365 2123 2395 dioecesis,
2150 2365 2262 2391 mandat

1250 2419 1394 2450 quatenus
1408 2415 1515 2441 nullum
1533 2414 1771 2449 impedimentum
1788 2417 1935 2448 praestent
1950 2414 2107 2448 quominus
2122 2414 2264 2440 cancella-

1251 2464 1312 2490 rius
1338 2463 1520 2494 l'arisiensis,
1542 2478 1576 2482 ——
1597 2463 1652 2493 cui,
1679 2462 1807 2488 Pau-isius
1826 2463 1854 2488 in
1876 2463 2035 2496 theologica
2060 2462 2194 2488 facultate
2219 2472 2263 2488 re-

1250 2513 1340 2548 genti,
1357 2515 1542 2538 concesserat
1557 2512 1619 2546 ipse.
1637 2520 1707 2546 papa
1725 2515 1756 2537 ut
1771 2511 1798 2537 in
1815 2511 2046 2537 archidiaconatu
2064 2510 2262 2541 Noviomensi„

1250 2569 1335 2596 quem
1359 2560 1498 2587 canonice
1518 2560 1682 2593 obtinebat,
1701 2567 1750 2594 per
1765 2560 1888 2593 aliquem
1906 2560 2026 2593 probum
2045 2560 2136 2585 virum
2153 2559 2187 2585 de
2204 2559 2263 2585 sra—

1250 2610 1343 2637 tribus
1358 2609 1607 2636 praedicatoribus
1624 2609 1666 2634 rel
1683 2608 1844 2634 Minoribus
1855 2613 2002 2633 exerceret
2015 2608 2186 2633 visttationis
2203 2608 2263 2633 otli-

1250 2659 1326 2686 cium
1344 2663 1372 2685 et
1389 2659 1529 2693 reciperet
1546 2657 1763 2692 procurationes
1784 2655 1894 2682 ratione
1911 2655 2084 2681 visitationis
2108 2655 2160 2689 ipsi
2183 2655 2263 2681 debi-

1251 2711 1310 2741 tas,
1331 2721 1364 2727 —
1385 2706 1649 2733 archidiaconatum
1673 2705 1767 2739 ipsum
1789 2713 1839 2738 per
1858 2704 2019 2738 praedictos
2035 2704 2137 2729 fratres
2154 2703 2262 2729 visitari

1250 2756 1334 2783 saciat
1359 2760 1387 2782 ct.
1412 2754 1527 2782 easdem
1555 2755 1772 2789 procurationes
1798 2753 1931 2787 recipiat:
1955 2752 2078 2785 alioquin
2104 2751 2165 2786 ipss:
2192 2759 2262 2786 papa

1251 2805 1339 2840 priori
1376 2804 1474 2831 Sancti
1509 2803 1615 2830 tuliani
1655 2802 1791 2836 Pauperis
1829 2800 2002 2826 parisiensis
2038 2804 2065 2826 et
2100 2799 2262 2826 Guarnacio

1250 2855 1295 2887 (=
1325 2851 1511 2884 VVarnacio),
1540 2851 1679 2878 canonico
1707 2849 1873 2881 Tei-visino,
1906 2847 2034 2874 l'arisius
2062 2849 2261 2879 commoranti,

1253 2901 1367 2929 mandat
1381 2906 1411 2928 ut
1423 2902 1503 2936 ipsos
1515 2900 1548 2926 ad
1562 2900 1588 2926 id
1600 2899 1782 2934 compellant.
1792 2897 1914 2931 —sstm
1934 2897 1972 2927 16,
1986 2897 2003 2922 l.
2021 2896 2066 2922 wa
2078 2902 2118 2927 r⁰;
2131 2904 2196 2922 amn.
2212 2894 2260 2926 Vt,
