2498 3242
224 268 282 298 757
1080 253 1294 293 SEPTIEME
1316 254 1476 291 ANNEE.
2278 264 2337 293 758

227 345 242 361 n
267 337 353 363 terre
372 331 402 362 ei
419 330 469 361 vel
487 330 666 361 heredibus
686 330 756 360 suis
779 329 952 368 providere
974 337 1038 359 non
1055 327 1238 366 possimus.

229 398 242 413 n
267 389 299 416 et
321 385 369 415 eis
392 390 513 415 terram
536 392 600 422 que
622 383 734 412 minus
757 382 864 413 valeat
889 381 1140 416 contulerimus,
1168 386 1240 410 1110-

229 450 243 465 »
268 442 338 468 tum
363 436 491 467 decidet
521 435 695 466 annuatim
724 435 763 465 de
788 435 871 474 ipsis
898 434 1117 473 quadraginta
1145 434 1241 463 libris

229 503 244 518 1»
269 490 529 528 sterlinguorum
544 494 705 528 quantum
727 493 812 518 terra
830 497 886 526 per
899 497 957 517 uos
971 487 1020 517 vel
1037 496 1094 525 per
1110 496 1242 516 succes-

230 555 244 571 »
269 551 360 573 sores
383 546 513 572 nostros
539 541 587 572 eis
611 541 729 571 collata
751 540 886 571 valebit.
910 540 1018 576 Quare
1041 538 1194 569 volumus
1212 542 1242 567 et

231 607 245 622 x>
270 594 411 624 firmiter
428 593 630 632 precipimus
647 593 734 632 quod
750 593 917 631 predictus
929 593 1047 622 Petrus
1060 595 1086 621 et
1103 590 1243 621 heredes

232 660 245 675 n
270 647 323 678 sui
333 647 477 677 habeant
493 651 525 677 et
537 646 719 685 percipiam
733 646 898 684 predictas
910 644 1129 684 quadraginta
1141 643 1244 672 libras

232 713 246 728 »
270 700 531 738 sterlinguorum
559 699 597 729 de
621 699 717 729 nobis
739 704 770 729 et
790 698 1039 729 successoribus
1062 696 1185 726 nostris
1209 696 1243 724 in

232 765 246 780 1)
270 757 466 792 perpetuum
483 752 598 787 libere,
617 752 728 791 quiete
747 756 776 781 et
794 752 940 789 integre,
960 750 1032 780 sine
1054 749 1165 787 aliquo
1181 748 1245 777 im-

231 818 245 833 ι)
270 805 460 844 pedimento
476 805 527 835 vel
541 804 684 844 alicujus
700 804 973 834 contradictione,
987 802 1027 832 ad
1041 801 1244 832 scaccarium

231 870 246 886 n
271 862 421 889 nostrum
442 857 684 888 Dunelmense.
709 857 812 887 donec
836 856 884 887 eis
908 856 943 884 in
962 855 1182 894 quadraginta
1202 853 1244 883 11-

231 922 245 938 »
269 910 374 940 bratis
392 914 476 940 terre
495 910 750 949 providerimus.
766 910 850 939 sicut
868 909 1052 947 predictum
1069 913 1128 937 cst.
1150 908 1187 937 Et
1205 907 1245 936 ad

232 976 246 991 »
270 964 429 1003 majorem
445 963 546 1002 liujus
558 963 606 993 rei
622 963 846 993 securitatem.
865 962 942 991 huic
958 961 1080 999 scripto
1095 960 1244 997 sigillum

231 1029 244 1044 n
270 1020 421 1047 nostrum
439 1016 666 1054 apposuimus.
687 1015 842 1045 Testibus
862 1014 1006 1045 Roberto
1022 1014 1060 1044 (le
1079 1012 1241 1051 N[‹=]vill..

231 1081 246 1096 »
270 1069 430 1107 magistro
462 1068 521 1098 Th.
549 1068 588 1099 de
614 1068 813 1098 Lichefeld..
846 1067 1004 1104 magistro
1031 1065 1244 1104 Alexffindm]

232 1134 246 1150 »
270 1122 437 1160 Nolan[o].
460 1121 619 1159 magistro
647 1121 781 1151 Simone
805 1121 843 1150 de
868 1120 1045 1150 Talviton,.
1072 1118 1243 1149 NVillelmo

233 1187 246 1202 n
271 1175 311 1206 de
323 1175 442 1213 Roing,
456 1174 628 1204 willelmo
645 1174 683 1204 de
696 1173 832 1209 Sssokel,
847 1174 944 1204 Petro
956 1173 994 1203 de
1009 1172 1200 1210 Rathonfia]
1213 1176 1245 1202 et-

233 1240 247 1255 »
272 1227 360 1258 aliis.
378 1228 451 1257 Dat.
472 1227 674 1264 London[ii],
694 1227 761 1256 IIII
779 1226 831 1257 die
848 1225 1049 1260 novembris,
1069 1224 1244 1263 pontifica-

233 1293 247 1309 »
270 1285 323 1311 tus
342 1281 448 1311 nostri
464 1289 552 1310 anno
565 1279 721 1310 secundo.
741 1292 754 1305 1>

306 1452 423 1481 1352
854 1449 967 1480 Latrau,
985 1449 999 1476 3
1011 1449 1076 1484 juin
1098 1449 1173 1477 1233.

265 1513 429 1541 Turonensi
440 1517 469 1540 et
480 1512 710 1547 Rothomagensi
725 1511 952 1547 archiepiscopis
968 1515 996 1537 et
1010 1513 1147 1547 episcopo
1167 1511 1246 1538 Pari-

230 1563 322 1590 siensi
337 1561 454 1589 mandat
470 1565 614 1596 quatenus
629 1560 761 1587 abbatem
777 1563 1010 1594 conventumque
1024 1559 1246 1586 Virziliacenses

230 1610 403 1646 compellant
418 1609 453 1637 ad
469 1609 703 1636 observationem
719 1608 941 1643 compositionis
952 1609 1027 1634 inter
1037 1608 1141 1635 fratres
1152 1607 1246 1635 Mino-

230 1667 289 1694 res,
305 1667 340 1685 ex
357 1667 413 1685 una
431 1661 526 1693 parte,
542 1661 570 1684 et
585 1658 682 1692 ipsos,
699 1665 735 1683 ex
750 1657 851 1690 attera,
869 1656 971 1688 initae,
988 1658 1075 1691 cujus
1091 1660 1174 1684 tenor
1189 1657 1245 1684 sub

231 1715 285 1734 sua
299 1707 377 1734 bulla
392 1707 540 1734 inseritur.
556 1721 589 1725 -—
605 1705 691 1739 (Rae.
709 1706 740 1732 17
752 1727 758 1737 ,
776 1705 794 1731 f.
810 1705 843 1731 40
861 1711 906 1739 νος
923 1713 990 1731 ann.
1005 1704 1071 1740 VII,
1087 1713 1113 1732 c.
1134 1706 1198 1738 14‘2;
1210 1720 1247 1726 —

229 1755 351 1784 Momm]
370 1754 446 1786 1188,
459 1755 478 1781 f.
496 1755 547 1789 833
563 1769 596 1773 —
614 1753 761 1781 Ponam
777 1753 867 1785 9217.)

274 1870 288 1885 α
315 1880 334 1886 ..
363 1857 534 1886 Turonensi
557 1861 583 1885 et
610 1879 632 1885 ..
660 1856 893 1894 Roeltomayensi
914 1857 1150 1894 archiepiscopis
1169 1862 1194 1886 et
1222 1880 1242 1886 ..

230 1911 365 1949 episcopo
380 1910 563 1939 Parisiensi.
583 1909 722 1939 Gratum
740 1909 888 1946 gerimus
908 1913 940 1939 et
962 1914 1146 1948 acceptum,
1166 1918 1246 1948 pru—

231 1962 379 1993 dent-iam
394 1966 539 1992 vestram
555 1961 666 1999 dignis
686 1961 721 1991 in
741 1961 883 1991 Domino
905 1961 1060 1991 laudibus
1077 1970 1245 1992 commen-

231 2015 359 2050 dantes,
380 2014 482 2053 quod,
506 2014 592 2045 sicut
608 2014 721 2044 dilecti
742 2013 805 2043 filii
822 2014 943 2044 fratres
960 2015 1106 2045 Minores
1122 2015 1246 2045 nostris

231 2068 370 2099 auribus
386 2067 598 2103 intimarunt,
610 2076 680 2103 vos,
698 2071 856 2106 tanquam
875 2067 1036 2097 catholice
1053 2068 1129 2098 fidei
1145 2072 1175 2099 et
1191 2068 1245 2098 bo-

230 2130 351 2152 norum
373 2129 510 2159 operum
527 2119 703 2156 zelatores,
720 2120 815 2159 juxta
833 2129 925 2159 spem
943 2125 974 2150 et
996 2121 1152 2151 fiduciam
1168 2130 1246 2152 nos-

230 2178 316 2205 tram
331 2173 498 2203 mandatis
515 2173 705 2212 apostolicis
722 2172 895 2203 humiliter
909 2173 1142 2213 obsequentes,
1161 2175 1246 2205 ordi-

230 2235 308 2258 nem
323 2227 466 2256 fratrum
488 2226 674 2261 Minorum,
695 2225 764 2265 qui,
784 2226 852 2256 Deo
873 2226 1024 2265 placidus
1042 2231 1074 2257 et
1092 2231 1246 2266 acceptus

228 2279 435 2314 hominihus,
454 2279 550 2309 flores
562 2282 593 2309 et
604 2278 733 2309 fructus
744 2279 916 2318 proferens
927 2279 1124 2317 honestatis,
1143 2281 1246 2319 gratis

229 2333 355 2372 ubique
370 2332 501 2372 proficit
516 2331 746 2368 incrementis,
764 2331 923 2363 adversus
937 2341 1171 2372 perversorum
1186 2334 1246 2364 im-

229 2390 326 2425 petus
345 2390 377 2416 et
396 2385 589 2424 iniquorum
602 2384 750 2415 insultus
766 2385 894 2416 utiliter
910 2385 1112 2423 defensatis3
1129 2397 1166 2418 ex
1181 2397 1246 2427 quo

231 2438 367 2479 quidem
386 2447 423 2469 eo
441 2437 516 2477 plus
538 2437 771 2468 retributionis
790 2441 821 2468 et
840 2438 945 2477 gratie
965 2441 1141 2471 meremini
1161 2442 1248 2481 apud

230 2492 350 2527 Deum,
370 2499 435 2530 quo
446 2490 582 2520 facilius
600 2490 798 2521 temeritatis
815 2491 972 2522 incursus
983 2502 1039 2524 eos
1051 2503 1067 2524 a
1080 2494 1247 2534 proposito

231 2548 418 2580 revocarem
440 2548 496 2574 aut
511 2543 612 2574 robur
634 2552 726 2574 sacre
745 2543 919 2583 religionis
942 2545 1159 2586 infringeret,
1180 2549 1248 2579 nisi

231 2598 459 2629 refrenaretur
485 2597 521 2627 in
550 2596 710 2636 improbis
736 2597 877 2628 nocendi
902 2599 1073 2631 temeritas
1096 2604 1127 2631 et
1149 2601 1248 2632 inno-

232 2651 380 2682 centium
398 2649 596 2689 simplicitas
614 2654 685 2681 tuta
700 2650 788 2681 inter
806 2652 971 2683 versutias
987 2654 1179 2684 nocentium
1194 2664 1248 2686 re-

231 2707 394 2735 maneret.
411 2704 499 2734 Sane
515 2712 614 2742 super
629 2703 764 2743 injuriis
781 2713 864 2743 quas
877 2705 1013 2744 quidam
1024 2706 1063 2737 de
1074 2708 1247 2739 monachis

230 2756 483 2788 Virziliacensis
501 2756 696 2786 monasterii
713 2756 810 2787 dictis
829 2757 1000 2789 fratribus.
1020 2768 1085 2789 non
1102 2761 1175 2792 sinc
1191 2761 1248 2792 de-

232 2809 404 2849 rogatione
422 2809 528 2839 divini
546 2809 703 2844 nominis,
721 2809 922 2848 irrogarunt,
937 2811 1025 2842 inter
1042 2813 1180 2844 fratrem
1199 2814 1248 2845 Si-

233 2871 365 2893 monem
390 2861 591 2892 monachum
617 2866 648 2892 et
669 2862 867 2901 magistrum
887 2863 1065 2901 Thomam,
1090 2875 1248 2905 procura-

234 2919 322 2946 tores
342 2914 491 2953 ipsorum
513 2914 752 2945 monachorum
776 2916 863 2955 apud
884 2916 1002 2948 Sedem
1024 2919 1249 2958 Apostolicam

1324 327 1534 359 constitutos,
1548 336 1584 357 ex
1598 331 1688 365 parte
1704 336 1780 356 0011,
1797 331 1824 356 et
1844 327 1963 356 fratres
1980 326 2154 364 predictos.
2169 337 2205 356 ex
2221 328 2335 363 altera,

1325 379 1512 409 amicabilis
1523 380 1717 418 compositio
1730 379 1921 413 intervenit,
1935 388 2033 417 quam
2049 380 2171 409 0051115
2183 380 2337 410 duximus

1324 430 1446 460 littoris
1463 432 1730 469 exprimendam:
1751 445 1761 457 1«
1780 431 1930 461 videlicet
1952 432 2037 470 quod
2057 455 2075 460 ..
2092 432 2193 461 abbas
2211 437 2239 462 et
2260 442 2338 462 con-

1328 495 1340 510 »
1367 488 1484 513 ventus
1507 484 1662 513 universa
1681 484 1720 514 «le
1744 484 1813 513 lor-o
1836 494 1932 522 quem
1953 484 2070 514 fratres
2093 484 2282 514 inhabitant
2304 485 2337 515 in

1329 549 1341 562 n
1366 536 1542 566 Virziliaco
1571 547 1629 575 per
1652 537 1830 566 monachos
1859 536 1908 565 vel
1939 546 2051 566 eorum
2079 538 2251 567 occasione
2281 548 2338 576 per

1329 602 1341 614 υ
1367 588 1450 618 alios
1476 594 1657 628 asportata,
1680 590 1802 619 ibidem
1825 590 1944 618 sari-*nt
1966 590 2038 618 sine
2059 600 2146 619 more
2166 590 2339 629 dispendio

1329 653 1342 667 »
1367 642 1548 679 reportari.
1579 652 1614 671 ac
1647 642 1680 670 in
1707 646 1828 671 statum
1858 642 1969 671 reduci
1997 642 2176 680 pristinum
2206 643 2338 678 singula

1330 707 1342 721 »
1367 694 1452 723 inibi
1467 695 1632 724 destructa
1651 704 1707 733 per
1719 695 1824 733 ipsos;
1843 695 2026 724 sententias
2041 704 2169 733 quoque
2185 695 2341 734 11010111-

1330 759 1342 773 »
1368 747 1511 777 bitioues
1539 757 1621 786 quas
1649 747 1682 776 in
1709 747 1836 782 locum⁷
1863 747 2089 777 benefactores
2117 752 2147 776 1-1
2173 748 2339 787 adjutores

1330 812 1342 825 n
1374 800 1530 829 fratrum.
1552 809 1608 838 per
1625 810 1659 829 se
1677 799 1726 829 vel
1745 810 1803 838 per
1819 799 1901 829 alios
1920 800 2189 837 pronutlgarunr
2210 800 2340 838 publice

1331 865 1343 878 »
1368 857 1572 887 101001101οΞ,
1591 852 1631 881 ob
1649 852 1707 882 1101·
1722 853 1755 881 10
1770 851 1860 881 1111110
1880 852 2106 882 benefactores
2124 862 2248 882 eorum.
2268 862 2341 891 pre—

1330 918 1343 931 »
1368 905 1482 936 sertim
1500 905 1557 944 qui
1574 905 1622 935 eis
1637 905 1743 934 locum
1759 910 1787 934 1-1
1809 904 1941 934 domum
1960 911 2204 939 (·onc‹3=sse1·.·1nt‚
2221 905 2341 935 moles-

1330 970 1342 983 »
1370 957 1499 992 tabunt,
1526 958 1613 996 ipsos
1638 958 1756 987 fratres
1782 957 1815 986 in
1835 957 1922 987 dicto
1945 957 2015 986 loco
2037 957 2204 987 ‹·el‹.=b1·are
2228 958 2340 987 divina

1330 1023 1342 1036 >1
1368 1015 1397 1040 et
1421 1010 1556 1048 pacifice
1579 1010 1792 1046 commorari,
1819 1015 1914 1048 prout
1943 1014 1991 1039 est
2014 1010 2062 1039 eis
2085 1010 2126 1039 ab
2153 1010 2341 1049 Apostoliea

1330 1075 1342 1089 n
1368 1063 1451 1093 Sede
1468 1072 1678 1093 concessum.
1697 1063 1801 1093 libere
1818 1063 2026 1101 permissuri,
2047 1063 2149 1092 donec
2169 1064 2232 1093 sibi
2253 1064 2337 1093 infra

1330 1130 1343 1143 »
1369 1116 1482 1146 villam
1501 1116 1553 1146 vel
1569 1116 1715 1146 exterius
1732 1126 1831 1154 prope
1851 1125 1963 1145 muros
1979 1116 2019 1146 ad
2036 1116 2211 1145 arbitrium
2229 1121 2339 1151 tuum,

1330 1182 1343 1196 »
1369 1170 1472 1200 frater
1488 1170 1655 1208 episcope.
1677 1169 1728 1199 vel
1749 1169 1887 1199 alterius
1908 1169 1986 1199 boni
2005 1169 2068 1198 viri
2085 1169 2125 1199 ad
2146 1169 2205 1199 boe
2228 1170 2266 1200 de
2287 1174 2341 1199 tuo

1331 1235 1343 1249 >³
1368 1222 1508 1252 consilio
1531 1222 1694 1260 eligendi,
1726 1222 1765 1252 de
1792 1222 1862 1252 loco
1888 1231 2002 1252 eorum
2030 1221 2228 1252 habitationi
2259 1232 2341 1262 eque

1331 1288 1343 1302 »
1369 1284 1513 1313 congruo
1529 1275 1683 1305 duxerint
1698 1274 1949 1314 providendum,
1966 1284 2002 1304 ac
2017 1274 2132 1304 domus
2147 1274 2342 1313 equivalens

1331 1341 1344 1355 »
1369 1329 1399 1358 ei
1419 1338 1481 1367 que
1505 1328 1567 1357 suit
1583 1338 1640 1367 per
1662 1327 1841 1358 monachos
1858 1328 1984 1363 diruta⁷
2003 1328 2102 1357 suerit
2120 1328 2154 1357 in
2171 1328 2241 1358 loc«,
2260 1328 2342 1367 ipsis

1331 1394 1344 1408 »
1369 1381 1539 1419 assignato
1563 1386 1763 1411 constructa.
1789 1384 1859 1417 Que
1883 1381 2016 1419 quidem
2038 1390 2111 1410 cum
2136 1381 2267 1419 singula
2286 1382 2343 1412 de-

1331 1446 1344 1460 »
1369 1434 1437 1463 bito
1454 1434 1579 1464 suerint
1595 1434 1727 1464 effectui
1745 1433 1943 1471 mancipatau
1971 1434 2052 1471 ipsi,
2076 1433 2179 1472 priori
2199 1433 2269 1463 loco
2292 1434 2343 1463 di-

1332 1500 1345 1513 »
1370 1487 1491 1522 1111550,
1762 1487 1801 1515 ad
1840 1486 2021 1516 seeundum
2064 1486 2340 1522 inhabitandum,

1332 1553 1345 1567 »
1370 1540 1571 1570 sacrificium
1587 1539 1695 1569 laudis
1712 1539 1835 1569 ibidem
1856 1543 1886 1568 et
1903 1539 2047 1568 1105111011
2064 1539 2098 1568 111
2117 1539 2249 1569 odorem
2266 1548 2343 1569 51111-

1332 1606 1345 1620 »
1370 1593 1483 1622 vitatis
1516 1592 1550 1621 in
1580 1592 1721 1622 Domino
1753 1591 1915 1626 oblaturi;
1950 1591 1984 1620 in
2015 1601 2079 1629 quo
2114 1591 2184 1621 loco
2222 1593 2343 1621 fratres

1331 1659 1344 1674 >›
1368 1646 1509 1686 predicti
1527 1645 1712 1675 oblationes
1734 1645 1769 1674 in
1788 1644 1891 1674 missa
1908 1653 1972 1673 non
1992 1643 2153 1682 recipient
2169 1644 2209 1673 ad
2227 1643 2341 1674 altare.

1332 1712 1344 1726 >⁷
1370 1709 1429 1730 nec
1460 1699 1605 1729 decimas
1633 1707 1692 1728 nec
1722 1697 1887 1736 primitias
1913 1697 2037 1727 ibidem
2062 1697 2256 1735 percipient.
2285 1705 2342 1727 nec

1331 1766 1344 1780 n
1369 1752 1539 1783 habebunt
1567 1751 1634 1781 nisi
1659 1755 1787 1781 tantum
1810 1760 1869 1789 pro
1892 1751 1963 1780 suis
1987 1750 2146 1780 fratribus
2169 1750 2345 1781 eeclesias-

1331 1818 1344 1833 »
1371 1806 1469 1836 ticam
1490 1805 1707 1844 sepulturam.
1730 1805 1832 1834 Porro
1854 1803 2077 1842 prenominati
2102 1803 2203 1834 abbas
2220 1808 2249 1833 et
2271 1812 2344 1834 con-

1331 1873 1344 1887 »
1370 1863 1489 1889 ventus
1521 1859 1641 1889 fratres
1682 1858 1800 1888 exinde
1836 1866 1901 1887 non
1941 1856 2103 1895 expellent
2141 1857 2213 1887 sine
2249 1856 2343 1887 Sedis

1331 1926 1344 1940 η
1370 1912 1557 1951 Apostolice
1573 1911 1711 1942 licentia
1731 1910 1877 1949 speciali.
1904 1924 1915 1936 »
1936 1911 2023 1940 Licet
2042 1915 2152 1941 autem
2171 1910 2250 1940 dicti
2271 1919 2345 1949 pro-

1329 1971 1498 1997 curatores
1519 1965 1561 1995 ad
1586 1964 1766 1995 ineundam
1788 1963 2061 2002 compositionem
2084 1963 2273 2002 hujusmodi
2303 1962 2343 1992 ab

1329 2019 1447 2049 abbate
1464 2022 1495 2048 et
1517 2021 1682 2047 conventu
1698 2016 1890 2046 mandatum
1908 2025 1972 2045 non
1990 2015 2173 2054 receperint
2187 2016 2342 2054 speciale.

1330 2081 1389 2101 nos
1402 2089 1451 2107 —7
1471 2071 1636 2100 desectum
1659 2069 1716 2108 qui
1734 2078 1771 2099 ex
1795 2078 1832 2099 eo
1852 2069 2034 2106 [exoritur].
2053 2068 2139 2107 quod
2160 2077 2343 2098 consensus

1330 2123 1459 2154 abbatis
1472 2127 1503 2153 et
1521 2126 1703 2153 conventus
1723 2122 1763 2151 ad
1781 2121 2053 2159 compositionem
2070 2121 2260 2159 hujusmodi
2278 2129 2343 2150 non

1330 2177 1485 2211 accessit,
1505 2175 1697 2214 supplemus
1713 2175 1752 2205 de
1768 2174 1975 2213 plenitudine
1992 2173 2176 2212 potestatis,
2194 2173 2343 2204 districte

1329 2229 1542 2269 precipiendo
1558 2228 1754 2258 mandantes
1768 2231 1932 2266 quatenus
1944 2226 2128 2265 sepedictos
2145 2225 2297 2256 abbatem
2312 2229 2344 2256 et.

1330 2286 1530 2313 conventum
1551 2281 1592 2311 ad
1617 2280 1751 2319 singula
1771 2279 1977 2310 observanda
1999 2288 2063 2318 que
2088 2278 2242 2318 superius
2265 2282 2344 2308 sunt

1331 2344 1486 2375 expressa
1506 2352 1545 2356 —
1565 2333 1782 2372 compellatis.
1803 2332 1959 2363 Ceterum
1981 2331 2074 2361 vobis
2096 2330 2172 2361 illos
2193 2331 2228 2360 in
2247 2339 2340 2369 quos,

1330 2388 1371 2419 ob
1395 2387 1577 2427 premissas
1601 2386 1756 2426 injurias,
1779 2384 2132 2416 excommunicationis
2158 2383 2342 2414 sententias

1329 2441 1577 2482 promulgastis,
1595 2440 1631 2470 in
1652 2440 1760 2470 forma
1782 2438 1929 2469 Ecclesie
1952 2436 2162 2473 absolvendi,
2183 2440 2214 2467 et
2229 2437 2344 2475 injun-

1331 2495 1431 2534 gendi
1449 2495 1497 2525 eis
1516 2493 1604 2534 quod
1622 2493 1660 2524 de
1673 2493 1749 2532 jure
1767 2491 1867 2522 fuerit
1882 2490 2137 2530 injungendum,
2158 2498 2195 2519 ac
2213 2489 2343 2528 dispen-

1331 2547 1439 2584 sandi,
1459 2547 1488 2578 si
1507 2555 1643 2578 necesse
1661 2545 1781 2581 fuerit,
1803 2553 1878 2575 cum
1898 2543 2038 2579 eisdem,
2057 2543 2252 2573 auctoritate
2269 2550 2344 2580 pre-

1331 2601 1478 2632 sentium
1518 2599 1730 2631 concedimus
1770 2596 1984 2630 facultatem,
2030 2599 2164 2634 excepta
2202 2602 2344 2633 persona

1331 2653 1473 2689 abbatis,
1487 2653 1581 2692 cujus
1593 2650 1836 2682 absolutionem
1847 2653 1877 2679 et
1891 2647 2174 2687 dispensationem
2187 2645 2342 2682 Arnulfo,

1332 2705 1567 2737 archidiacono
1592 2705 1711 2735 Sancte
1736 2701 1915 2740 Margaritc
1942 2701 1977 2730 in
2002 2699 2143 2731 ecclesia
2164 2698 2341 2734 Trecensi,

1332 2759 1486 2789 duximus
1507 2756 1798 2788 committendam¹
1814 2772 1863 2783 —.
1883 2754 1956 2784 Dat.
1976 2751 2148 2786 Laterani,
2173 2752 2221 2781 III
2239 2759 2343 2781 nonas

1328 2812 1429 2851 junii,
1449 2820 1536 2842 anno
1553 2810 1704 2849 septimo.
1724 2821 1736 2835 η

1533 1487 1721 1516 transibunt

1366 2885 1386 2910 1.
1404 2884 1441 2909 Le
1457 2886 1582 2915 Reyistoe
1596 2886 1675 2914 porte
1692 2889 1726 2906 en
1742 2884 1822 2905 outre
1836 2883 1907 2904 cette
1923 2878 2046 2902 mention
2062 2877 2212 2908 marginata
2228 2884 2234 2900 :
2253 2885 2264 2899 11
2281 2876 2344 2900 Non

1332 2930 1460 2954 obstante
1475 2927 1675 2953 constitutione
1691 2926 1725 2949 de
1741 2925 1850 2948 duobus
1866 2923 1947 2946 dietis
1963 2926 2014 2946 etc.
2032 2930 2043 2944 υ
