2498 3242
182 318 186 321 -
206 298 261 328 781
1066 290 1279 328 SEP'I'IEME
1303 292 1461 328 ANNEE.
2260 301 2316 329 782

206 366 278 396 sius
290 365 386 396 corde
399 364 544 395 totaliter
556 364 735 395 evanescit.
752 364 801 394 Ad
813 364 1001 393 convivium
1016 364 1223 402 postmodum

207 418 506 449 discumbentibus.
523 422 551 448 et
568 417 782 455 surgentibus
797 417 958 455 completo
975 417 1046 455 ipso
1059 417 1222 449 convivio.

206 480 265 510 per
287 471 454 510 quandam
480 475 640 503 statuam,
668 479 730 509 que
753 470 786 499 in
813 470 910 499 scolis
938 470 1127 509 hujusmodi
1151 480 1223 500 esse

207 524 307 559 solet,
330 524 501 555 descendit.
517 529 698 554 retrorsum
720 524 759 552 ad
782 524 913 553 modum
934 524 1026 553 mutis
1047 524 1224 553 mediocris

209 581 319 615 gattus
332 577 436 615 niger.
456 581 579 607 retorta
590 576 704 607 cauda.
719 586 817 615 quem
832 587 847 606 a
867 577 1105 615 posterioribus
1119 576 1224 614 primo

208 629 371 660 novitius.
398 629 470 668 pest
497 629 666 667 magister.
695 630 813 659 deiude
842 630 965 667 singuli
993 640 1048 668 per
1073 630 1224 658 ordinem

207 684 411 718 osculantur,
436 685 494 723 qui
516 689 624 714 tamen
647 684 739 720 digni
765 690 839 714 suut
867 690 894 715 et
921 686 1074 723 perfecti:
1103 685 1224 723 imper-

207 737 288 768 fecti
303 746 392 768 vero.
413 737 519 776 quise
536 737 653 775 dignos
672 747 735 767 uon
749 742 913 776 reputant.
930 748 1042 776 pacem
1060 737 1222 776 recipiunt

211 800 228 821 a
245 791 422 829 magistro:
439 795 469 820 et
486 795 563 820 tunc
579 790 722 828 singulis
738 800 793 828 per
811 791 879 821 luca
894 801 952 821 sua
969 791 1097 830 positis.
1113 791 1223 820 dictis-

207 852 272 882 que
286 843 486 882 quiluisdam
501 843 718 873 carminibus.
737 854 772 873 ar
791 853 906 873 versus
921 848 1046 881 guttum
1059 844 1223 882 capitibus

208 895 399 926 inclinatis:
415 909 427 922 α
448 897 549 926 Parce
564 896 658 926 nobis
676 910 700 926 n.
719 896 799 925 dicit
815 896 989 934 magister3
1005 901 1033 926 et
1054 897 1221 935 proximo:

210 962 223 976 «
241 949 324 986 Quis
342 951 350 970 ¹
368 949 428 979 lior
446 950 582 988 precipit
598 952 611 978 ’ἔ
628 964 638 975 »ι
657 950 886 988 respondente,
903 959 938 979 ac
955 950 1050 980 tertio
1067 950 1196 980 ilict-ute
1216 960 1221 978 :

211 1015 225 1030 (t
245 1003 402 1033 Summus
422 1003 580 1040 magister
602 1016 627 1033 n.
650 1008 788 1041 quartus
809 1003 853 1032 ait
876 1013 881 1031 ε
907 1016 918 1029 c<
946 1003 981 1032 Et
1007 1012 1066 1033 nos
1089 1003 1223 1033 obedire

210 1056 368 1087 debemus
391 1069 402 1081 u
420 1067 424 1086 z
444 1061 473 1086 et
491 1056 557 1086 biis
572 1056 616 1086 ita
638 1056 796 1095 peractis.
816 1056 1056 1092 extinguuntur
1075 1055 1221 1086 candele.

209 1113 239 1140 et
255 1109 446 1148 proceditur
469 1109 509 1139 ad
532 1109 743 1139 fedissiuuun
766 1118 848 1147 opus
871 1108 1017 1141 luxurie,
1040 1108 1131 1139 nulla
1154 1108 1223 1138 dis-

208 1163 354 1193 cretione
375 1162 488 1192 habita
502 1163 590 1192 inter
608 1166 781 1192 extraneas
801 1167 829 1191 et
848 1162 1062 1200 propinquas.
1085 1162 1177 1199 Quod
1195 1162 1222 1191 si

208 1216 292 1247 forte
304 1216 413 1246 virilis
431 1225 529 1246 sexus
545 1220 725 1254 supersunt
742 1215 846 1254 aliqui
864 1215 948 1245 ultra
963 1224 1136 1245 numerum
1155 1225 1222 1244 mu-

208 1269 346 1304 lierum,
372 1269 484 1298 traditi
507 1269 543 1298 in
566 1269 738 1307 passiones
763 1268 965 1305 ignominie.
992 1269 1026 1297 in
1046 1269 1223 1298 desideriis

208 1322 279 1352 suis
291 1322 435 1351 invicem
450 1321 660 1356 exardentes,
680 1321 818 1351 masculi
840 1321 873 1350 in
897 1321 1060 1351 masculos
1081 1322 1223 1359 turpitu-

207 1374 320 1405 dinem
335 1378 532 1413 operantur;
557 1374 713 1404 similiter
731 1378 762 1404 et
780 1374 905 1404 femine
925 1374 1101 1403 immutant
1126 1378 1223 1404 natu-

207 1427 311 1458 ralem
327 1437 425 1458 usum
442 1428 476 1457 in
490 1436 566 1458 eum
582 1427 639 1467 qui
656 1432 703 1458 est
724 1432 837 1457 eontra
855 1432 1018 1461 naturam,
1038 1427 1099 1457 hoc
1115 1428 1223 1466 ipsum

207 1481 295 1512 inter
319 1490 353 1511 se
378 1480 636 1519 dampnabiliter
662 1480 834 1510 facientes.
861 1479 1031 1518 Completo
1057 1489 1133 1509 vero
1157 1484 1222 1509 tam

208 1533 482 1572 nephandissimo
510 1533 634 1564 scelere
650 1538 681 1564 et
709 1533 857 1564 candelis
873 1534 996 1564 iterum
1020 1534 1220 1566 reaccensis,

206 1586 417 1626 singulisque
433 1587 468 1616 in
485 1596 545 1617 suo
565 1587 681 1617 ordine
702 1587 911 1622 constitutis,
933 1587 971 1617 de
992 1587 1132 1617 obscuro
1150 1596 1221 1617 seo-

204 1640 313 1670 larum
330 1640 463 1679 ang-gum,
482 1649 546 1679 quo
566 1648 631 1670 non
650 1644 764 1670 rai-ent
787 1640 1006 1678 perditissimi
1028 1640 1219 1672 hominum,

204 1693 339 1733 quidam
357 1693 454 1724 honio
465 1693 613 1732 procedit
625 1703 641 1723 a
660 1693 797 1724 renibus
812 1702 947 1723 sursum
964 1693 1096 1731 fulgens
1110 1698 1141 1723 et
1153 1693 1221 1723 sole

202 1746 333 1777 clarior.
361 1747 447 1777 sicut
469 1746 599 1777 dicunt.
628 1747 784 1776 deorsum
804 1746 958 1785 hispidus
983 1747 1068 1776 sieut
1094 1751 1220 1784 gattus,

204 1801 299 1839 cujus
326 1800 436 1838 fulgor
461 1799 632 1830 illuminat
657 1804 762 1829 tot-nm
790 1799 910 1829 locum.
935 1800 1025 1829 Tune
1048 1799 1219 1837 magister.

203 1862 383 1891 excerpens
403 1852 532 1892 aliquid
554 1853 593 1883 de
616 1856 707 1883 veste
727 1852 863 1882 novitii.
889 1852 1015 1890 fulgido
1038 1851 1088 1881 illi
1109 1852 1187 1882 dicit
1214 1862 1219 1880 :

205 1919 218 1933 «ι
240 1906 410 1944 Magister.
431 1905 493 1936 boc-
508 1906 591 1935 milii
614 1906 727 1935 datum
744 1905 783 1935 do
803 1905 863 1934 tibi
882 1918 908 1935 u.
927 1905 984 1934 illo
1007 1905 1135 1943 fulgido
1150 1914 1221 1935 res-

203 1959 369 1998 pondente
384 1969 389 1988 :
408 1971 420 1985 «
437 1958 527 1989 Bene
542 1958 625 1987 mihi
643 1958 810 1988 servivisti
826 1957 952 1996 pluries
967 1962 997 1988 et
1014 1958 1134 1988 melius
1151 1967 1221 1988 ser-

205 2013 295 2042 vies:
323 2017 375 2042 tue
399 2011 568 2041 committo
595 2011 754 2047 custodie=
778 2011 865 2050 quod
891 2011 1012 2041 dedisti
1038 2022 1070 2046 »3
1097 2015 1127 2041 et
1154 2011 1220 2041 hiis

205 2065 303 2096 dictis
319 2065 471 2104 protinus
483 2064 662 2094 evanescit.
677 2064 803 2102 Corpus
815 2063 916 2094 etiam
930 2064 1065 2093 Domini
1077 2063 1220 2102 singulis

206 2119 305 2148 annis
322 2119 356 2148 in
372 2117 501 2148 Pascha
520 2117 559 2148 tle
577 2126 678 2147 manu
695 2117 859 2155 recipiunt
879 2117 1071 2153 sacerdotis.
1090 2121 1119 2147 et
1138 2117 1222 2147 illud

207 2172 247 2201 ad
263 2171 380 2201 domus
397 2180 474 2201 suas
489 2171 523 2200 in
540 2180 595 2201 ore
612 2175 781 2209 portantes
797 2170 831 2200 in
846 2170 1003 2200 latrinam
1016 2170 1219 2209 proliieiunt,

205 2225 239 2254 in
257 2223 494 2255 contumeliam
508 2223 752 2262 Redemptor-is.
768 2223 817 2253 Ad
834 2223 893 2253 hec
911 2223 1139 2254 infelicissimi
1155 2232 1220 2254 om—

206 2278 300 2308 nium
317 2277 533 2311 miserorum.v
554 2277 796 2315 gubernantem
813 2276 949 2307 celestia
968 2276 1102 2314 pollutis
1122 2276 1220 2307 labiis

204 2330 488 2370 blasphemantes,
510 2334 665 2360 asserunt
681 2329 852 2360 delirando
874 2329 1020 2360 celorum
1040 2330 1220 2360 Dominum

204 2383 378 2414 violenter.
393 2387 507 2413 contra
515 2383 682 2422 justitiam
699 2387 730 2412 et
741 2382 864 2417 dolose,
881 2383 1073 2413 Luciferum
1084 2383 1119 2412 in
1133 2383 1221 2414 infe-

203 2446 258 2468 ros
276 2436 471 2467 detrusisse.
489 2437 528 2466 In
547 2436 634 2465 hunc
649 2435 751 2465 etiam
766 2435 903 2466 credunt
919 2436 1044 2467 miseri.
1064 2440 1095 2466 et
1111 2436 1220 2474 ipsum

204 2489 369 2520 affirmant
386 2489 561 2519 celestium
577 2489 792 2519 conditorem.
808 2493 840 2519 et.
858 2488 965 2519 adhuc.
981 2489 1022 2519 ad
1038 2498 1131 2519 suam
1150 2488 1220 2526 glo-

205 2543 307 2578 riam,
327 2543 524 2582 precipitato
543 2543 702 2572 Domino.
723 2542 918 2577 rediturum,
941 2551 998 2580 per
1014 2551 1124 2582 quem,
1145 2551 1220 2572 cum

205 2595 319 2626 eodem
338 2600 370 2626 et
388 2604 453 2625 non
475 2600 551 2626 ante
568 2596 689 2634 ipsum.
708 2604 742 2625 se
759 2599 893 2634 sperant
909 2600 1057 2626 eternam
1075 2595 1220 2626 beatitu-

205 2649 318 2679 dinem
336 2649 522 2679 habituros.
537 2649 656 2679 Omnia
670 2649 737 2679 Deo
753 2648 875 2687 placita
891 2658 955 2679 non
973 2649 1100 2687 agenda
1116 2650 1220 2680 faten-

206 2706 269 2737 tur,
288 2706 317 2732 et
334 2702 443 2740 potius
459 2702 587 2740 agenda
603 2711 666 2741 que
680 2701 747 2731 odit
764 2719 812 2730 —.
829 2703 901 2732 Dat.
920 2702 1087 2737 Laterani,
1107 2702 1220 2733 idibus

201 2755 304 2794 junii.
323 2764 410 2785 anno
426 2755 578 2793 septimo.
596 2768 608 2781 n

242 2888 260 2913 t.
279 2887 468 2916 Ronmanno,
489 2894 554 2911 sans
574 2887 659 2911 doute
675 2887 783 2918 d'apres
799 2887 960 2915 ΒΛΥΝΛιοι,
977 2894 1041 2911 ann.
1061 2887 1132 2915 1233.
1149 2888 1160 2918 Ξ
1176 2887 1220 2918 43,

206 2932 333 2963 imprime
350 2941 356 2955 :
374 2939 385 2953 a
402 2931 503 2962 cuique
519 2931 570 2955 hoc
587 2931 717 2962 precipit,
739 2930 924 2962 respondente
942 2931 1024 2955 tortio
1040 2938 1071 2955 ac
1087 2931 1196 2956 dicente
1213 2939 1218 2955 :

207 2975 319 3001 Scimus
336 2976 466 3007 magister
525 2983 539 2998 n

1383 365 1498 393 1392

1344 426 1496 462 Episcopis
1518 436 1568 462 per
1592 427 1788 462 Magantiuam
1814 428 1989 462 provinciam
2012 429 2179 455 constitutis
2203 429 2318 455 mandat

1911 364 2022 396 Lati-au,
2044 366 2070 391 1-1
2085 366 2149 400 juin
2171 365 2245 393 1233.

1306 481 1460 510 quatenus,
1492 485 1539 511 per
1568 476 1718 503 dioeceses
1747 485 1816 503 suas
1842 481 1941 502 contra
1969 477 2128 511 praedictos
2158 478 2318 505 haereticos

1308 525 1506 560 praedicantes
1522 527 1658 552 continue
1679 525 1804 552 Verbum
1820 525 1932 559 Crucis,
1950 526 2081 552 subditos
2099 535 2169 553 suos
2185 531 2240 553 tam
2258 527 2318 553 cle-

1308 574 1383 600 ricos
1403 582 1487 608 quam
1512 574 1600 600 laicos
1622 574 1758 600 inducant
1776 578 1805 599 ut
1822 582 1852 599 so
1866 577 1989 608 Jungant
2007 575 2076 608 ipsi<
2093 580 2118 601 et
2137 580 2241 609 ponant
2259 576 2318 610 gla-

1307 622 1384 649 dium
1403 631 1490 657 super
1508 624 1599 649 femur
1615 622 1647 649 ad
1667 622 1848 649 ulciscendas
1866 622 1916 648 noi
1934 624 2069 657 injurias,
2089 628 2115 649 ut
2134 624 2318 651 eliminentur

1306 671 1341 697 de
1358 672 1465 705 templo
1483 671 1580 706 perfidi
1598 676 1625 698 et
1643 672 1813 698 fermentum
1832 665 1991 698 haereticae
2009 673 2156 706 pravitatis
2172 673 2205 698 tle
2223 682 2317 700 massa

1307 721 1525 755 conspersionis
1545 720 1707 747 dominicae
1727 724 1915 754 expurgetur.
1941 736 1972 739 —
1997 720 2079 752 (Rau.
2109 722 2147 752 17,
2173 722 2189 747 f.
2214 722 2245 748 54
2272 729 2316 752 νο;

1306 777 1372 796 ann.
1393 768 1456 799 Vll,
1475 778 1500 795 c.
1523 769 1587 801 t78;
1604 783 1637 789 —
1653 768 1800 796 ΡοττΗΑετ
1817 769 2129 800 9231;—R01ffixnsnu
2146 770 2205 800 537,
2225 770 2266 799 112
2286 786 2317 790 —

1305 817 1332 844 J.
1353 817 1534 849 Bannouima,
1552 819 1618 844 sicta
1635 819 1797 850 Pontificwn
1814 819 1964 851 Helvetiae,
1981 822 2000 844 t.
2020 818 2047 849 Ι,
2066 828 2091 852 p.
2113 818 2174 849 112,
2194 825 2223 844 n⁰
2248 820 2315 850 154.)

1349 933 1361 947 «
1385 921 1538 957 Episeopis
1550 929 1603 957 per
1617 920 1831 955 ,llaqtlnlinam
1845 921 2039 957 provinciam
2054 921 2237 949 conscionis.
2251 921 2317 949 Vox

1308 974 1342 1003 in
1360 975 1465 1004 Rama
1479 991 1527 1002 —.
1547 974 1618 1003 Dat.
1639 973 1804 1006 Laterani,
1823 973 1935 1003 XVIII
1953 973 2111 1003 kalendas
2125 973 2213 1011 julii.
2233 982 2319 1002 anno

1307 1027 1458 1065 septimo.
1479 1039 1492 1053 n

1382 1207 1398 1233 Ι
1408 1206 1496 1235 393

1346 1268 1532 1302 F'ridericum⁷
1552 1268 1747 1295 Romanorum
1766 1269 1981 1303 imperatorem,
2000 1272 2081 1302 rogat
2097 1272 2122 1293 et
2141 1268 2274 1294 obsecrat
2290 1270 2320 1294 ut

1308 1318 1452 1344 universis
1477 1321 1505 1343 et
1529 1318 1653 1351 singulis
1681 1317 1860 1353 principibus
1885 1321 1912 1343 et
1937 1317 2000 1343 aliis
2026 1317 2157 1344 fidelibus
2183 1317 2246 1343 suis
2271 1324 2320 1351 per

1307 1366 1486 1392 Alamaniam
1507 1366 1674 1392 constitutis
1696 1365 1838 1392 ferventer
1860 1365 1967 1392 scribat
1987 1369 2014 1392 et
2036 1365 2190 1400 praecipiat
2212 1368 2242 1391 ut
2262 1368 2319 1391 tam

1307 1414 1458 1440 nefandam
1482 1414 1654 1440 haereticam
1675 1414 1842 1447 pravitatem
1863 1413 1897 1439 de
1919 1422 2013 1440 massa
2034 1414 2252 1448 conspersionis
2267 1413 2320 1439 do-

1910 1205 2024 1236 Lau-an,
2044 1206 2070 1232 11
2086 1206 2150 1239 juin
2171 1205 2246 1231 1233.

1307 1463 1429 1489 minicae
1445 1466 1616 1497 expurgent.
1638 1478 1665 1482 —
1688 1462 1770 1490 «Rae.
1791 1463 1831 1496 17,
1849 1463 1866 1489 f.
1883 1463 1914 1489 54
1933 1468 1979 1495 v⁰;
1997 1471 2063 1489 ann.
2083 1461 2144 1493 VII,
2162 1470 2187 1488 c.
2209 1463 2271 1494 17&
2287 1477 2319 1482 —

1306 1511 1476 1538 Romanusne
1493 1511 1554 1542 537,
1571 1510 1635 1543 ΙΙΙ.)

1348 1626 1360 1640 «
1382 1614 1431 1649 F„
1460 1615 1577 1643 illustri
1594 1615 1799 1643 Romanorum
1826 1614 2015 1651 imperatori.
2040 1622 2155 1650 semper
2172 1618 2315 1649 attgyuslo,

1306 1668 1473 1697 Jerusalem
1494 1672 1519 1695 et
1532 1667 1638 1702 Sicilie
1655 1668 1727 1703 περὶ.
1743 1667 1813 1695 Vox
1828 1666 1862 1695 in
1881 1667 1984 1696 Rama
1996 1684 2043 1694 —.
2061 1666 2133 1695 Dat.
2152 1666 2316 1695 Laterani.

1306 1721 1357 1751 III
1376 1720 1451 1750 idus
1467 1720 1570 1758 junii.
1587 1729 1673 1750 anno
1691 1720 1842 1758 septimo.
1866 1732 1877 1745 n

1380 1902 1399 1929 Ι
1407 1900 1495 1929 394

1341 1963 1516 1997 Heni-icum,
1533 1964 1623 1990 filium
1641 1963 1793 1998 Fridmict,
1813 1963 2007 1989 Romanorum
2027 1962 2219 1998 imperatoris,
2237 1966 2318 1997 rogat

1909 1899 2021 1932 Latran,
2043 1900 2068 1926 11
2085 1899 2148 1934 juin
2170 1899 2244 1926 ¹233.

1305 2015 1333 2039 et
1351 2013 1484 2046 exposcit
1507 2016 1536 2039 ut
1556 2012 1589 2039 ad
1607 2013 1828 2039 internicionem
1849 2012 2015 2039 eorumdem
2036 2013 2245 2039 haereticorum
2267 2020 2318 2039 ex-

1305 2065 1415 2096 surgat.
1440 2077 1470 2080 —
1493 2061 1575 2094 (nm.
1601 2062 1646 2094 17,
1670 2062 1688 2088 f.
1710 2062 1742 2088 55
1761 2068 1802 2095 νος
1819 2070 1886 2088 ann.
1906 2060 1975 2095 VII,
1993 2069 2018 2088 c.
2038 2061 2102 2092 1802
2123 2077 2153 2080 —
2172 2061 2318 2088 l‘o‘rrfflsr

1305 2110 1410 2144 9229½
1428 2124 1463 2130 —
1478 2109 1649 2138 Ronsmnsno
1667 2109 1727 2141 537,
1745 2109 1809 2142 IV.)

1347 2224 1359 2238 «
1381 2212 1482 2240 Nobili
1495 2213 1563 2241 viro
1579 2212 1717 2241 Henrieo.
1738 2217 1808 2241 nalo
1820 2212 1977 2241 carissimi
1997 2213 2027 2240 in
2043 2212 2162 2241 Christo
2177 2212 2238 2247 filii
2252 2220 2316 2240 uos-

1306 2266 1348 2294 lri
1365 2265 1408 2299 F„
1425 2266 1630 2294 Romanorum
1648 2266 1852 2302 imperatoris.
1867 2273 1983 2302 semper
1995 2265 2129 2302 aztyusti.
2148 2265 2315 2293 Jerusalem

1305 2323 1331 2347 et
1349 2319 1455 2347 Sicilie
1468 2319 1547 2356 reqis
1562 2319 1704 2348 illustris.
1716 2318 1785 2347 Vox
1803 2317 1837 2346 in
1854 2318 1958 2347 Rama
1967 2334 2015 2346 —.
2032 2318 2102 2347 Dat.
2121 2322 2153 2346 ut
2172 2326 2282 2355 supra.
2302 2330 2314 2342 n

1378 2504 1398 2531 i
1405 2503 1494 2532 395

1341 2565 1490 2597 Radultus,
1509 2566 1666 2600 episcopus
1680 2565 1881 2598 Nivernensis,
1895 2564 2036 2599 Gregorio
2053 2574 2140 2599 papae
2159 2569 2257 2592 notum
2274 2566 2315 2591 sa—

1305 2615 1344 2641 cit
1364 2613 1546 2641 Willelmum
1562 2613 1597 2640 de
1612 2613 1774 2640 Calviniaco
1786 2634 1793 2647 ‚
1811 2613 1960 2640 dominum
1976 2612 2069 2640 Castri
2087 2613 2199 2640 uadum
2210 2635 2216 2644 ,
2231 2615 2316 2647 ,ῥυπα-

1306 2666 1434 2689 mentum
1457 2662 1602 2689 fidelitatis
1628 2662 1773 2688 Romanae
1800 2661 1946 2688 Ecclesiae
1969 2661 2004 2688 de
2027 2661 2157 2688 custodia
2182 2662 2265 2696 burgi
2288 2665 2316 2688 et

1305 2711 1471 2738 monasterii
1496 2710 1667 2737 Dolensium
1690 2710 1886 2745 praestitisse,
1911 2710 2028 2736 insertis
2052 2710 2154 2736 litteris
2177 2710 2313 2745 praedicti

1303 2759 1436 2794 Gregorii
1453 2767 1542 2794 papae
1563 2759 1596 2785 ad
1613 2759 1742 2786 eamdem
1761 2767 1819 2785 rem
1843 2758 2042 2793 spectantibus
2063 2762 2091 2784 et
2111 2758 2201 2784 fornia
2223 2757 2314 2785 fideli-

1662 2503 1700 2528 La
1717 2502 2011 2534 Charite-sur-Loire,
2029 2503 2063 2530 20
2078 2503 2147 2529 avril
2168 2502 2243 2530 1232.

1338 2888 1358 2911 1.
1376 2887 1398 2911 Α
1412 2887 1437 2911 la
1451 2887 1514 2911 date
1528 2886 1666 2918 supposee
1680 2886 1716 2910 du
1736 2887 1762 2910 13
1775 2887 1835 2916 juin
1854 2887 1960 2916 (idibus
1975 2886 2080 2915 junit');
2102 2885 2209 2916 d'apres
2226 2886 2249 2910 le
2267 2888 2313 2910 Re-

1303 2932 1399 2962 ρίείη,
1414 2932 1438 2955 la
1451 2931 1514 2955 date
1529 2931 1562 2955 de
1579 2934 1650 2955 cette
1667 2930 1743 2961 piece
1759 2931 1842 2954 serait
1859 2930 1883 2953 la
1898 2930 1984 2953 meme
1997 2937 2050 2960 que
2065 2930 2132 2954 celle
2149 2930 2182 2954 de
2195 2930 2220 2954 la
2238 2930 2314 2961 pii-ce

1304 2975 1479 3006 precedente,
1496 2975 1668 2999 c'est-ii-dire
1685 2975 1709 2997 le
1728 2974 1749 2998 11
1767 2974 1826 3003 juin
1843 2975 1891 3003 (111
1908 2975 2078 3003 idusjunit').
