<?xml version="1.0" encoding="UTF-8"?>
<!DOCTYPE html PUBLIC "-//W3C//DTD XHTML 1.0 Transitional//EN"
    "http://www.w3.org/TR/xhtml1/DTD/xhtml1-transitional.dtd">
<html xmlns="http://www.w3.org/1999/xhtml" xml:lang="en" lang="en">
 <head>
  <title>
</title>
<meta http-equiv="Content-Type" content="text/html;charset=utf-8" />
  <meta name='ocr-system' content='tesseract 3.04.00' />
  <meta name='ocr-capabilities' content='ocr_page ocr_carea ocr_par ocr_line ocrx_word'/>
</head>
<body>
  <div class='ocr_page' id='page_1' title='image "./lesregistresdegr01cathuoft_0106.png"; bbox 0 0 2498 3242; ppageno 0'>
   <div class='ocr_carea' id='block_1_1' title="bbox 202 293 258 323">
    <p class='ocr_par' dir='ltr' id='par_1_1' title="bbox 202 293 258 323">
     <span class='ocr_line' id='line_1_1' title="bbox 202 293 258 323; baseline -0.036 0"><span class='ocrx_word' id='word_1_1' title='bbox 202 293 258 323; x_wconf 72' lang='lat'>195</span> 
     </span>
    </p>
   </div>
   <div class='ocr_carea' id='block_1_2' title="bbox 199 370 1203 1300">
    <p class='ocr_par' dir='ltr' id='par_1_2' title="bbox 199 370 1203 1300">
     <span class='ocr_line' id='line_1_2' title="bbox 201 370 1199 410; baseline -0.006 -8"><span class='ocrx_word' id='word_1_2' title='bbox 201 372 435 410; x_wconf 74' lang='lat' dir='ltr'>egritu·liue.et</span> <span class='ocrx_word' id='word_1_3' title='bbox 455 380 512 409; x_wconf 74' lang='lat' dir='ltr'>pro</span> <span class='ocrx_word' id='word_1_4' title='bbox 530 379 663 410; x_wconf 67' lang='lat' dir='ltr'>corpore</span> <span class='ocrx_word' id='word_1_5' title='bbox 681 370 934 400; x_wconf 82' lang='lat' dir='ltr'>tumulando.1u</span> <span class='ocrx_word' id='word_1_6' title='bbox 954 370 1109 399; x_wconf 76' lang='lat' dir='ltr'>claustro.</span> <span class='ocrx_word' id='word_1_7' title='bbox 1129 376 1199 397; x_wconf 81' lang='lat' dir='ltr'>ora-</span> 
     </span>
     <span class='ocr_line' id='line_1_3' title="bbox 201 423 1202 458; baseline -0.005 -4"><span class='ocrx_word' id='word_1_8' title='bbox 201 426 294 454; x_wconf 62' lang='lat' dir='ltr'>torio.</span> <span class='ocrx_word' id='word_1_9' title='bbox 313 424 502 454; x_wconf 72' lang='lat' dir='ltr'>dormitorio</span> <span class='ocrx_word' id='word_1_10' title='bbox 534 425 563 453; x_wconf 78' lang='lat' dir='ltr'>et</span> <span class='ocrx_word' id='word_1_11' title='bbox 583 424 752 453; x_wconf 77' lang='lat' dir='ltr'>refectorio</span> <span class='ocrx_word' id='word_1_12' title='bbox 770 423 936 452; x_wconf 70' lang='lat' dir='ltr'>silentium</span> <span class='ocrx_word' id='word_1_13' title='bbox 955 423 1113 450; x_wconf 65' lang='lat' dir='ltr'>teneatur.</span> <span class='ocrx_word' id='word_1_14' title='bbox 1133 427 1202 458; x_wconf 82' lang='lat' dir='ltr'>pre-</span> 
     </span>
     <span class='ocr_line' id='line_1_4' title="bbox 201 473 1200 516; baseline -0.006 -10"><span class='ocrx_word' id='word_1_15' title='bbox 201 478 295 516; x_wconf 51' lang='lat' dir='ltr'>cipue</span> <span class='ocrx_word' id='word_1_16' title='bbox 306 480 374 515; x_wconf 76' lang='lat' dir='ltr'>post</span> <span class='ocrx_word' id='word_1_17' title='bbox 388 476 751 514; x_wconf 56' lang='lat' dir='ltr'>cotupletoriummtiam</span> <span class='ocrx_word' id='word_1_18' title='bbox 763 476 802 505; x_wconf 87' lang='lat' dir='ltr'>ab</span> <span class='ocrx_word' id='word_1_19' title='bbox 813 475 976 504; x_wconf 60' lang='lat' dir='ltr'>abluitissa</span> <span class='ocrx_word' id='word_1_20' title='bbox 988 473 1200 503; x_wconf 73' lang='lat' dir='ltr'>serrandum,</span> 
     </span>
     <span class='ocr_line' id='line_1_5' title="bbox 201 525 1200 569; baseline -0.005 -11"><span class='ocrx_word' id='word_1_21' title='bbox 201 533 407 569; x_wconf 70' lang='lat' dir='ltr'>p1·›·t›··1·-1u;uu</span> <span class='ocrx_word' id='word_1_22' title='bbox 427 538 484 567; x_wconf 89' lang='lat' dir='ltr'>pro</span> <span class='ocrx_word' id='word_1_23' title='bbox 500 529 609 558; x_wconf 66' lang='lat' dir='ltr'>causis</span> <span class='ocrx_word' id='word_1_24' title='bbox 628 538 689 566; x_wconf 80' lang='lat' dir='ltr'>que</span> <span class='ocrx_word' id='word_1_25' title='bbox 707 529 738 558; x_wconf 92' lang='lat' dir='ltr'>in</span> <span class='ocrx_word' id='word_1_26' title='bbox 762 528 872 565; x_wconf 66' lang='lat' dir='ltr'>regula</span> <span class='ocrx_word' id='word_1_27' title='bbox 892 527 1111 556; x_wconf 69' lang='lat' dir='ltr'>continentur.</span> <span class='ocrx_word' id='word_1_28' title='bbox 1129 525 1200 553; x_wconf 75' lang='lat' dir='ltr'>Cla-</span> 
     </span>
     <span class='ocr_line' id='line_1_6' title="bbox 203 577 1200 620; baseline -0.005 -10"><span class='ocrx_word' id='word_1_29' title='bbox 203 591 258 611; x_wconf 57' lang='grc' dir='ltr'>νος</span> <span class='ocrx_word' id='word_1_30' title='bbox 273 582 420 611; x_wconf 52' lang='lat' dir='ltr'>claustri.</span> <span class='ocrx_word' id='word_1_31' title='bbox 444 591 500 620; x_wconf 71' lang='lat' dir='ltr'>per</span> <span class='ocrx_word' id='word_1_32' title='bbox 516 591 597 620; x_wconf 76' lang='lat' dir='ltr'>quas</span> <span class='ocrx_word' id='word_1_33' title='bbox 613 590 652 611; x_wconf 75' lang='lat' dir='ltr'>ex</span> <span class='ocrx_word' id='word_1_34' title='bbox 673 589 879 619; x_wconf 66' lang='lat' dir='ltr'>quacumqu-¹</span> <span class='ocrx_word' id='word_1_35' title='bbox 898 581 987 618; x_wconf 73' lang='lat' dir='ltr'>parte</span> <span class='ocrx_word' id='word_1_36' title='bbox 1005 579 1144 607; x_wconf 79' lang='lat' dir='ltr'>intratur</span> <span class='ocrx_word' id='word_1_37' title='bbox 1161 577 1200 606; x_wconf 80' lang='lat' dir='ltr'>ad</span> 
     </span>
     <span class='ocr_line' id='line_1_7' title="bbox 202 630 1200 674; baseline -0.007 -10"><span class='ocrx_word' id='word_1_38' title='bbox 202 636 320 674; x_wconf 62' lang='lat' dir='ltr'>ipsum.</span> <span class='ocrx_word' id='word_1_39' title='bbox 343 637 447 663; x_wconf 68' lang='lat' dir='ltr'>teneat</span> <span class='ocrx_word' id='word_1_40' title='bbox 471 634 648 663; x_wconf 67' lang='lat' dir='ltr'>abbatissa.</span> <span class='ocrx_word' id='word_1_41' title='bbox 672 643 753 672; x_wconf 73' lang='lat' dir='ltr'>quas</span> <span class='ocrx_word' id='word_1_42' title='bbox 772 633 880 662; x_wconf 75' lang='lat' dir='ltr'>statim</span> <span class='ocrx_word' id='word_1_43' title='bbox 904 631 1089 661; x_wconf 73' lang='lat' dir='ltr'>collationis</span> <span class='ocrx_word' id='word_1_44' title='bbox 1107 630 1200 665; x_wconf 59' lang='lat' dir='ltr'>sijzuo</span> 
     </span>
     <span class='ocr_line' id='line_1_8' title="bbox 201 682 1201 725; baseline -0.006 -9"><span class='ocrx_word' id='word_1_45' title='bbox 201 687 330 725; x_wconf 56' lang='lat' dir='ltr'>pulsato</span> <span class='ocrx_word' id='word_1_46' title='bbox 357 687 418 716; x_wconf 57' lang='lat' dir='ltr'>sibi</span> <span class='ocrx_word' id='word_1_47' title='bbox 445 687 538 716; x_wconf 64' lang='lat' dir='ltr'>iaciat</span> <span class='ocrx_word' id='word_1_48' title='bbox 565 687 738 723; x_wconf 65' lang='lat' dir='ltr'>assignari.</span> <span class='ocrx_word' id='word_1_49' title='bbox 761 686 827 715; x_wconf 66' lang='lat' dir='ltr'>Net-</span> <span class='ocrx_word' id='word_1_50' title='bbox 850 686 1015 723; x_wconf 73' lang='lat' dir='ltr'>presumat</span> <span class='ocrx_word' id='word_1_51' title='bbox 1043 682 1201 712; x_wconf 73' lang='lat' dir='ltr'>monacha</span> 
     </span>
     <span class='ocr_line' id='line_1_9' title="bbox 201 734 1201 776; baseline -0.006 -7"><span class='ocrx_word' id='word_1_52' title='bbox 201 740 400 769; x_wconf 70' lang='lat' dir='ltr'>elemosinas</span> <span class='ocrx_word' id='word_1_53' title='bbox 414 748 469 768; x_wconf 66' lang='lat' dir='ltr'>seu</span> <span class='ocrx_word' id='word_1_54' title='bbox 488 740 679 775; x_wconf 59' lang='lat' dir='ltr'>largitiones</span> <span class='ocrx_word' id='word_1_55' title='bbox 694 738 821 776; x_wconf 78' lang='lat' dir='ltr'>aliquas</span> <span class='ocrx_word' id='word_1_56' title='bbox 839 738 954 766; x_wconf 77' lang='lat' dir='ltr'>tacere.</span> <span class='ocrx_word' id='word_1_57' title='bbox 969 739 997 764; x_wconf 65' lang='lat' dir='ltr'>ot</span> <span class='ocrx_word' id='word_1_58' title='bbox 1016 734 1201 774; x_wconf 67' lang='lat' dir='ltr'>specialiter</span> 
     </span>
     <span class='ocr_line' id='line_1_10' title="bbox 201 787 1201 829; baseline -0.005 -8"><span class='ocrx_word' id='word_1_59' title='bbox 201 792 240 821; x_wconf 65' lang='lat' dir='ltr'>do</span> <span class='ocrx_word' id='word_1_60' title='bbox 259 800 295 821; x_wconf 63' lang='lat' dir='ltr'>eo</span> <span class='ocrx_word' id='word_1_61' title='bbox 315 793 399 829; x_wconf 50' lang='lat' dir='ltr'>quovl</span> <span class='ocrx_word' id='word_1_62' title='bbox 421 792 451 820; x_wconf 89' lang='lat' dir='ltr'>iu</span> <span class='ocrx_word' id='word_1_63' title='bbox 475 801 586 821; x_wconf 65' lang='lat' dir='ltr'>meusa</span> <span class='ocrx_word' id='word_1_64' title='bbox 607 793 762 820; x_wconf 70' lang='lat' dir='ltr'>remanet.</span> <span class='ocrx_word' id='word_1_65' title='bbox 787 790 856 819; x_wconf 67' lang='lat' dir='ltr'>sine</span> <span class='ocrx_word' id='word_1_66' title='bbox 877 789 1005 818; x_wconf 71' lang='lat' dir='ltr'>lieentia</span> <span class='ocrx_word' id='word_1_67' title='bbox 1025 787 1201 821; x_wconf 66' lang='lat' dir='ltr'>abbatisse,</span> 
     </span>
     <span class='ocr_line' id='line_1_11' title="bbox 202 841 1201 882; baseline -0.005 -9"><span class='ocrx_word' id='word_1_68' title='bbox 202 845 257 873; x_wconf 75' lang='lat' dir='ltr'>sed</span> <span class='ocrx_word' id='word_1_69' title='bbox 279 845 363 882; x_wconf 64' lang='lat' dir='ltr'>quo-l</span> <span class='ocrx_word' id='word_1_70' title='bbox 387 845 419 873; x_wconf 92' lang='lat' dir='ltr'>iu</span> <span class='ocrx_word' id='word_1_71' title='bbox 442 853 552 873; x_wconf 72' lang='lat' dir='ltr'>mensa</span> <span class='ocrx_word' id='word_1_72' title='bbox 579 843 771 873; x_wconf 66' lang='lat' dir='ltr'>remanserit</span> <span class='ocrx_word' id='word_1_73' title='bbox 793 842 889 871; x_wconf 71' lang='lat' dir='ltr'>simul</span> <span class='ocrx_word' id='word_1_74' title='bbox 911 841 1084 877; x_wconf 64' lang='lat' dir='ltr'>colligatur</span> <span class='ocrx_word' id='word_1_75' title='bbox 1110 841 1201 869; x_wconf 75' lang='lat' dir='ltr'>extra</span> 
     </span>
     <span class='ocr_line' id='line_1_12' title="bbox 201 893 1203 936; baseline -0.006 -10"><span class='ocrx_word' id='word_1_76' title='bbox 201 897 403 936; x_wconf 59' lang='lat' dir='ltr'>pauperibus</span> <span class='ocrx_word' id='word_1_77' title='bbox 431 897 643 931; x_wconf 53' lang='lat' dir='ltr'>erogandum.</span> <span class='ocrx_word' id='word_1_78' title='bbox 673 896 740 924; x_wconf 64' lang='lat' dir='ltr'>Nm·</span> <span class='ocrx_word' id='word_1_79' title='bbox 770 895 957 933; x_wconf 76' lang='lat' dir='ltr'>permittant</span> <span class='ocrx_word' id='word_1_80' title='bbox 991 895 996 912; x_wconf 88' lang='lat'><strong>¹</strong></span> <span class='ocrx_word' id='word_1_81' title='bbox 1031 893 1203 930; x_wconf 70' lang='lat' dir='ltr'>aliqualm]</span> 
     </span>
     <span class='ocr_line' id='line_1_13' title="bbox 201 943 1201 988; baseline -0.008 -9"><span class='ocrx_word' id='word_1_82' title='bbox 201 959 338 988; x_wconf 57' lang='lat' dir='ltr'>persona</span> <span class='ocrx_word' id='word_1_83' title='bbox 358 952 400 977; x_wconf 54' lang='grc' dir='ltr'>ω’</span> <span class='ocrx_word' id='word_1_84' title='bbox 426 950 639 985; x_wconf 47' lang='lat' dir='ltr'>extrauea&#39;an‘¹</span> <span class='ocrx_word' id='word_1_85' title='bbox 677 948 707 977; x_wconf 88' lang='lat' dir='ltr'>in</span> <span class='ocrx_word' id='word_1_86' title='bbox 746 947 916 977; x_wconf 73' lang='lat' dir='ltr'>refectorio</span> <span class='ocrx_word' id='word_1_87' title='bbox 943 945 1110 974; x_wconf 51' lang='lat' dir='ltr'>manutere</span> <span class='ocrx_word' id='word_1_88' title='bbox 1150 943 1201 972; x_wconf 75' lang='lat' dir='ltr'>vel</span> 
     </span>
     <span class='ocr_line' id='line_1_14' title="bbox 365 997 1200 1038; baseline -0.008 -7"><span class='ocrx_word' id='word_1_89' title='bbox 365 1002 517 1031; x_wconf 58' lang='lat' dir='ltr'>,NL—uiui&lt;</span> <span class='ocrx_word' id='word_1_90' title='bbox 534 1010 611 1030; x_wconf 69' lang='lat' dir='ltr'>vero</span> <span class='ocrx_word' id='word_1_91' title='bbox 631 1001 715 1038; x_wconf 76' lang='lat' dir='ltr'>apud</span> <span class='ocrx_word' id='word_1_92' title='bbox 733 1009 830 1038; x_wconf 87' lang='lat' dir='ltr'>quam</span> <span class='ocrx_word' id='word_1_93' title='bbox 850 1000 880 1028; x_wconf 91' lang='lat' dir='ltr'>in</span> <span class='ocrx_word' id='word_1_94' title='bbox 900 1000 1001 1028; x_wconf 76' lang='lat' dir='ltr'>morte</span> <span class='ocrx_word' id='word_1_95' title='bbox 1019 997 1200 1035; x_wconf 75' lang='lat' dir='ltr'>proprietas</span> 
     </span>
     <span class='ocr_line' id='line_1_15' title="bbox 202 1047 1200 1086; baseline -0.009 -2"><span class='ocrx_word' id='word_1_96' title='bbox 202 1055 332 1084; x_wconf 55' lang='lat' dir='ltr'>inv-aua</span> <span class='ocrx_word' id='word_1_97' title='bbox 350 1053 456 1082; x_wconf 53' lang='lat' dir='ltr'>faoi-ir</span> <span class='ocrx_word' id='word_1_98' title='bbox 476 1052 586 1081; x_wconf 70' lang='grc'>11011111</span> <span class='ocrx_word' id='word_1_99' title='bbox 605 1051 766 1080; x_wconf 69' lang='lat' dir='ltr'>cimiterio</span> <span class='ocrx_word' id='word_1_100' title='bbox 784 1050 840 1079; x_wconf 74' lang='lat' dir='ltr'>sed</span> <span class='ocrx_word' id='word_1_101' title='bbox 858 1050 890 1078; x_wconf 88' lang='lat' dir='ltr'>in</span> <span class='ocrx_word' id='word_1_102' title='bbox 906 1048 1114 1086; x_wconf 75' lang='lat' dir='ltr'>sterquilinio</span> <span class='ocrx_word' id='word_1_103' title='bbox 1130 1047 1200 1076; x_wconf 72' lang='lat' dir='ltr'>sine</span> 
     </span>
     <span class='ocr_line' id='line_1_16' title="bbox 201 1100 1200 1144; baseline -0.007 -9"><span class='ocrx_word' id='word_1_104' title='bbox 201 1107 366 1144; x_wconf 60' lang='lat' dir='ltr'>aliquam&lt;</span> <span class='ocrx_word' id='word_1_105' title='bbox 383 1104 531 1141; x_wconf 56' lang='lat' dir='ltr'>exequiis</span> <span class='ocrx_word' id='word_1_106' title='bbox 551 1103 662 1132; x_wconf 81' lang='lat' dir='ltr'>habeat</span> <span class='ocrx_word' id='word_1_107' title='bbox 684 1102 898 1140; x_wconf 82' lang='lat' dir='ltr'>sepulturam.</span> <span class='ocrx_word' id='word_1_108' title='bbox 920 1101 968 1130; x_wconf 63' lang='lat' dir='ltr'>Ad</span> <span class='ocrx_word' id='word_1_109' title='bbox 986 1100 1200 1138; x_wconf 86' lang='lat' dir='ltr'>parlatorium</span> 
     </span>
     <span class='ocr_line' id='line_1_17' title="bbox 202 1152 1201 1194; baseline -0.006 -7"><span class='ocrx_word' id='word_1_110' title='bbox 202 1168 263 1187; x_wconf 63' lang='grc'>11011</span> <span class='ocrx_word' id='word_1_111' title='bbox 281 1158 370 1186; x_wconf 54' lang='lat' dir='ltr'>xxi-lat</span> <span class='ocrx_word' id='word_1_112' title='bbox 387 1157 507 1194; x_wconf 77' lang='lat' dir='ltr'>aliqua.</span> <span class='ocrx_word' id='word_1_113' title='bbox 523 1153 979 1192; x_wconf 60' lang='lat' dir='ltr'>1101-1i0011u21111petateundi:</span> <span class='ocrx_word' id='word_1_114' title='bbox 996 1152 1201 1181; x_wconf 72' lang='lat' dir='ltr'>demandato</span> 
     </span>
     <span class='ocr_line' id='line_1_18' title="bbox 199 1204 1202 1246; baseline -0.007 -6"><span class='ocrx_word' id='word_1_115' title='bbox 199 1213 307 1240; x_wconf 69' lang='lat' dir='ltr'>tamen</span> <span class='ocrx_word' id='word_1_116' title='bbox 330 1210 506 1243; x_wconf 69' lang='lat' dir='ltr'>abbatisse,</span> <span class='ocrx_word' id='word_1_117' title='bbox 529 1208 593 1237; x_wconf 83' lang='lat' dir='ltr'>alio</span> <span class='ocrx_word' id='word_1_118' title='bbox 613 1209 751 1246; x_wconf 76' lang='lat' dir='ltr'>petente,</span> <span class='ocrx_word' id='word_1_119' title='bbox 774 1215 846 1236; x_wconf 83' lang='lat' dir='ltr'>raro</span> <span class='ocrx_word' id='word_1_120' title='bbox 870 1209 990 1240; x_wconf 88' lang='lat' dir='ltr'>tamen,</span> <span class='ocrx_word' id='word_1_121' title='bbox 1016 1205 1061 1234; x_wconf 88' lang='lat' dir='ltr'>ire</span> <span class='ocrx_word' id='word_1_122' title='bbox 1084 1204 1202 1243; x_wconf 78' lang='lat' dir='ltr'>poterit</span> 
     </span>
     <span class='ocr_line' id='line_1_19' title="bbox 201 1256 1199 1300; baseline -0.007 -8"><span class='ocrx_word' id='word_1_123' title='bbox 201 1272 236 1292; x_wconf 78' lang='lat' dir='ltr'>ae</span> <span class='ocrx_word' id='word_1_124' title='bbox 254 1263 341 1300; x_wconf 63' lang='lat' dir='ltr'>loqui</span> <span class='ocrx_word' id='word_1_125' title='bbox 357 1270 430 1291; x_wconf 73' lang='lat' dir='ltr'>cum</span> <span class='ocrx_word' id='word_1_126' title='bbox 449 1261 514 1290; x_wconf 70' lang='lat' dir='ltr'>illis</span> <span class='ocrx_word' id='word_1_127' title='bbox 539 1261 593 1298; x_wconf 90' lang='lat' dir='ltr'>qui</span> <span class='ocrx_word' id='word_1_128' title='bbox 610 1268 714 1297; x_wconf 80' lang='lat' dir='ltr'>usque</span> <span class='ocrx_word' id='word_1_129' title='bbox 730 1259 769 1288; x_wconf 83' lang='lat' dir='ltr'>ad</span> <span class='ocrx_word' id='word_1_130' title='bbox 785 1259 965 1288; x_wconf 78' lang='lat' dir='ltr'>secundum</span> <span class='ocrx_word' id='word_1_131' title='bbox 981 1257 1118 1295; x_wconf 74' lang='lat' dir='ltr'>gradum</span> <span class='ocrx_word' id='word_1_132' title='bbox 1135 1256 1199 1285; x_wconf 80' lang='lat' dir='ltr'>sibi</span> 
     </span>
    </p>
   </div>
   <div class='ocr_carea' id='block_1_3' title="bbox 202 1005 335 1031">
    <p class='ocr_par' dir='ltr' id='par_1_3' title="bbox 202 1005 335 1031">
     <span class='ocr_line' id='line_1_20' title="bbox 202 1005 335 1031; baseline 0 0"><span class='ocrx_word' id='word_1_133' title='bbox 202 1012 234 1031; x_wconf 73' lang='lat' dir='ltr'>se</span> <span class='ocrx_word' id='word_1_134' title='bbox 241 1005 285 1031; x_wconf 72' lang='lat' dir='ltr'>rvi</span> <span class='ocrx_word' id='word_1_135' title='bbox 293 1012 335 1031; x_wconf 55' lang='grc' dir='ltr'>ν’).</span> 
     </span>
    </p>
   </div>
   <div class='ocr_carea' id='block_1_4' title="bbox 199 1309 1201 1512">
    <p class='ocr_par' dir='ltr' id='par_1_4' title="bbox 199 1309 1201 1512">
     <span class='ocr_line' id='line_1_21' title="bbox 202 1309 1201 1348; baseline -0.006 -4"><span class='ocrx_word' id='word_1_136' title='bbox 202 1316 338 1344; x_wconf 76' lang='lat' dir='ltr'>attinere</span> <span class='ocrx_word' id='word_1_137' title='bbox 359 1317 549 1343; x_wconf 65' lang='lat' dir='ltr'>noscuntur.</span> <span class='ocrx_word' id='word_1_138' title='bbox 573 1312 806 1342; x_wconf 69' lang='lat' dir='ltr'>comitantibus</span> <span class='ocrx_word' id='word_1_139' title='bbox 832 1320 903 1341; x_wconf 82' lang='lat' dir='ltr'>eam</span> <span class='ocrx_word' id='word_1_140' title='bbox 930 1309 1067 1348; x_wconf 64' lang='lat' dir='ltr'>‹lualmsj</span> <span class='ocrx_word' id='word_1_141' title='bbox 1083 1309 1122 1339; x_wconf 86' lang='lat' dir='ltr'>ad</span> <span class='ocrx_word' id='word_1_142' title='bbox 1141 1309 1201 1338; x_wconf 86' lang='lat' dir='ltr'>mi—</span> 
     </span>
     <span class='ocr_line' id='line_1_22' title="bbox 202 1363 1200 1403; baseline -0.007 -5"><span class='ocrx_word' id='word_1_143' title='bbox 202 1377 262 1398; x_wconf 81' lang='lat' dir='ltr'>nus</span> <span class='ocrx_word' id='word_1_144' title='bbox 282 1368 418 1397; x_wconf 84' lang='lat' dir='ltr'>maturis</span> <span class='ocrx_word' id='word_1_145' title='bbox 435 1370 464 1396; x_wconf 69' lang='lat' dir='ltr'>et</span> <span class='ocrx_word' id='word_1_146' title='bbox 483 1375 546 1396; x_wconf 74' lang='lat' dir='ltr'>non</span> <span class='ocrx_word' id='word_1_147' title='bbox 563 1366 726 1403; x_wconf 74' lang='lat' dir='ltr'>suspectis</span> <span class='ocrx_word' id='word_1_148' title='bbox 739 1364 920 1397; x_wconf 77' lang='lat' dir='ltr'>sororibus,</span> <span class='ocrx_word' id='word_1_149' title='bbox 937 1365 972 1393; x_wconf 90' lang='lat' dir='ltr'>ut</span> <span class='ocrx_word' id='word_1_150' title='bbox 988 1363 1123 1392; x_wconf 77' lang='lat' dir='ltr'>atuliant</span> <span class='ocrx_word' id='word_1_151' title='bbox 1139 1370 1200 1400; x_wconf 92' lang='lat' dir='ltr'>que</span> 
     </span>
     <span class='ocr_line' id='line_1_23' title="bbox 200 1415 1201 1456; baseline -0.007 -6"><span class='ocrx_word' id='word_1_152' title='bbox 200 1422 365 1454; x_wconf 71' lang='lat' dir='ltr'>«licuntur,</span> <span class='ocrx_word' id='word_1_153' title='bbox 380 1428 442 1449; x_wconf 86' lang='lat' dir='ltr'>nou</span> <span class='ocrx_word' id='word_1_154' title='bbox 456 1419 616 1456; x_wconf 58' lang='lat' dir='ltr'>eligendis</span> <span class='ocrx_word' id='word_1_155' title='bbox 630 1418 670 1448; x_wconf 85' lang='lat' dir='ltr'>ab</span> <span class='ocrx_word' id='word_1_156' title='bbox 684 1418 765 1456; x_wconf 83' lang='lat' dir='ltr'>ipsa,</span> <span class='ocrx_word' id='word_1_157' title='bbox 783 1417 841 1447; x_wconf 76' lang='lat' dir='ltr'>sed</span> <span class='ocrx_word' id='word_1_158' title='bbox 857 1416 896 1446; x_wconf 89' lang='lat' dir='ltr'>ab</span> <span class='ocrx_word' id='word_1_159' title='bbox 911 1416 1077 1445; x_wconf 71' lang='lat' dir='ltr'>abbatissa</span> <span class='ocrx_word' id='word_1_160' title='bbox 1091 1415 1201 1453; x_wconf 88' lang='lat' dir='ltr'>potius</span> 
     </span>
     <span class='ocr_line' id='line_1_24' title="bbox 199 1467 1198 1512; baseline -0.005 -11"><span class='ocrx_word' id='word_1_161' title='bbox 199 1473 410 1512; x_wconf 75' lang='lat' dir='ltr'>deputandis:</span> <span class='ocrx_word' id='word_1_162' title='bbox 425 1480 499 1501; x_wconf 77' lang='lat' dir='ltr'>cum</span> <span class='ocrx_word' id='word_1_163' title='bbox 513 1479 652 1510; x_wconf 74' lang='lat' dir='ltr'>persona</span> <span class='ocrx_word' id='word_1_164' title='bbox 665 1472 819 1499; x_wconf 76' lang='lat' dir='ltr'>extranea</span> <span class='ocrx_word' id='word_1_165' title='bbox 829 1469 869 1498; x_wconf 90' lang='lat' dir='ltr'>ad</span> <span class='ocrx_word' id='word_1_166' title='bbox 883 1468 1094 1508; x_wconf 87' lang='lat' dir='ltr'>parlatorium</span> <span class='ocrx_word' id='word_1_167' title='bbox 1109 1467 1198 1497; x_wconf 88' lang='lat' dir='ltr'>nullo</span> 
     </span>
    </p>
   </div>
   <div class='ocr_carea' id='block_1_5' title="bbox 896 280 1565 320">
    <p class='ocr_par' dir='ltr' id='par_1_5' title="bbox 896 280 1565 320">
     <span class='ocr_line' id='line_1_25' title="bbox 896 280 1565 320; baseline 0 0"><span class='ocrx_word' id='word_1_168' title='bbox 896 289 1144 320; x_wconf 65' lang='lat' dir='ltr'>imnis&#39;rnas</span> <span class='ocrx_word' id='word_1_169' title='bbox 1168 288 1226 318; x_wconf 83' lang='lat' dir='ltr'>DE</span> <span class='ocrx_word' id='word_1_170' title='bbox 1250 280 1481 318; x_wconf 72' lang='lat' dir='ltr'>GREGOIRE</span> <span class='ocrx_word' id='word_1_171' title='bbox 1504 288 1565 320; x_wconf 81' lang='lat' dir='ltr'>IX.</span> 
     </span>
    </p>
   </div>
   <div class='ocr_carea' id='block_1_6' title="bbox 200 1520 1231 1563">
    <p class='ocr_par' dir='ltr' id='par_1_6' title="bbox 200 1520 1231 1563">
     <span class='ocr_line' id='line_1_26' title="bbox 200 1520 1231 1563; baseline -0.007 -8"><span class='ocrx_word' id='word_1_172' title='bbox 200 1526 296 1555; x_wconf 76' lang='lat' dir='ltr'>modo</span> <span class='ocrx_word' id='word_1_173' title='bbox 315 1526 477 1563; x_wconf 74' lang='lat' dir='ltr'>loquatur,</span> <span class='ocrx_word' id='word_1_174' title='bbox 495 1524 559 1554; x_wconf 83' lang='lat' dir='ltr'>nisi</span> <span class='ocrx_word' id='word_1_175' title='bbox 571 1532 629 1562; x_wconf 92' lang='lat' dir='ltr'>pro</span> <span class='ocrx_word' id='word_1_176' title='bbox 645 1523 751 1553; x_wconf 90' lang='lat' dir='ltr'>salute</span> <span class='ocrx_word' id='word_1_177' title='bbox 767 1522 875 1552; x_wconf 86' lang='lat' dir='ltr'>anime</span> <span class='ocrx_word' id='word_1_178' title='bbox 891 1523 921 1551; x_wconf 87' lang='lat' dir='ltr'>et</span> <span class='ocrx_word' id='word_1_179' title='bbox 935 1530 1007 1551; x_wconf 87' lang='lat' dir='ltr'>cum</span> <span class='ocrx_word' id='word_1_180' title='bbox 1021 1520 1201 1559; x_wconf 70' lang='lat' dir='ltr'>presbitero</span> <span class='ocrx_word' id='word_1_181' title='bbox 1230 1539 1231 1544; x_wconf 63' lang='lat'>,</span> 
     </span>
    </p>
   </div>
   <div class='ocr_carea' id='block_1_7' title="bbox 200 1572 1201 1616">
    <p class='ocr_par' dir='ltr' id='par_1_7' title="bbox 200 1572 1201 1616">
     <span class='ocr_line' id='line_1_27' title="bbox 200 1572 1201 1616; baseline -0.007 -8"><span class='ocrx_word' id='word_1_182' title='bbox 200 1586 264 1608; x_wconf 93' lang='lat' dir='ltr'>non</span> <span class='ocrx_word' id='word_1_183' title='bbox 291 1580 453 1616; x_wconf 74' lang='lat' dir='ltr'>suspecto.</span> <span class='ocrx_word' id='word_1_184' title='bbox 479 1576 657 1606; x_wconf 60' lang='lat' dir='ltr'>Abbatissa</span> <span class='ocrx_word' id='word_1_185' title='bbox 674 1584 773 1605; x_wconf 87' lang='lat' dir='ltr'>unam</span> <span class='ocrx_word' id='word_1_186' title='bbox 792 1574 845 1604; x_wconf 77' lang='lat' dir='ltr'>vel</span> <span class='ocrx_word' id='word_1_187' title='bbox 872 1574 965 1608; x_wconf 79' lang='lat' dir='ltr'>duas,</span> <span class='ocrx_word' id='word_1_188' title='bbox 996 1573 1034 1602; x_wconf 89' lang='lat' dir='ltr'>de</span> <span class='ocrx_word' id='word_1_189' title='bbox 1061 1572 1201 1602; x_wconf 86' lang='lat' dir='ltr'>consilio</span> 
     </span>
    </p>
   </div>
   <div class='ocr_carea' id='block_1_8' title="bbox 199 1625 1231 1731">
    <p class='ocr_par' dir='ltr' id='par_1_8' title="bbox 199 1625 1231 1731">
     <span class='ocr_line' id='line_1_28' title="bbox 199 1625 1231 1667; baseline -0.006 -7"><span class='ocrx_word' id='word_1_190' title='bbox 199 1633 381 1660; x_wconf 74' lang='lat' dir='ltr'>conventus</span> <span class='ocrx_word' id='word_1_191' title='bbox 412 1630 463 1659; x_wconf 72' lang='lat' dir='ltr'>vel</span> <span class='ocrx_word' id='word_1_192' title='bbox 483 1629 617 1667; x_wconf 82' lang='lat' dir='ltr'>majoris</span> <span class='ocrx_word' id='word_1_193' title='bbox 637 1628 739 1666; x_wconf 88' lang='lat' dir='ltr'>partis</span> <span class='ocrx_word' id='word_1_194' title='bbox 757 1627 918 1665; x_wconf 82' lang='lat' dir='ltr'>ejtisdem,</span> <span class='ocrx_word' id='word_1_195' title='bbox 935 1626 1033 1663; x_wconf 79' lang='lat' dir='ltr'>eligat</span> <span class='ocrx_word' id='word_1_196' title='bbox 1049 1625 1153 1655; x_wconf 87' lang='lat' dir='ltr'>bonas</span> <span class='ocrx_word' id='word_1_197' title='bbox 1172 1626 1201 1654; x_wconf 90' lang='lat' dir='ltr'>et</span> <span class='ocrx_word' id='word_1_198' title='bbox 1230 1641 1231 1654; x_wconf 62' lang='grc' dir='ltr'><strong>ι</strong></span> 
     </span>
     <span class='ocr_line' id='line_1_29' title="bbox 200 1677 1231 1719; baseline -0.007 -7"><span class='ocrx_word' id='word_1_199' title='bbox 200 1683 335 1713; x_wconf 80' lang='lat' dir='ltr'>idoneas</span> <span class='ocrx_word' id='word_1_200' title='bbox 359 1682 530 1716; x_wconf 77' lang='lat' dir='ltr'>moniales,</span> <span class='ocrx_word' id='word_1_201' title='bbox 555 1690 618 1719; x_wconf 82' lang='lat' dir='ltr'>que</span> <span class='ocrx_word' id='word_1_202' title='bbox 639 1681 796 1718; x_wconf 79' lang='lat' dir='ltr'>recipiant</span> <span class='ocrx_word' id='word_1_203' title='bbox 819 1681 849 1709; x_wconf 90' lang='lat' dir='ltr'>et</span> <span class='ocrx_word' id='word_1_204' title='bbox 873 1679 1017 1708; x_wconf 73' lang='lat' dir='ltr'>scribant</span> <span class='ocrx_word' id='word_1_205' title='bbox 1034 1678 1082 1707; x_wconf 74' lang='lat' dir='ltr'>vel</span> <span class='ocrx_word' id='word_1_206' title='bbox 1101 1677 1202 1707; x_wconf 80' lang='lat' dir='ltr'>scribi</span> <span class='ocrx_word' id='word_1_207' title='bbox 1230 1684 1231 1689; x_wconf 61' lang='lat'>¹</span> 
     </span>
     <span class='ocr_line' id='line_1_30' title="bbox 1230 1720 1231 1731; baseline 0 0"><span class='ocrx_word' id='word_1_208' title='bbox 1230 1720 1231 1731; x_wconf 51' lang='grc'>1</span> 
     </span>
    </p>
   </div>
   <div class='ocr_carea' id='block_1_9' title="bbox 199 1731 1201 1773">
    <p class='ocr_par' dir='ltr' id='par_1_9' title="bbox 199 1731 1201 1773">
     <span class='ocr_line' id='line_1_31' title="bbox 199 1731 1201 1773; baseline -0.006 -8"><span class='ocrx_word' id='word_1_209' title='bbox 199 1736 316 1766; x_wconf 83' lang='lat' dir='ltr'>faciant</span> <span class='ocrx_word' id='word_1_210' title='bbox 333 1737 511 1773; x_wconf 76' lang='lat' dir='ltr'>proventus</span> <span class='ocrx_word' id='word_1_211' title='bbox 526 1736 555 1764; x_wconf 92' lang='lat' dir='ltr'>et</span> <span class='ocrx_word' id='word_1_212' title='bbox 573 1741 736 1771; x_wconf 76' lang='lat' dir='ltr'>expensas</span> <span class='ocrx_word' id='word_1_213' title='bbox 750 1731 953 1766; x_wconf 83' lang='lat' dir='ltr'>monasterii,</span> <span class='ocrx_word' id='word_1_214' title='bbox 972 1731 1137 1760; x_wconf 83' lang='lat' dir='ltr'>redditure</span> <span class='ocrx_word' id='word_1_215' title='bbox 1155 1739 1201 1759; x_wconf 88' lang='lat' dir='ltr'>ra-</span> 
     </span>
    </p>
   </div>
   <div class='ocr_carea' id='block_1_10' title="bbox 198 1783 1230 1826">
    <p class='ocr_par' dir='ltr' id='par_1_10' title="bbox 198 1783 1230 1826">
     <span class='ocr_line' id='line_1_32' title="bbox 198 1783 1230 1826; baseline -0.006 -9"><span class='ocrx_word' id='word_1_216' title='bbox 198 1789 321 1818; x_wconf 75' lang='lat' dir='ltr'>tionem</span> <span class='ocrx_word' id='word_1_217' title='bbox 334 1790 447 1826; x_wconf 86' lang='lat' dir='ltr'>quater</span> <span class='ocrx_word' id='word_1_218' title='bbox 464 1788 496 1816; x_wconf 89' lang='lat' dir='ltr'>in</span> <span class='ocrx_word' id='word_1_219' title='bbox 508 1795 605 1816; x_wconf 88' lang='lat' dir='ltr'>anno.</span> <span class='ocrx_word' id='word_1_220' title='bbox 621 1788 651 1816; x_wconf 93' lang='lat' dir='ltr'>et</span> <span class='ocrx_word' id='word_1_221' title='bbox 663 1786 799 1824; x_wconf 80' lang='lat' dir='ltr'>pluries,</span> <span class='ocrx_word' id='word_1_222' title='bbox 814 1785 841 1813; x_wconf 91' lang='lat' dir='ltr'>si</span> <span class='ocrx_word' id='word_1_223' title='bbox 856 1784 1020 1813; x_wconf 70' lang='lat' dir='ltr'>abbatisse</span> <span class='ocrx_word' id='word_1_224' title='bbox 1036 1783 1201 1812; x_wconf 85' lang='lat' dir='ltr'>videbitur</span> <span class='ocrx_word' id='word_1_225' title='bbox 1229 1792 1230 1801; x_wconf 59' lang='lat'>¹</span> 
     </span>
    </p>
   </div>
   <div class='ocr_carea' id='block_1_11' title="bbox 198 1836 1201 1879">
    <p class='ocr_par' dir='ltr' id='par_1_11' title="bbox 198 1836 1201 1879">
     <span class='ocr_line' id='line_1_33' title="bbox 198 1836 1201 1879; baseline -0.007 -8"><span class='ocrx_word' id='word_1_226' title='bbox 198 1841 362 1879; x_wconf 75' lang='lat' dir='ltr'>expedire.</span> <span class='ocrx_word' id='word_1_227' title='bbox 383 1842 551 1870; x_wconf 69' lang='lat' dir='ltr'>Statuatur</span> <span class='ocrx_word' id='word_1_228' title='bbox 566 1839 664 1868; x_wconf 78' lang='lat' dir='ltr'>etiam</span> <span class='ocrx_word' id='word_1_229' title='bbox 678 1840 764 1867; x_wconf 87' lang='lat' dir='ltr'>certa</span> <span class='ocrx_word' id='word_1_230' title='bbox 781 1837 851 1867; x_wconf 86' lang='lat' dir='ltr'>dies</span> <span class='ocrx_word' id='word_1_231' title='bbox 869 1837 901 1866; x_wconf 93' lang='lat' dir='ltr'>in</span> <span class='ocrx_word' id='word_1_232' title='bbox 918 1845 983 1874; x_wconf 89' lang='lat' dir='ltr'>qua</span> <span class='ocrx_word' id='word_1_233' title='bbox 998 1844 1114 1865; x_wconf 86' lang='lat' dir='ltr'>omnes</span> <span class='ocrx_word' id='word_1_234' title='bbox 1130 1836 1201 1865; x_wconf 86' lang='lat' dir='ltr'>osli-</span> 
     </span>
    </p>
   </div>
   <div class='ocr_carea' id='block_1_12' title="bbox 198 1888 1231 1926">
    <p class='ocr_par' dir='ltr' id='par_1_12' title="bbox 198 1888 1231 1926">
     <span class='ocr_line' id='line_1_34' title="bbox 198 1888 1231 1926; baseline -0.007 -3"><span class='ocrx_word' id='word_1_235' title='bbox 198 1894 299 1923; x_wconf 77' lang='lat' dir='ltr'>ciales</span> <span class='ocrx_word' id='word_1_236' title='bbox 320 1893 359 1921; x_wconf 63' lang='lat' dir='ltr'>de</span> <span class='ocrx_word' id='word_1_237' title='bbox 376 1890 731 1921; x_wconf 70' lang='lat' dir='ltr'>amministrationibus</span> <span class='ocrx_word' id='word_1_238' title='bbox 748 1889 819 1919; x_wconf 83' lang='lat' dir='ltr'>suis</span> <span class='ocrx_word' id='word_1_239' title='bbox 841 1889 873 1918; x_wconf 93' lang='lat' dir='ltr'>in</span> <span class='ocrx_word' id='word_1_240' title='bbox 891 1888 1022 1926; x_wconf 77' lang='lat' dir='ltr'>scriptis</span> <span class='ocrx_word' id='word_1_241' title='bbox 1042 1888 1202 1917; x_wconf 78' lang='lat' dir='ltr'>rationem</span> <span class='ocrx_word' id='word_1_242' title='bbox 1230 1893 1231 1925; x_wconf 52' lang='grc' dir='ltr'>ᾖ</span> 
     </span>
    </p>
   </div>
   <div class='ocr_carea' id='block_1_13' title="bbox 189 1941 1202 2878">
    <p class='ocr_par' dir='ltr' id='par_1_13' title="bbox 189 1941 1202 2878">
     <span class='ocr_line' id='line_1_35' title="bbox 198 1941 1201 1981; baseline -0.008 -5"><span class='ocrx_word' id='word_1_243' title='bbox 198 1946 384 1976; x_wconf 75' lang='lat' dir='ltr'>exhibeant.</span> <span class='ocrx_word' id='word_1_244' title='bbox 406 1942 784 1981; x_wconf 68' lang='lat' dir='ltr'>resignaturi,completo</span> <span class='ocrx_word' id='word_1_245' title='bbox 794 1941 1104 1971; x_wconf 76' lang='lat' dir='ltr'>amministrationis</span> <span class='ocrx_word' id='word_1_246' title='bbox 1122 1942 1201 1969; x_wconf 86' lang='lat' dir='ltr'>tem-</span> 
     </span>
     <span class='ocr_line' id='line_1_36' title="bbox 198 1993 1199 2037; baseline -0.006 -9"><span class='ocrx_word' id='word_1_247' title='bbox 198 2008 286 2037; x_wconf 87' lang='lat' dir='ltr'>pore,</span> <span class='ocrx_word' id='word_1_248' title='bbox 303 1999 402 2027; x_wconf 80' lang='lat' dir='ltr'>etiam</span> <span class='ocrx_word' id='word_1_249' title='bbox 420 2006 483 2026; x_wconf 87' lang='lat' dir='ltr'>non</span> <span class='ocrx_word' id='word_1_250' title='bbox 501 1996 664 2034; x_wconf 71' lang='lat' dir='ltr'>requisiti,</span> <span class='ocrx_word' id='word_1_251' title='bbox 684 1995 844 2027; x_wconf 83' lang='lat' dir='ltr'>absolute,</span> <span class='ocrx_word' id='word_1_252' title='bbox 867 1994 957 2023; x_wconf 87' lang='lat' dir='ltr'>omni</span> <span class='ocrx_word' id='word_1_253' title='bbox 976 1993 1199 2026; x_wconf 83' lang='lat' dir='ltr'>excusatione,</span> 
     </span>
     <span class='ocr_line' id='line_1_37' title="bbox 198 2046 1201 2081; baseline -0.007 0"><span class='ocrx_word' id='word_1_254' title='bbox 198 2051 352 2081; x_wconf 77' lang='lat' dir='ltr'>dilatione</span> <span class='ocrx_word' id='word_1_255' title='bbox 376 2060 412 2080; x_wconf 78' lang='lat' dir='ltr'>ac</span> <span class='ocrx_word' id='word_1_256' title='bbox 439 2049 694 2079; x_wconf 74' lang='lat' dir='ltr'>contradiction·¹</span> <span class='ocrx_word' id='word_1_257' title='bbox 721 2047 866 2078; x_wconf 83' lang='lat' dir='ltr'>remotis,</span> <span class='ocrx_word' id='word_1_258' title='bbox 884 2046 1201 2075; x_wconf 80' lang='lat' dir='ltr'>ammiuistrationes</span> 
     </span>
     <span class='ocr_line' id='line_1_38' title="bbox 198 2097 1202 2137; baseline -0.007 -4"><span class='ocrx_word' id='word_1_259' title='bbox 198 2112 275 2133; x_wconf 73' lang='lat' dir='ltr'>suas.</span> <span class='ocrx_word' id='word_1_260' title='bbox 289 2104 319 2133; x_wconf 89' lang='lat' dir='ltr'>in</span> <span class='ocrx_word' id='word_1_261' title='bbox 334 2102 487 2132; x_wconf 75' lang='lat' dir='ltr'>manibus</span> <span class='ocrx_word' id='word_1_262' title='bbox 497 2101 674 2134; x_wconf 70' lang='lat' dir='ltr'>abbatisse,</span> <span class='ocrx_word' id='word_1_263' title='bbox 688 2100 787 2130; x_wconf 80' lang='lat' dir='ltr'>nichil</span> <span class='ocrx_word' id='word_1_264' title='bbox 801 2099 979 2137; x_wconf 78' lang='lat' dir='ltr'>penitusde</span> <span class='ocrx_word' id='word_1_265' title='bbox 992 2098 1074 2137; x_wconf 85' lang='lat' dir='ltr'>ipsis</span> <span class='ocrx_word' id='word_1_266' title='bbox 1089 2097 1202 2127; x_wconf 85' lang='lat' dir='ltr'>ammi-</span> 
     </span>
     <span class='ocr_line' id='line_1_39' title="bbox 197 2152 1200 2189; baseline -0.007 -3"><span class='ocrx_word' id='word_1_267' title='bbox 197 2156 448 2186; x_wconf 83' lang='lat' dir='ltr'>nistratiouibus</span> <span class='ocrx_word' id='word_1_268' title='bbox 466 2154 646 2184; x_wconf 81' lang='lat' dir='ltr'>retinendo.</span> <span class='ocrx_word' id='word_1_269' title='bbox 666 2152 828 2183; x_wconf 85' lang='lat' dir='ltr'>Officialis</span> <span class='ocrx_word' id='word_1_270' title='bbox 850 2153 971 2185; x_wconf 75' lang='lat' dir='ltr'>aut-om,</span> <span class='ocrx_word' id='word_1_271' title='bbox 993 2159 1200 2189; x_wconf 85' lang='lat' dir='ltr'>quocumque</span> 
     </span>
     <span class='ocr_line' id='line_1_40' title="bbox 197 2203 1198 2244; baseline -0.007 -5"><span class='ocrx_word' id='word_1_272' title='bbox 197 2209 329 2238; x_wconf 76' lang='lat' dir='ltr'>nomine</span> <span class='ocrx_word' id='word_1_273' title='bbox 354 2209 537 2240; x_wconf 73' lang='lat' dir='ltr'>censeatur,</span> <span class='ocrx_word' id='word_1_274' title='bbox 556 2206 611 2244; x_wconf 91' lang='lat' dir='ltr'>qui</span> <span class='ocrx_word' id='word_1_275' title='bbox 636 2207 783 2243; x_wconf 85' lang='lat' dir='ltr'>repertus</span> <span class='ocrx_word' id='word_1_276' title='bbox 801 2204 897 2234; x_wconf 84' lang='lat' dir='ltr'>suerit</span> <span class='ocrx_word' id='word_1_277' title='bbox 916 2203 1198 2242; x_wconf 81' lang='lat' dir='ltr'>reprehensibilis,</span> 
     </span>
     <span class='ocr_line' id='line_1_41' title="bbox 196 2256 1198 2294; baseline -0.006 -3"><span class='ocrx_word' id='word_1_278' title='bbox 196 2263 388 2291; x_wconf 77' lang='lat' dir='ltr'>amoveatur</span> <span class='ocrx_word' id='word_1_279' title='bbox 403 2260 442 2289; x_wconf 85' lang='lat' dir='ltr'>ab</span> <span class='ocrx_word' id='word_1_280' title='bbox 460 2257 768 2292; x_wconf 80' lang='lat' dir='ltr'>:nuministratione‚</span> <span class='ocrx_word' id='word_1_281' title='bbox 788 2257 828 2290; x_wconf 85' lang='lat' dir='ltr'>si,</span> <span class='ocrx_word' id='word_1_282' title='bbox 846 2258 1012 2286; x_wconf 85' lang='lat' dir='ltr'>correctus</span> <span class='ocrx_word' id='word_1_283' title='bbox 1029 2265 1087 2294; x_wconf 88' lang='lat' dir='ltr'>per</span> <span class='ocrx_word' id='word_1_284' title='bbox 1102 2256 1198 2285; x_wconf 86' lang='lat' dir='ltr'>abba-</span> 
     </span>
     <span class='ocr_line' id='line_1_42' title="bbox 195 2308 1199 2346; baseline -0.006 -3"><span class='ocrx_word' id='word_1_285' title='bbox 195 2315 322 2344; x_wconf 79' lang='lat' dir='ltr'>tissam.</span> <span class='ocrx_word' id='word_1_286' title='bbox 347 2322 380 2342; x_wconf 66' lang='lat' dir='ltr'>se</span> <span class='ocrx_word' id='word_1_287' title='bbox 400 2321 464 2342; x_wconf 90' lang='lat' dir='ltr'>non</span> <span class='ocrx_word' id='word_1_288' title='bbox 483 2311 646 2341; x_wconf 77' lang='lat' dir='ltr'>curaverit</span> <span class='ocrx_word' id='word_1_289' title='bbox 669 2310 854 2344; x_wconf 79' lang='lat' dir='ltr'>emendare,</span> <span class='ocrx_word' id='word_1_290' title='bbox 879 2318 915 2339; x_wconf 86' lang='lat' dir='ltr'>ac</span> <span class='ocrx_word' id='word_1_291' title='bbox 940 2309 973 2338; x_wconf 89' lang='lat' dir='ltr'>in</span> <span class='ocrx_word' id='word_1_292' title='bbox 996 2308 1102 2338; x_wconf 89' lang='lat' dir='ltr'>locum</span> <span class='ocrx_word' id='word_1_293' title='bbox 1128 2308 1199 2346; x_wconf 86' lang='lat' dir='ltr'>ejus</span> 
     </span>
     <span class='ocr_line' id='line_1_43' title="bbox 195 2361 1198 2403; baseline -0.006 -7"><span class='ocrx_word' id='word_1_294' title='bbox 195 2367 282 2397; x_wconf 86' lang='lat' dir='ltr'>alius</span> <span class='ocrx_word' id='word_1_295' title='bbox 296 2366 501 2403; x_wconf 61' lang='lat' dir='ltr'>subrogetur.</span> <span class='ocrx_word' id='word_1_296' title='bbox 517 2363 693 2393; x_wconf 74' lang='lat' dir='ltr'>Abbatissa</span> <span class='ocrx_word' id='word_1_297' title='bbox 705 2362 831 2391; x_wconf 84' lang='lat' dir='ltr'>millam</span> <span class='ocrx_word' id='word_1_298' title='bbox 843 2370 899 2400; x_wconf 89' lang='lat' dir='ltr'>per</span> <span class='ocrx_word' id='word_1_299' title='bbox 911 2370 945 2391; x_wconf 87' lang='lat' dir='ltr'>se</span> <span class='ocrx_word' id='word_1_300' title='bbox 961 2361 1011 2390; x_wconf 83' lang='lat' dir='ltr'>vel</span> <span class='ocrx_word' id='word_1_301' title='bbox 1023 2370 1081 2400; x_wconf 89' lang='lat' dir='ltr'>per</span> <span class='ocrx_word' id='word_1_302' title='bbox 1095 2361 1198 2390; x_wconf 88' lang='lat' dir='ltr'>alium</span> 
     </span>
     <span class='ocr_line' id='line_1_44' title="bbox 195 2413 1197 2453; baseline -0.007 -4"><span class='ocrx_word' id='word_1_303' title='bbox 195 2419 425 2449; x_wconf 78' lang='lat' dir='ltr'>investituram</span> <span class='ocrx_word' id='word_1_304' title='bbox 451 2417 558 2449; x_wconf 81' lang='lat' dir='ltr'>saciat,</span> <span class='ocrx_word' id='word_1_305' title='bbox 577 2417 605 2445; x_wconf 92' lang='lat' dir='ltr'>et</span> <span class='ocrx_word' id='word_1_306' title='bbox 625 2415 811 2453; x_wconf 82' lang='lat' dir='ltr'>specialiter</span> <span class='ocrx_word' id='word_1_307' title='bbox 832 2414 872 2443; x_wconf 88' lang='lat' dir='ltr'>de</span> <span class='ocrx_word' id='word_1_308' title='bbox 890 2413 1001 2451; x_wconf 88' lang='lat' dir='ltr'>aliqua</span> <span class='ocrx_word' id='word_1_309' title='bbox 1025 2413 1197 2450; x_wconf 63' lang='lat' dir='ltr'>gastaldia,</span> 
     </span>
     <span class='ocr_line' id='line_1_45' title="bbox 195 2466 1198 2507; baseline -0.007 -5"><span class='ocrx_word' id='word_1_310' title='bbox 195 2472 265 2502; x_wconf 84' lang='lat' dir='ltr'>sine</span> <span class='ocrx_word' id='word_1_311' title='bbox 288 2479 450 2501; x_wconf 70' lang='lat' dir='ltr'>consensu</span> <span class='ocrx_word' id='word_1_312' title='bbox 487 2468 622 2507; x_wconf 88' lang='lat' dir='ltr'>capituli</span> <span class='ocrx_word' id='word_1_313' title='bbox 646 2467 698 2497; x_wconf 73' lang='lat' dir='ltr'>vel</span> <span class='ocrx_word' id='word_1_314' title='bbox 721 2466 855 2504; x_wconf 87' lang='lat' dir='ltr'>majoris</span> <span class='ocrx_word' id='word_1_315' title='bbox 878 2466 982 2504; x_wconf 82' lang='lat' dir='ltr'>partis</span> <span class='ocrx_word' id='word_1_316' title='bbox 1000 2468 1031 2495; x_wconf 89' lang='lat' dir='ltr'>et</span> <span class='ocrx_word' id='word_1_317' title='bbox 1056 2466 1198 2495; x_wconf 84' lang='lat' dir='ltr'>sanioris</span> 
     </span>
     <span class='ocr_line' id='line_1_46' title="bbox 194 2517 1197 2563; baseline -0.007 -9"><span class='ocrx_word' id='word_1_318' title='bbox 194 2525 311 2563; x_wconf 86' lang='lat' dir='ltr'>ipsius,</span> <span class='ocrx_word' id='word_1_319' title='bbox 326 2525 356 2553; x_wconf 76' lang='lat' dir='ltr'>et</span> <span class='ocrx_word' id='word_1_320' title='bbox 373 2531 445 2552; x_wconf 88' lang='lat' dir='ltr'>cum</span> <span class='ocrx_word' id='word_1_321' title='bbox 461 2522 558 2551; x_wconf 86' lang='lat' dir='ltr'>etiam</span> <span class='ocrx_word' id='word_1_322' title='bbox 577 2520 635 2550; x_wconf 88' lang='lat' dir='ltr'>hoc</span> <span class='ocrx_word' id='word_1_323' title='bbox 652 2520 691 2549; x_wconf 89' lang='lat' dir='ltr'>de</span> <span class='ocrx_word' id='word_1_324' title='bbox 706 2518 846 2548; x_wconf 84' lang='lat' dir='ltr'>consilio</span> <span class='ocrx_word' id='word_1_325' title='bbox 861 2518 985 2553; x_wconf 85' lang='lat' dir='ltr'>fecerit,</span> <span class='ocrx_word' id='word_1_326' title='bbox 1002 2517 1089 2547; x_wconf 84' lang='lat' dir='ltr'>infra</span> <span class='ocrx_word' id='word_1_327' title='bbox 1104 2518 1197 2555; x_wconf 87' lang='lat' dir='ltr'>quin-</span> 
     </span>
     <span class='ocr_line' id='line_1_47' title="bbox 192 2570 1197 2612; baseline -0.006 -6"><span class='ocrx_word' id='word_1_328' title='bbox 192 2576 297 2606; x_wconf 85' lang='lat' dir='ltr'>decim</span> <span class='ocrx_word' id='word_1_329' title='bbox 313 2576 396 2608; x_wconf 86' lang='lat' dir='ltr'>dies,</span> <span class='ocrx_word' id='word_1_330' title='bbox 413 2582 511 2612; x_wconf 85' lang='lat' dir='ltr'>quem</span> <span class='ocrx_word' id='word_1_331' title='bbox 526 2574 557 2602; x_wconf 89' lang='lat' dir='ltr'>et</span> <span class='ocrx_word' id='word_1_332' title='bbox 571 2572 610 2602; x_wconf 90' lang='lat' dir='ltr'>de</span> <span class='ocrx_word' id='word_1_333' title='bbox 626 2580 690 2610; x_wconf 91' lang='lat' dir='ltr'>quo</span> <span class='ocrx_word' id='word_1_334' title='bbox 707 2570 901 2603; x_wconf 86' lang='lat' dir='ltr'>investierit,</span> <span class='ocrx_word' id='word_1_335' title='bbox 919 2572 948 2600; x_wconf 88' lang='lat' dir='ltr'>et</span> <span class='ocrx_word' id='word_1_336' title='bbox 968 2570 1049 2608; x_wconf 87' lang='lat' dir='ltr'>quid</span> <span class='ocrx_word' id='word_1_337' title='bbox 1064 2571 1197 2608; x_wconf 88' lang='lat' dir='ltr'>propter</span> 
     </span>
     <span class='ocr_line' id='line_1_48' title="bbox 190 2622 1195 2666; baseline -0.007 -7"><span class='ocrx_word' id='word_1_338' title='bbox 190 2628 250 2658; x_wconf 90' lang='lat' dir='ltr'>hoc</span> <span class='ocrx_word' id='word_1_339' title='bbox 268 2627 435 2666; x_wconf 84' lang='lat' dir='ltr'>receperit,</span> <span class='ocrx_word' id='word_1_340' title='bbox 458 2626 565 2656; x_wconf 84' lang='lat' dir='ltr'>dicere</span> <span class='ocrx_word' id='word_1_341' title='bbox 582 2625 616 2654; x_wconf 92' lang='lat' dir='ltr'>in</span> <span class='ocrx_word' id='word_1_342' title='bbox 636 2623 780 2662; x_wconf 87' lang='lat' dir='ltr'>capitulo</span> <span class='ocrx_word' id='word_1_343' title='bbox 796 2624 956 2653; x_wconf 85' lang='lat' dir='ltr'>teneatur.</span> <span class='ocrx_word' id='word_1_344' title='bbox 979 2622 1058 2657; x_wconf 82' lang='lat' dir='ltr'>Sex,</span> <span class='ocrx_word' id='word_1_345' title='bbox 1082 2622 1144 2655; x_wconf 90' lang='lat' dir='ltr'>vel,</span> <span class='ocrx_word' id='word_1_346' title='bbox 1167 2622 1195 2652; x_wconf 82' lang='lat' dir='ltr'>si</span> 
     </span>
     <span class='ocr_line' id='line_1_49' title="bbox 191 2675 1193 2720; baseline -0.009 -7"><span class='ocrx_word' id='word_1_347' title='bbox 191 2683 344 2720; x_wconf 77' lang='lat' dir='ltr'>expedire</span> <span class='ocrx_word' id='word_1_348' title='bbox 357 2681 512 2715; x_wconf 81' lang='lat' dir='ltr'>viderint,</span> <span class='ocrx_word' id='word_1_349' title='bbox 523 2680 593 2709; x_wconf 90' lang='lat' dir='ltr'>octo</span> <span class='ocrx_word' id='word_1_350' title='bbox 605 2677 786 2708; x_wconf 75' lang='lat' dir='ltr'>servientes</span> <span class='ocrx_word' id='word_1_351' title='bbox 798 2676 937 2706; x_wconf 83' lang='lat' dir='ltr'>habeant</span> <span class='ocrx_word' id='word_1_352' title='bbox 950 2677 981 2705; x_wconf 90' lang='lat' dir='ltr'>et</span> <span class='ocrx_word' id='word_1_353' title='bbox 994 2684 1057 2705; x_wconf 89' lang='lat' dir='ltr'>non</span> <span class='ocrx_word' id='word_1_354' title='bbox 1070 2675 1193 2713; x_wconf 87' lang='lat' dir='ltr'>plures,</span> 
     </span>
     <span class='ocr_line' id='line_1_50' title="bbox 190 2727 1195 2773; baseline -0.009 -8"><span class='ocrx_word' id='word_1_355' title='bbox 190 2735 255 2765; x_wconf 81' lang='lat' dir='ltr'>uisi</span> <span class='ocrx_word' id='word_1_356' title='bbox 274 2743 332 2773; x_wconf 92' lang='lat' dir='ltr'>pro</span> <span class='ocrx_word' id='word_1_357' title='bbox 355 2732 498 2764; x_wconf 83' lang='lat' dir='ltr'>infirmis</span> <span class='ocrx_word' id='word_1_358' title='bbox 518 2732 676 2770; x_wconf 88' lang='lat' dir='ltr'>majorem</span> <span class='ocrx_word' id='word_1_359' title='bbox 696 2737 870 2759; x_wconf 84' lang='lat' dir='ltr'>numerum</span> <span class='ocrx_word' id='word_1_360' title='bbox 891 2727 1059 2758; x_wconf 78' lang='lat' dir='ltr'>abbatissa</span> <span class='ocrx_word' id='word_1_361' title='bbox 1075 2727 1195 2757; x_wconf 85' lang='lat' dir='ltr'>viderit</span> 
     </span>
     <span class='ocr_line' id='line_1_51' title="bbox 189 2779 1192 2826; baseline -0.008 -9"><span class='ocrx_word' id='word_1_362' title='bbox 189 2789 399 2826; x_wconf 88' lang='lat' dir='ltr'>oportunum,</span> <span class='ocrx_word' id='word_1_363' title='bbox 423 2794 485 2824; x_wconf 86' lang='lat' dir='ltr'>que</span> <span class='ocrx_word' id='word_1_364' title='bbox 515 2784 665 2814; x_wconf 88' lang='lat' dir='ltr'>omnium</span> <span class='ocrx_word' id='word_1_365' title='bbox 697 2782 763 2812; x_wconf 88' lang='lat' dir='ltr'>sint</span> <span class='ocrx_word' id='word_1_366' title='bbox 780 2789 984 2814; x_wconf 82' lang='lat' dir='ltr'>communeS‚</span> <span class='ocrx_word' id='word_1_367' title='bbox 1003 2780 1086 2810; x_wconf 91' lang='lat' dir='ltr'>bone</span> <span class='ocrx_word' id='word_1_368' title='bbox 1106 2779 1192 2810; x_wconf 89' lang='lat' dir='ltr'>fame</span> 
     </span>
     <span class='ocr_line' id='line_1_52' title="bbox 190 2832 1189 2878; baseline -0.009 -9"><span class='ocrx_word' id='word_1_369' title='bbox 190 2841 221 2870; x_wconf 87' lang='lat' dir='ltr'>et</span> <span class='ocrx_word' id='word_1_370' title='bbox 246 2838 412 2878; x_wconf 80' lang='lat' dir='ltr'>opinionis</span> <span class='ocrx_word' id='word_1_371' title='bbox 443 2838 591 2870; x_wconf 78' lang='lat' dir='ltr'>honeste,</span> <span class='ocrx_word' id='word_1_372' title='bbox 620 2836 729 2865; x_wconf 91' lang='lat' dir='ltr'>virum</span> <span class='ocrx_word' id='word_1_373' title='bbox 756 2834 900 2872; x_wconf 83' lang='lat' dir='ltr'>aliquem</span> <span class='ocrx_word' id='word_1_374' title='bbox 927 2841 992 2863; x_wconf 90' lang='lat' dir='ltr'>non</span> <span class='ocrx_word' id='word_1_375' title='bbox 1018 2832 1189 2867; x_wconf 82' lang='lat' dir='ltr'>habentes,</span> 
     </span>
    </p>
   </div>
   <div class='ocr_carea' id='block_1_14' title="bbox 223 2941 679 2973">
    <p class='ocr_par' dir='ltr' id='par_1_14' title="bbox 223 2941 679 2973">
     <span class='ocr_line' id='line_1_53' title="bbox 223 2941 679 2973; baseline -0.011 -6"><span class='ocrx_word' id='word_1_376' title='bbox 223 2946 243 2967; x_wconf 79' lang='lat'>¹.</span> <span class='ocrx_word' id='word_1_377' title='bbox 267 2943 403 2967; x_wconf 57' lang='lat' dir='ltr'>rent-erre</span> <span class='ocrx_word' id='word_1_378' title='bbox 419 2948 488 2973; x_wconf 87' lang='lat' dir='ltr'>pour</span> <span class='ocrx_word' id='word_1_379' title='bbox 499 2941 679 2972; x_wconf 66' lang='lat' dir='ltr'>permittatur.</span> 
     </span>
    </p>
   </div>
   <div class='ocr_carea' id='block_1_15' title="bbox 2207 290 2282 323">
    <p class='ocr_par' dir='ltr' id='par_1_15' title="bbox 2207 290 2282 323">
     <span class='ocr_line' id='line_1_54' title="bbox 2207 290 2282 323; baseline 0.013 -1"><span class='ocrx_word' id='word_1_380' title='bbox 2207 290 2282 323; x_wconf 55' lang='lat'>196?</span> 
     </span>
    </p>
   </div>
   <div class='ocr_carea' id='block_1_16' title="bbox 1261 367 2277 1714">
    <p class='ocr_par' dir='ltr' id='par_1_16' title="bbox 1261 367 2277 1714">
     <span class='ocr_line' id='line_1_55' title="bbox 1262 367 2262 405; baseline 0.006 -9"><span class='ocrx_word' id='word_1_381' title='bbox 1262 367 1393 405; x_wconf 79' lang='lat' dir='ltr'>viteque</span> <span class='ocrx_word' id='word_1_382' title='bbox 1411 369 1596 398; x_wconf 84' lang='lat' dir='ltr'>necessaria</span> <span class='ocrx_word' id='word_1_383' title='bbox 1619 369 1759 400; x_wconf 83' lang='lat' dir='ltr'>habeant</span> <span class='ocrx_word' id='word_1_384' title='bbox 1781 371 1820 401; x_wconf 88' lang='lat' dir='ltr'>de</span> <span class='ocrx_word' id='word_1_385' title='bbox 1844 372 2023 405; x_wconf 76' lang='lat' dir='ltr'>communi,</span> <span class='ocrx_word' id='word_1_386' title='bbox 2045 373 2076 402; x_wconf 90' lang='lat' dir='ltr'>et</span> <span class='ocrx_word' id='word_1_387' title='bbox 2099 372 2132 402; x_wconf 89' lang='grc'>111</span> <span class='ocrx_word' id='word_1_388' title='bbox 2153 374 2262 403; x_wconf 86' lang='lat' dir='ltr'>vestra</span> 
     </span>
     <span class='ocr_line' id='line_1_56' title="bbox 1262 419 2263 464; baseline 0.007 -17"><span class='ocrx_word' id='word_1_389' title='bbox 1262 419 1358 448; x_wconf 79' lang='lat' dir='ltr'>domo</span> <span class='ocrx_word' id='word_1_390' title='bbox 1372 419 1470 449; x_wconf 84' lang='lat' dir='ltr'>simul</span> <span class='ocrx_word' id='word_1_391' title='bbox 1480 420 1655 455; x_wconf 83' lang='lat' dir='ltr'>dormiant,</span> <span class='ocrx_word' id='word_1_392' title='bbox 1668 422 1733 452; x_wconf 85' lang='lat' dir='ltr'>nisi</span> <span class='ocrx_word' id='word_1_393' title='bbox 1744 424 1929 454; x_wconf 79' lang='lat' dir='ltr'>necessaria</span> <span class='ocrx_word' id='word_1_394' title='bbox 1944 433 2041 454; x_wconf 87' lang='lat' dir='ltr'>causa</span> <span class='ocrx_word' id='word_1_395' title='bbox 2053 424 2142 454; x_wconf 85' lang='lat' dir='ltr'>aliud</span> <span class='ocrx_word' id='word_1_396' title='bbox 2154 425 2263 464; x_wconf 79' lang='lat' dir='ltr'>exigat</span> 
     </span>
     <span class='ocr_line' id='line_1_57' title="bbox 1262 471 2264 516; baseline 0.007 -16"><span class='ocrx_word' id='word_1_397' title='bbox 1262 471 1301 500; x_wconf 88' lang='lat' dir='ltr'>de</span> <span class='ocrx_word' id='word_1_398' title='bbox 1313 471 1424 509; x_wconf 86' lang='lat' dir='ltr'>aliqua</span> <span class='ocrx_word' id='word_1_399' title='bbox 1440 471 1641 509; x_wconf 78' lang='lat' dir='ltr'>facieudum;</span> <span class='ocrx_word' id='word_1_400' title='bbox 1658 474 1813 513; x_wconf 86' lang='lat' dir='ltr'>nullaque</span> <span class='ocrx_word' id='word_1_401' title='bbox 1829 475 1975 515; x_wconf 87' lang='lat' dir='ltr'>ipsarum</span> <span class='ocrx_word' id='word_1_402' title='bbox 1990 477 2117 507; x_wconf 87' lang='lat' dir='ltr'>dicatur</span> <span class='ocrx_word' id='word_1_403' title='bbox 2132 477 2264 516; x_wconf 82' lang='lat' dir='ltr'>propria</span> 
     </span>
     <span class='ocr_line' id='line_1_58' title="bbox 1262 524 2262 568; baseline 0.006 -16"><span class='ocrx_word' id='word_1_404' title='bbox 1262 524 1412 553; x_wconf 76' lang='lat' dir='ltr'>servieus</span> <span class='ocrx_word' id='word_1_405' title='bbox 1432 524 1582 563; x_wconf 84' lang='lat' dir='ltr'>alicujus,</span> <span class='ocrx_word' id='word_1_406' title='bbox 1606 534 1664 555; x_wconf 85' lang='lat' dir='ltr'>nec</span> <span class='ocrx_word' id='word_1_407' title='bbox 1683 535 1742 565; x_wconf 92' lang='lat' dir='ltr'>pro</span> <span class='ocrx_word' id='word_1_408' title='bbox 1759 527 1869 566; x_wconf 85' lang='lat' dir='ltr'>aliqua</span> <span class='ocrx_word' id='word_1_409' title='bbox 1889 529 2026 559; x_wconf 88' lang='lat' dir='ltr'>moniali</span> <span class='ocrx_word' id='word_1_410' title='bbox 2044 530 2083 560; x_wconf 86' lang='lat' dir='ltr'>ad</span> <span class='ocrx_word' id='word_1_411' title='bbox 2107 530 2262 568; x_wconf 85' lang='lat' dir='ltr'>aliquem,</span> 
     </span>
     <span class='ocr_line' id='line_1_59' title="bbox 1264 577 2263 616; baseline 0.006 -10"><span class='ocrx_word' id='word_1_412' title='bbox 1264 585 1320 606; x_wconf 72' lang='grc'>1101·</span> <span class='ocrx_word' id='word_1_413' title='bbox 1337 577 1376 606; x_wconf 87' lang='lat' dir='ltr'>ad</span> <span class='ocrx_word' id='word_1_414' title='bbox 1391 577 1495 614; x_wconf 82' lang='lat' dir='ltr'>ipsam</span> <span class='ocrx_word' id='word_1_415' title='bbox 1511 586 1569 615; x_wconf 89' lang='lat' dir='ltr'>pro</span> <span class='ocrx_word' id='word_1_416' title='bbox 1585 577 1660 607; x_wconf 87' lang='lat' dir='ltr'>aliis</span> <span class='ocrx_word' id='word_1_417' title='bbox 1674 579 1825 609; x_wconf 87' lang='lat' dir='ltr'>nuntium</span> <span class='ocrx_word' id='word_1_418' title='bbox 1841 582 1897 610; x_wconf 86' lang='lat' dir='ltr'>aut</span> <span class='ocrx_word' id='word_1_419' title='bbox 1908 581 2033 611; x_wconf 77' lang='lat' dir='ltr'>litteras</span> <span class='ocrx_word' id='word_1_420' title='bbox 2048 582 2184 616; x_wconf 85' lang='lat' dir='ltr'>deferat,</span> <span class='ocrx_word' id='word_1_421' title='bbox 2199 581 2263 611; x_wconf 87' lang='lat' dir='ltr'>nisi</span> 
     </span>
     <span class='ocr_line' id='line_1_60' title="bbox 1262 629 2277 670; baseline 0.008 -13"><span class='ocrx_word' id='word_1_422' title='bbox 1262 629 1322 658; x_wconf 88' lang='lat' dir='ltr'>hoc</span> <span class='ocrx_word' id='word_1_423' title='bbox 1351 629 1442 667; x_wconf 79' lang='lat' dir='ltr'>prius</span> <span class='ocrx_word' id='word_1_424' title='bbox 1472 629 1672 660; x_wconf 81' lang='lat' dir='ltr'>nuntiaverit</span> <span class='ocrx_word' id='word_1_425' title='bbox 1697 631 1877 668; x_wconf 84' lang='lat' dir='ltr'>abbatisse;</span> <span class='ocrx_word' id='word_1_426' title='bbox 1903 634 1934 662; x_wconf 90' lang='lat' dir='ltr'>et</span> <span class='ocrx_word' id='word_1_427' title='bbox 1958 633 1986 663; x_wconf 88' lang='lat' dir='ltr'>si</span> <span class='ocrx_word' id='word_1_428' title='bbox 1997 635 2108 664; x_wconf 83' lang='lat' dir='ltr'>contra</span> <span class='ocrx_word' id='word_1_429' title='bbox 2139 634 2277 670; x_wconf 54' lang='lat' dir='ltr'>fecerit,</span> 
     </span>
     <span class='ocr_line' id='line_1_61' title="bbox 1262 681 2265 722; baseline 0.007 -12"><span class='ocrx_word' id='word_1_430' title='bbox 1262 681 1455 719; x_wconf 78' lang='lat' dir='ltr'>expellatur.</span> <span class='ocrx_word' id='word_1_431' title='bbox 1474 681 1588 719; x_wconf 83' lang='lat' dir='ltr'>Neque</span> <span class='ocrx_word' id='word_1_432' title='bbox 1611 683 1765 712; x_wconf 88' lang='lat' dir='ltr'>monialis</span> <span class='ocrx_word' id='word_1_433' title='bbox 1783 692 1887 722; x_wconf 84' lang='lat' dir='ltr'>neque</span> <span class='ocrx_word' id='word_1_434' title='bbox 1905 685 2054 715; x_wconf 87' lang='lat' dir='ltr'>serviens</span> <span class='ocrx_word' id='word_1_435' title='bbox 2070 686 2187 717; x_wconf 78' lang='lat' dir='ltr'>habeat</span> <span class='ocrx_word' id='word_1_436' title='bbox 2209 686 2265 716; x_wconf 84' lang='lat' dir='ltr'>ali-</span> 
     </span>
     <span class='ocr_line' id='line_1_62' title="bbox 1262 735 2264 773; baseline 0.007 -10"><span class='ocrx_word' id='word_1_437' title='bbox 1262 735 1349 773; x_wconf 82' lang='lat' dir='ltr'>quod</span> <span class='ocrx_word' id='word_1_438' title='bbox 1366 735 1530 765; x_wconf 84' lang='lat' dir='ltr'>serineum</span> <span class='ocrx_word' id='word_1_439' title='bbox 1549 735 1599 764; x_wconf 81' lang='lat' dir='ltr'>vel</span> <span class='ocrx_word' id='word_1_440' title='bbox 1616 735 1773 770; x_wconf 88' lang='lat' dir='ltr'>loculum,</span> <span class='ocrx_word' id='word_1_441' title='bbox 1791 737 1855 766; x_wconf 83' lang='lat' dir='ltr'>nisi</span> <span class='ocrx_word' id='word_1_442' title='bbox 1874 737 2026 768; x_wconf 81' lang='lat' dir='ltr'>officialis</span> <span class='ocrx_word' id='word_1_443' title='bbox 2043 739 2161 770; x_wconf 83' lang='lat' dir='ltr'>(lomus</span> <span class='ocrx_word' id='word_1_444' title='bbox 2177 739 2264 770; x_wconf 88' lang='lat' dir='ltr'>exis—</span> 
     </span>
     <span class='ocr_line' id='line_1_63' title="bbox 1262 788 2263 828; baseline 0.005 -11"><span class='ocrx_word' id='word_1_445' title='bbox 1262 789 1318 822; x_wconf 88' lang='lat' dir='ltr'>tat,</span> <span class='ocrx_word' id='word_1_446' title='bbox 1337 788 1388 816; x_wconf 74' lang='lat' dir='ltr'>rui</span> <span class='ocrx_word' id='word_1_447' title='bbox 1408 796 1465 825; x_wconf 88' lang='lat' dir='ltr'>pro</span> <span class='ocrx_word' id='word_1_448' title='bbox 1484 788 1622 817; x_wconf 83' lang='lat' dir='ltr'>utilitate</span> <span class='ocrx_word' id='word_1_449' title='bbox 1641 789 1807 818; x_wconf 85' lang='lat' dir='ltr'>communi</span> <span class='ocrx_word' id='word_1_450' title='bbox 1829 789 1887 819; x_wconf 85' lang='lat' dir='ltr'>hec</span> <span class='ocrx_word' id='word_1_451' title='bbox 1903 791 2109 828; x_wconf 85' lang='lat' dir='ltr'>permittatur</span> <span class='ocrx_word' id='word_1_452' title='bbox 2132 792 2263 822; x_wconf 87' lang='lat' dir='ltr'>habere.</span> 
     </span>
     <span class='ocr_line' id='line_1_64' title="bbox 1263 840 2263 882; baseline 0.004 -12"><span class='ocrx_word' id='word_1_453' title='bbox 1263 840 1384 870; x_wconf 77' lang='lat' dir='ltr'>Nullus</span> <span class='ocrx_word' id='word_1_454' title='bbox 1399 841 1556 878; x_wconf 83' lang='lat' dir='ltr'>preterea,</span> <span class='ocrx_word' id='word_1_455' title='bbox 1568 841 1633 870; x_wconf 87' lang='lat' dir='ltr'>nisi</span> <span class='ocrx_word' id='word_1_456' title='bbox 1645 841 1830 880; x_wconf 82' lang='lat' dir='ltr'>episcopus,</span> <span class='ocrx_word' id='word_1_457' title='bbox 1848 842 1950 872; x_wconf 87' lang='lat' dir='ltr'>abbas</span> <span class='ocrx_word' id='word_1_458' title='bbox 1964 844 2019 872; x_wconf 88' lang='lat' dir='ltr'>aut</span> <span class='ocrx_word' id='word_1_459' title='bbox 2033 843 2119 873; x_wconf 84' lang='lat' dir='ltr'>alius</span> <span class='ocrx_word' id='word_1_460' title='bbox 2135 844 2263 882; x_wconf 81' lang='lat' dir='ltr'>religio—</span> 
     </span>
     <span class='ocr_line' id='line_1_65' title="bbox 1263 893 2263 933; baseline 0.004 -11"><span class='ocrx_word' id='word_1_461' title='bbox 1263 901 1319 922; x_wconf 86' lang='lat' dir='ltr'>sus</span> <span class='ocrx_word' id='word_1_462' title='bbox 1336 893 1387 922; x_wconf 73' lang='lat' dir='ltr'>vir</span> <span class='ocrx_word' id='word_1_463' title='bbox 1402 894 1433 922; x_wconf 76' lang='lat' dir='ltr'>ot</span> <span class='ocrx_word' id='word_1_464' title='bbox 1448 893 1617 929; x_wconf 79' lang='lat' dir='ltr'>honestus,</span> <span class='ocrx_word' id='word_1_465' title='bbox 1634 893 1689 931; x_wconf 85' lang='lat' dir='ltr'>qui</span> <span class='ocrx_word' id='word_1_466' title='bbox 1709 894 1825 924; x_wconf 88' lang='lat' dir='ltr'>debeat</span> <span class='ocrx_word' id='word_1_467' title='bbox 1839 903 2021 933; x_wconf 82' lang='lat' dir='ltr'>proponere</span> <span class='ocrx_word' id='word_1_468' title='bbox 2038 895 2175 925; x_wconf 86' lang='lat' dir='ltr'>verbum</span> <span class='ocrx_word' id='word_1_469' title='bbox 2190 896 2263 932; x_wconf 88' lang='lat' dir='ltr'>Dei,</span> 
     </span>
     <span class='ocr_line' id='line_1_66' title="bbox 1263 945 2262 985; baseline 0.004 -11"><span class='ocrx_word' id='word_1_470' title='bbox 1263 945 1457 975; x_wconf 89' lang='lat' dir='ltr'>monialium</span> <span class='ocrx_word' id='word_1_471' title='bbox 1475 945 1610 975; x_wconf 89' lang='lat' dir='ltr'>chorum</span> <span class='ocrx_word' id='word_1_472' title='bbox 1628 946 1740 978; x_wconf 80' lang='lat' dir='ltr'>intret:</span> <span class='ocrx_word' id='word_1_473' title='bbox 1758 955 1852 985; x_wconf 85' lang='lat' dir='ltr'>quem</span> <span class='ocrx_word' id='word_1_474' title='bbox 1872 948 1980 978; x_wconf 87' lang='lat' dir='ltr'>tamen</span> <span class='ocrx_word' id='word_1_475' title='bbox 1997 948 2031 977; x_wconf 86' lang='lat' dir='ltr'>in</span> <span class='ocrx_word' id='word_1_476' title='bbox 2048 948 2130 978; x_wconf 86' lang='lat' dir='ltr'>sesto</span> <span class='ocrx_word' id='word_1_477' title='bbox 2145 948 2262 979; x_wconf 86' lang='lat' dir='ltr'>Sancte</span> 
     </span>
     <span class='ocr_line' id='line_1_67' title="bbox 1261 998 2265 1039; baseline 0.003 -12"><span class='ocrx_word' id='word_1_478' title='bbox 1261 998 1359 1032; x_wconf 79' lang='lat' dir='ltr'>June,</span> <span class='ocrx_word' id='word_1_479' title='bbox 1384 1006 1419 1027; x_wconf 86' lang='lat' dir='ltr'>ae</span> <span class='ocrx_word' id='word_1_480' title='bbox 1442 998 1571 1027; x_wconf 84' lang='lat' dir='ltr'>duobus</span> <span class='ocrx_word' id='word_1_481' title='bbox 1596 998 1712 1028; x_wconf 78' lang='lat' dir='ltr'>diebus</span> <span class='ocrx_word' id='word_1_482' title='bbox 1731 1000 1826 1029; x_wconf 89' lang='lat' dir='ltr'>antea</span> <span class='ocrx_word' id='word_1_483' title='bbox 1848 1000 1878 1029; x_wconf 88' lang='lat' dir='ltr'>et</span> <span class='ocrx_word' id='word_1_484' title='bbox 1901 1000 2025 1038; x_wconf 86' lang='lat' dir='ltr'>postea,</span> <span class='ocrx_word' id='word_1_485' title='bbox 2047 999 2103 1030; x_wconf 89' lang='lat' dir='ltr'>alii</span> <span class='ocrx_word' id='word_1_486' title='bbox 2126 1002 2265 1039; x_wconf 83' lang='lat' dir='ltr'>possunt</span> 
     </span>
     <span class='ocr_line' id='line_1_68' title="bbox 1263 1051 2263 1089; baseline 0.003 -9"><span class='ocrx_word' id='word_1_487' title='bbox 1263 1051 1396 1085; x_wconf 87' lang='lat' dir='ltr'>intrare,</span> <span class='ocrx_word' id='word_1_488' title='bbox 1418 1051 1462 1080; x_wconf 84' lang='lat' dir='ltr'>ita</span> <span class='ocrx_word' id='word_1_489' title='bbox 1484 1051 1571 1089; x_wconf 85' lang='lat' dir='ltr'>quod</span> <span class='ocrx_word' id='word_1_490' title='bbox 1592 1052 1669 1081; x_wconf 87' lang='lat' dir='ltr'>tunc</span> <span class='ocrx_word' id='word_1_491' title='bbox 1693 1051 1777 1081; x_wconf 85' lang='lat' dir='ltr'>infra</span> <span class='ocrx_word' id='word_1_492' title='bbox 1796 1052 1975 1083; x_wconf 87' lang='lat' dir='ltr'>claustrum</span> <span class='ocrx_word' id='word_1_493' title='bbox 1998 1053 2159 1083; x_wconf 84' lang='lat' dir='ltr'>moniales</span> <span class='ocrx_word' id='word_1_494' title='bbox 2177 1053 2263 1083; x_wconf 80' lang='lat' dir='ltr'>exis-</span> 
     </span>
     <span class='ocr_line' id='line_1_69' title="bbox 1262 1104 2266 1142; baseline 0.004 -10"><span class='ocrx_word' id='word_1_495' title='bbox 1262 1104 1341 1133; x_wconf 50' lang='lat' dir='ltr'>tant-</span> <span class='ocrx_word' id='word_1_496' title='bbox 1366 1104 1530 1140; x_wconf 89' lang='lat' dir='ltr'>Ceterum,</span> <span class='ocrx_word' id='word_1_497' title='bbox 1549 1104 1577 1134; x_wconf 93' lang='lat' dir='ltr'>si</span> <span class='ocrx_word' id='word_1_498' title='bbox 1593 1113 1657 1142; x_wconf 89' lang='lat' dir='ltr'>qua</span> <span class='ocrx_word' id='word_1_499' title='bbox 1672 1105 1828 1135; x_wconf 87' lang='lat' dir='ltr'>monialis</span> <span class='ocrx_word' id='word_1_500' title='bbox 1843 1105 1886 1135; x_wconf 87' lang='lat' dir='ltr'>sit</span> <span class='ocrx_word' id='word_1_501' title='bbox 1900 1105 2105 1140; x_wconf 89' lang='lat' dir='ltr'>inobediens,</span> <span class='ocrx_word' id='word_1_502' title='bbox 2123 1115 2266 1136; x_wconf 89' lang='lat' dir='ltr'>renuens</span> 
     </span>
     <span class='ocr_line' id='line_1_70' title="bbox 1263 1156 2264 1197; baseline 0.003 -12"><span class='ocrx_word' id='word_1_503' title='bbox 1263 1156 1445 1194; x_wconf 81' lang='lat' dir='ltr'>regularem</span> <span class='ocrx_word' id='word_1_504' title='bbox 1468 1157 1611 1195; x_wconf 87' lang='lat' dir='ltr'>recipere</span> <span class='ocrx_word' id='word_1_505' title='bbox 1634 1157 1856 1196; x_wconf 79' lang='lat' dir='ltr'>disciplinam,</span> <span class='ocrx_word' id='word_1_506' title='bbox 1880 1158 1982 1188; x_wconf 89' lang='lat' dir='ltr'>‹ionec</span> <span class='ocrx_word' id='word_1_507' title='bbox 2002 1158 2148 1197; x_wconf 87' lang='lat' dir='ltr'>plenarie</span> <span class='ocrx_word' id='word_1_508' title='bbox 2168 1158 2264 1189; x_wconf 83' lang='lat' dir='ltr'>satis—</span> 
     </span>
     <span class='ocr_line' id='line_1_71' title="bbox 1262 1208 2265 1249; baseline 0.003 -11"><span class='ocrx_word' id='word_1_509' title='bbox 1262 1208 1374 1238; x_wconf 78' lang='lat' dir='ltr'>fecerit</span> <span class='ocrx_word' id='word_1_510' title='bbox 1402 1209 1705 1240; x_wconf 71' lang='lat' dir='ltr'>excommunicetur</span> <span class='ocrx_word' id='word_1_511' title='bbox 1729 1211 1766 1248; x_wconf 74' lang='lat' dir='ltr'>et}</span> <span class='ocrx_word' id='word_1_512' title='bbox 1781 1212 1951 1249; x_wconf 84' lang='lat' dir='ltr'>separetur</span> <span class='ocrx_word' id='word_1_513' title='bbox 1967 1220 1986 1240; x_wconf 86' lang='lat' dir='ltr'>a</span> <span class='ocrx_word' id='word_1_514' title='bbox 2003 1211 2166 1241; x_wconf 85' lang='lat' dir='ltr'>consortio</span> <span class='ocrx_word' id='word_1_515' title='bbox 2184 1212 2265 1242; x_wconf 84' lang='lat' dir='ltr'>eete-</span> 
     </span>
     <span class='ocr_line' id='line_1_72' title="bbox 1263 1262 2263 1303; baseline 0.004 -13"><span class='ocrx_word' id='word_1_516' title='bbox 1263 1270 1384 1296; x_wconf 90' lang='lat' dir='ltr'>rarum,</span> <span class='ocrx_word' id='word_1_517' title='bbox 1405 1262 1556 1301; x_wconf 86' lang='lat' dir='ltr'>ponenda</span> <span class='ocrx_word' id='word_1_518' title='bbox 1573 1262 1668 1301; x_wconf 85' lang='lat' dir='ltr'>juxta</span> <span class='ocrx_word' id='word_1_519' title='bbox 1685 1262 1770 1293; x_wconf 85' lang='lat' dir='ltr'>beati</span> <span class='ocrx_word' id='word_1_520' title='bbox 1786 1263 1955 1294; x_wconf 82' lang='lat' dir='ltr'>Benedicti</span> <span class='ocrx_word' id='word_1_521' title='bbox 1975 1263 2122 1302; x_wconf 80' lang='lat' dir='ltr'>regulam</span> <span class='ocrx_word' id='word_1_522' title='bbox 2146 1263 2179 1294; x_wconf 91' lang='lat' dir='ltr'>in</span> <span class='ocrx_word' id='word_1_523' title='bbox 2194 1272 2263 1303; x_wconf 83' lang='lat' dir='ltr'>gra-</span> 
     </span>
     <span class='ocr_line' id='line_1_73' title="bbox 1263 1314 2262 1355; baseline 0.004 -12"><span class='ocrx_word' id='word_1_524' title='bbox 1263 1314 1412 1344; x_wconf 86' lang='lat' dir='ltr'>vioribus</span> <span class='ocrx_word' id='word_1_525' title='bbox 1431 1314 1550 1353; x_wconf 88' lang='lat' dir='ltr'>culpis,</span> <span class='ocrx_word' id='word_1_526' title='bbox 1575 1315 1602 1345; x_wconf 90' lang='lat' dir='ltr'>si</span> <span class='ocrx_word' id='word_1_527' title='bbox 1625 1315 1731 1346; x_wconf 89' lang='lat' dir='ltr'>adhuc</span> <span class='ocrx_word' id='word_1_528' title='bbox 1753 1315 1878 1345; x_wconf 86' lang='lat' dir='ltr'>monita</span> <span class='ocrx_word' id='word_1_529' title='bbox 1903 1325 1968 1346; x_wconf 91' lang='lat' dir='ltr'>non</span> <span class='ocrx_word' id='word_1_530' title='bbox 1994 1316 2178 1355; x_wconf 85' lang='lat' dir='ltr'>resipuerit,</span> <span class='ocrx_word' id='word_1_531' title='bbox 2205 1316 2262 1348; x_wconf 84' lang='lat' dir='ltr'>sed</span> 
     </span>
     <span class='ocr_line' id='line_1_74' title="bbox 1263 1365 2267 1408; baseline 0.002 -12"><span class='ocrx_word' id='word_1_532' title='bbox 1263 1367 1426 1398; x_wconf 87' lang='lat' dir='ltr'>obstinato</span> <span class='ocrx_word' id='word_1_533' title='bbox 1447 1368 1557 1398; x_wconf 85' lang='lat' dir='ltr'>animo</span> <span class='ocrx_word' id='word_1_534' title='bbox 1580 1368 1614 1398; x_wconf 91' lang='grc'>111</span> <span class='ocrx_word' id='word_1_535' title='bbox 1632 1377 1691 1398; x_wconf 83' lang='lat' dir='ltr'>sua</span> <span class='ocrx_word' id='word_1_536' title='bbox 1712 1368 1833 1399; x_wconf 86' lang='lat' dir='ltr'>duritia</span> <span class='ocrx_word' id='word_1_537' title='bbox 1853 1369 1985 1399; x_wconf 79' lang='lat' dir='ltr'>duxerit</span> <span class='ocrx_word' id='word_1_538' title='bbox 2006 1365 2267 1408; x_wconf 74' lang='lat' dir='ltr'>persistendum.&#39;</span> 
     </span>
     <span class='ocr_line' id='line_1_75' title="bbox 1262 1420 2263 1460; baseline 0.002 -11"><span class='ocrx_word' id='word_1_539' title='bbox 1262 1420 1474 1458; x_wconf 82' lang='lat' dir='ltr'>Queeumque</span> <span class='ocrx_word' id='word_1_540' title='bbox 1492 1429 1622 1459; x_wconf 86' lang='lat' dir='ltr'>quoque</span> <span class='ocrx_word' id='word_1_541' title='bbox 1642 1423 1755 1451; x_wconf 89' lang='lat' dir='ltr'>contra</span> <span class='ocrx_word' id='word_1_542' title='bbox 1772 1421 1915 1459; x_wconf 87' lang='lat' dir='ltr'>predicta</span> <span class='ocrx_word' id='word_1_543' title='bbox 1933 1421 1983 1451; x_wconf 82' lang='lat' dir='ltr'>vel</span> <span class='ocrx_word' id='word_1_544' title='bbox 2001 1430 2114 1451; x_wconf 87' lang='lat' dir='ltr'>eorum</span> <span class='ocrx_word' id='word_1_545' title='bbox 2137 1421 2263 1460; x_wconf 83' lang='lat' dir='ltr'>aliquid</span> 
     </span>
     <span class='ocr_line' id='line_1_76' title="bbox 1261 1473 2262 1512; baseline 0.002 -10"><span class='ocrx_word' id='word_1_546' title='bbox 1261 1473 1384 1502; x_wconf 86' lang='lat' dir='ltr'>temere</span> <span class='ocrx_word' id='word_1_547' title='bbox 1402 1473 1513 1502; x_wconf 82' lang='lat' dir='ltr'>venire</span> <span class='ocrx_word' id='word_1_548' title='bbox 1530 1474 1778 1512; x_wconf 83' lang='lat' dir='ltr'>presumpserit,</span> <span class='ocrx_word' id='word_1_549' title='bbox 1796 1482 1879 1512; x_wconf 90' lang='lat' dir='ltr'>pene</span> <span class='ocrx_word' id='word_1_550' title='bbox 1895 1473 2072 1512; x_wconf 81' lang='lat' dir='ltr'>subjaceat,</span> <span class='ocrx_word' id='word_1_551' title='bbox 2089 1473 2262 1511; x_wconf 80' lang='lat' dir='ltr'>discipline</span> 
     </span>
     <span class='ocr_line' id='line_1_77' title="bbox 1263 1525 2262 1565; baseline 0.001 -11"><span class='ocrx_word' id='word_1_552' title='bbox 1263 1526 1520 1564; x_wconf 78' lang='lat' dir='ltr'>mensurajaxta</span> <span class='ocrx_word' id='word_1_553' title='bbox 1531 1526 1664 1556; x_wconf 86' lang='lat' dir='ltr'>modum</span> <span class='ocrx_word' id='word_1_554' title='bbox 1677 1535 1872 1556; x_wconf 78' lang='lat' dir='ltr'>excessuum</span> <span class='ocrx_word' id='word_1_555' title='bbox 1885 1527 2100 1560; x_wconf 83' lang='lat' dir='ltr'>extendenda,</span> <span class='ocrx_word' id='word_1_556' title='bbox 2120 1527 2164 1556; x_wconf 88' lang='lat' dir='ltr'>ita</span> <span class='ocrx_word' id='word_1_557' title='bbox 2175 1525 2262 1565; x_wconf 86' lang='lat' dir='ltr'>quod</span> 
     </span>
     <span class='ocr_line' id='line_1_78' title="bbox 1262 1578 2261 1618; baseline 0.002 -11"><span class='ocrx_word' id='word_1_558' title='bbox 1262 1578 1443 1608; x_wconf 81' lang='lat' dir='ltr'>secundum</span> <span class='ocrx_word' id='word_1_559' title='bbox 1462 1579 1619 1617; x_wconf 78' lang='lat' dir='ltr'>regulam,</span> <span class='ocrx_word' id='word_1_560' title='bbox 1638 1579 1672 1610; x_wconf 89' lang='lat' dir='ltr'>in</span> <span class='ocrx_word' id='word_1_561' title='bbox 1689 1579 1809 1617; x_wconf 82' lang='lat' dir='ltr'>quibus</span> <span class='ocrx_word' id='word_1_562' title='bbox 1824 1580 1936 1609; x_wconf 84' lang='lat' dir='ltr'>contra</span> <span class='ocrx_word' id='word_1_563' title='bbox 1953 1579 2056 1618; x_wconf 86' lang='lat' dir='ltr'>ipsam</span> <span class='ocrx_word' id='word_1_564' title='bbox 2074 1578 2261 1617; x_wconf 86' lang='lat' dir='ltr'>deliquerit,</span> 
     </span>
     <span class='ocr_line' id='line_1_79' title="bbox 1261 1631 2262 1671; baseline 0 -11"><span class='ocrx_word' id='word_1_565' title='bbox 1261 1631 1428 1669; x_wconf 86' lang='lat' dir='ltr'>puniatur.</span> <span class='ocrx_word' id='word_1_566' title='bbox 1447 1631 1521 1661; x_wconf 89' lang='lat' dir='ltr'>Dat.</span> <span class='ocrx_word' id='word_1_567' title='bbox 1540 1631 1683 1666; x_wconf 85' lang='lat' dir='ltr'>Perusii,</span> <span class='ocrx_word' id='word_1_568' title='bbox 1700 1631 1766 1662; x_wconf 90' lang='lat' dir='ltr'>XII</span> <span class='ocrx_word' id='word_1_569' title='bbox 1782 1631 2039 1671; x_wconf 84' lang='lat' dir='ltr'>kalendasjulii,</span> <span class='ocrx_word' id='word_1_570' title='bbox 2052 1631 2262 1670; x_wconf 83' lang='lat' dir='ltr'>pontificatus</span> 
     </span>
     <span class='ocr_line' id='line_1_80' title="bbox 1262 1683 1631 1714; baseline -0.005 0"><span class='ocrx_word' id='word_1_571' title='bbox 1262 1683 1365 1714; x_wconf 89' lang='lat' dir='ltr'>nostri</span> <span class='ocrx_word' id='word_1_572' title='bbox 1383 1692 1469 1713; x_wconf 86' lang='lat' dir='ltr'>anno</span> <span class='ocrx_word' id='word_1_573' title='bbox 1486 1684 1592 1714; x_wconf 87' lang='lat' dir='ltr'>tertio.</span> <span class='ocrx_word' id='word_1_574' title='bbox 1618 1697 1631 1709; x_wconf 92' lang='lat'>»</span> 
     </span>
    </p>
   </div>
   <div class='ocr_carea' id='block_1_17' title="bbox 1327 1830 2193 1866">
    <p class='ocr_par' dir='ltr' id='par_1_17' title="bbox 1327 1830 2193 1866">
     <span class='ocr_line' id='line_1_81' title="bbox 1327 1830 2193 1866; baseline -0.005 -3"><span class='ocrx_word' id='word_1_575' title='bbox 1327 1834 1398 1864; x_wconf 82' lang='lat'>317</span> <span class='ocrx_word' id='word_1_576' title='bbox 1841 1831 1973 1863; x_wconf 71' lang='lat' dir='ltr'>Perouse,</span> <span class='ocrx_word' id='word_1_577' title='bbox 1990 1832 2023 1857; x_wconf 76' lang='lat'>26</span> <span class='ocrx_word' id='word_1_578' title='bbox 2035 1830 2098 1866; x_wconf 88' lang='lat' dir='ltr'>juin</span> <span class='ocrx_word' id='word_1_579' title='bbox 2118 1833 2193 1859; x_wconf 72' lang='lat'><strong>1229.</strong></span> 
     </span>
    </p>
   </div>
   <div class='ocr_carea' id='block_1_18' title="bbox 1258 1914 2264 2384">
    <p class='ocr_par' dir='ltr' id='par_1_18' title="bbox 1258 1914 2264 2384">
     <span class='ocr_line' id='line_1_82' title="bbox 1296 1914 2264 1949; baseline 0 -7"><span class='ocrx_word' id='word_1_580' title='bbox 1296 1916 1461 1942; x_wconf 81' lang='lat' dir='ltr'>Rectoribus</span> <span class='ocrx_word' id='word_1_581' title='bbox 1476 1915 1618 1942; x_wconf 85' lang='lat' dir='ltr'>societatis</span> <span class='ocrx_word' id='word_1_582' title='bbox 1635 1914 1822 1940; x_wconf 88' lang='lat' dir='ltr'>Lombardiae</span> <span class='ocrx_word' id='word_1_583' title='bbox 1840 1914 1954 1940; x_wconf 84' lang='lat' dir='ltr'>nuntiat</span> <span class='ocrx_word' id='word_1_584' title='bbox 1971 1914 2008 1947; x_wconf 83' lang='lat' dir='ltr'>J.,</span> <span class='ocrx_word' id='word_1_585' title='bbox 2021 1922 2119 1949; x_wconf 84' lang='lat' dir='ltr'>regem</span> <span class='ocrx_word' id='word_1_586' title='bbox 2138 1915 2264 1942; x_wconf 87' lang='lat' dir='ltr'>Hieroso-</span> 
     </span>
     <span class='ocr_line' id='line_1_83' title="bbox 1261 1962 2263 1999; baseline -0.001 -8"><span class='ocrx_word' id='word_1_587' title='bbox 1261 1965 1446 1999; x_wconf 71' lang='lat' dir='ltr'>lymitauum,</span> <span class='ocrx_word' id='word_1_588' title='bbox 1460 1965 1487 1990; x_wconf 85' lang='lat' dir='ltr'>et</span> <span class='ocrx_word' id='word_1_589' title='bbox 1505 1964 1542 1996; x_wconf 83' lang='lat' dir='ltr'>J.,</span> <span class='ocrx_word' id='word_1_590' title='bbox 1563 1963 1639 1990; x_wconf 90' lang='lat' dir='ltr'>tituli</span> <span class='ocrx_word' id='word_1_591' title='bbox 1652 1964 1770 1989; x_wconf 79' lang='lat' dir='ltr'>Sanctae</span> <span class='ocrx_word' id='word_1_592' title='bbox 1789 1962 1922 1989; x_wconf 81' lang='lat' dir='ltr'>Praxedis</span> <span class='ocrx_word' id='word_1_593' title='bbox 1951 1963 2150 1997; x_wconf 82' lang='lat' dir='ltr'>presbyterum</span> <span class='ocrx_word' id='word_1_594' title='bbox 2170 1963 2263 1990; x_wconf 86' lang='lat' dir='ltr'>cardi-</span> 
     </span>
     <span class='ocr_line' id='line_1_84' title="bbox 1260 2011 2263 2046; baseline -0.001 -7"><span class='ocrx_word' id='word_1_595' title='bbox 1260 2014 1367 2045; x_wconf 82' lang='lat' dir='ltr'>nalem,</span> <span class='ocrx_word' id='word_1_596' title='bbox 1387 2012 1494 2043; x_wconf 88' lang='lat' dir='ltr'>audito,</span> <span class='ocrx_word' id='word_1_597' title='bbox 1511 2012 1561 2038; x_wconf 88' lang='lat' dir='ltr'>sed</span> <span class='ocrx_word' id='word_1_598' title='bbox 1575 2012 1701 2038; x_wconf 90' lang='lat' dir='ltr'>nondum</span> <span class='ocrx_word' id='word_1_599' title='bbox 1718 2011 1800 2045; x_wconf 89' lang='lat' dir='ltr'>plene</span> <span class='ocrx_word' id='word_1_600' title='bbox 1816 2011 1886 2038; x_wconf 87' lang='lat' dir='ltr'>seito</span> <span class='ocrx_word' id='word_1_601' title='bbox 1900 2012 1974 2045; x_wconf 88' lang='lat' dir='ltr'>quod</span> <span class='ocrx_word' id='word_1_602' title='bbox 1992 2011 2154 2039; x_wconf 84' lang='lat' dir='ltr'>Friderieus</span> <span class='ocrx_word' id='word_1_603' title='bbox 2170 2012 2263 2046; x_wconf 88' lang='lat' dir='ltr'>impe-</span> 
     </span>
     <span class='ocr_line' id='line_1_85' title="bbox 1261 2059 2262 2094; baseline -0.001 -6"><span class='ocrx_word' id='word_1_604' title='bbox 1261 2064 1338 2088; x_wconf 85' lang='lat' dir='ltr'>rator</span> <span class='ocrx_word' id='word_1_605' title='bbox 1354 2061 1470 2088; x_wconf 85' lang='lat' dir='ltr'>redierit</span> <span class='ocrx_word' id='word_1_606' title='bbox 1482 2061 1516 2087; x_wconf 91' lang='lat' dir='ltr'>de</span> <span class='ocrx_word' id='word_1_607' title='bbox 1534 2061 1662 2094; x_wconf 82' lang='lat' dir='ltr'>partibus</span> <span class='ocrx_word' id='word_1_608' title='bbox 1673 2059 1890 2093; x_wconf 82' lang='lat' dir='ltr'>transmarinis,</span> <span class='ocrx_word' id='word_1_609' title='bbox 1905 2062 2006 2086; x_wconf 85' lang='lat' dir='ltr'>contra</span> <span class='ocrx_word' id='word_1_610' title='bbox 2022 2068 2088 2086; x_wconf 86' lang='lat' dir='ltr'>eum</span> <span class='ocrx_word' id='word_1_611' title='bbox 2106 2068 2262 2094; x_wconf 87' lang='lat' dir='ltr'>proponere</span> 
     </span>
     <span class='ocr_line' id='line_1_86' title="bbox 1260 2108 2263 2144; baseline 0 -8"><span class='ocrx_word' id='word_1_612' title='bbox 1260 2111 1429 2144; x_wconf 86' lang='lat' dir='ltr'>procedere;</span> <span class='ocrx_word' id='word_1_613' title='bbox 1451 2109 1534 2141; x_wconf 88' lang='lat' dir='ltr'>unde,</span> <span class='ocrx_word' id='word_1_614' title='bbox 1559 2117 1624 2135; x_wconf 86' lang='lat' dir='ltr'>eum</span> <span class='ocrx_word' id='word_1_615' title='bbox 1655 2109 1733 2135; x_wconf 85' lang='lat' dir='ltr'>Sedis</span> <span class='ocrx_word' id='word_1_616' title='bbox 1752 2108 1931 2142; x_wconf 76' lang='lat' dir='ltr'>Apostolicae</span> <span class='ocrx_word' id='word_1_617' title='bbox 1962 2111 1990 2134; x_wconf 85' lang='lat' dir='ltr'>et</span> <span class='ocrx_word' id='word_1_618' title='bbox 2021 2108 2147 2142; x_wconf 88' lang='lat' dir='ltr'>ipsorum</span> <span class='ocrx_word' id='word_1_619' title='bbox 2178 2116 2263 2136; x_wconf 81' lang='lat' dir='ltr'>causa</span> 
     </span>
     <span class='ocr_line' id='line_1_87' title="bbox 1259 2156 2260 2190; baseline -0.001 -5"><span class='ocrx_word' id='word_1_620' title='bbox 1259 2161 1359 2185; x_wconf 87' lang='lat' dir='ltr'>eontra</span> <span class='ocrx_word' id='word_1_621' title='bbox 1374 2165 1557 2185; x_wconf 88' lang='lat' dir='ltr'>communem</span> <span class='ocrx_word' id='word_1_622' title='bbox 1575 2157 1688 2184; x_wconf 85' lang='lat' dir='ltr'>hostem</span> <span class='ocrx_word' id='word_1_623' title='bbox 1706 2157 1744 2183; x_wconf 91' lang='lat' dir='ltr'>sit</span> <span class='ocrx_word' id='word_1_624' title='bbox 1770 2156 1946 2190; x_wconf 77' lang='lat' dir='ltr'>communis,</span> <span class='ocrx_word' id='word_1_625' title='bbox 1967 2159 2063 2183; x_wconf 82' lang='lat' dir='ltr'>monet</span> <span class='ocrx_word' id='word_1_626' title='bbox 2088 2164 2135 2183; x_wconf 88' lang='lat' dir='ltr'>eos</span> <span class='ocrx_word' id='word_1_627' title='bbox 2153 2159 2182 2184; x_wconf 85' lang='lat' dir='ltr'>et</span> <span class='ocrx_word' id='word_1_628' title='bbox 2197 2157 2260 2184; x_wconf 85' lang='lat' dir='ltr'>hor-</span> 
     </span>
     <span class='ocr_line' id='line_1_88' title="bbox 1259 2204 2261 2241; baseline -0.001 -8"><span class='ocrx_word' id='word_1_629' title='bbox 1259 2209 1339 2233; x_wconf 81' lang='lat' dir='ltr'>tatur</span> <span class='ocrx_word' id='word_1_630' title='bbox 1353 2209 1492 2241; x_wconf 86' lang='lat' dir='ltr'>quatenus</span> <span class='ocrx_word' id='word_1_631' title='bbox 1515 2205 1623 2232; x_wconf 84' lang='lat' dir='ltr'>saciant</span> <span class='ocrx_word' id='word_1_632' title='bbox 1640 2207 1670 2232; x_wconf 88' lang='lat' dir='ltr'>ut</span> <span class='ocrx_word' id='word_1_633' title='bbox 1687 2205 1794 2231; x_wconf 89' lang='lat' dir='ltr'>milites</span> <span class='ocrx_word' id='word_1_634' title='bbox 1813 2213 1881 2239; x_wconf 89' lang='lat' dir='ltr'>quos</span> <span class='ocrx_word' id='word_1_635' title='bbox 1902 2204 1937 2231; x_wconf 82' lang='lat' dir='ltr'>ad</span> <span class='ocrx_word' id='word_1_636' title='bbox 1958 2205 2097 2231; x_wconf 81' lang='lat' dir='ltr'>auxilium</span> <span class='ocrx_word' id='word_1_637' title='bbox 2120 2205 2261 2232; x_wconf 85' lang='lat' dir='ltr'>Ecclesiae</span> 
     </span>
     <span class='ocr_line' id='line_1_89' title="bbox 1259 2253 2261 2288; baseline -0.001 -6"><span class='ocrx_word' id='word_1_638' title='bbox 1259 2256 1403 2282; x_wconf 85' lang='lat' dir='ltr'>Romanae</span> <span class='ocrx_word' id='word_1_639' title='bbox 1433 2255 1584 2286; x_wconf 86' lang='lat' dir='ltr'>miserunt,</span> <span class='ocrx_word' id='word_1_640' title='bbox 1612 2254 1658 2288; x_wconf 87' lang='lat' dir='ltr'>qui</span> <span class='ocrx_word' id='word_1_641' title='bbox 1685 2256 1782 2280; x_wconf 89' lang='lat' dir='ltr'>autem</span> <span class='ocrx_word' id='word_1_642' title='bbox 1803 2261 1832 2279; x_wconf 86' lang='lat' dir='ltr'>se</span> <span class='ocrx_word' id='word_1_643' title='bbox 1853 2261 1908 2280; x_wconf 91' lang='lat' dir='ltr'>non</span> <span class='ocrx_word' id='word_1_644' title='bbox 1941 2253 2032 2279; x_wconf 86' lang='lat' dir='ltr'>teneri</span> <span class='ocrx_word' id='word_1_645' title='bbox 2059 2253 2134 2280; x_wconf 87' lang='lat' dir='ltr'>ultra</span> <span class='ocrx_word' id='word_1_646' title='bbox 2153 2253 2261 2281; x_wconf 83' lang='lat' dir='ltr'>servire</span> 
     </span>
     <span class='ocr_line' id='line_1_90' title="bbox 1258 2301 2261 2336; baseline -0.002 -6"><span class='ocrx_word' id='word_1_647' title='bbox 1258 2304 1366 2334; x_wconf 90' lang='lat' dir='ltr'>dicunt,</span> <span class='ocrx_word' id='word_1_648' title='bbox 1384 2303 1412 2329; x_wconf 92' lang='lat' dir='ltr'>in</span> <span class='ocrx_word' id='word_1_649' title='bbox 1430 2303 1571 2329; x_wconf 80' lang='lat' dir='ltr'>Ecclesiae</span> <span class='ocrx_word' id='word_1_650' title='bbox 1589 2302 1705 2328; x_wconf 89' lang='lat' dir='ltr'>servitio</span> <span class='ocrx_word' id='word_1_651' title='bbox 1731 2304 1758 2328; x_wconf 86' lang='lat' dir='ltr'>et</span> <span class='ocrx_word' id='word_1_652' title='bbox 1783 2301 1910 2335; x_wconf 89' lang='lat' dir='ltr'>ipsorum</span> <span class='ocrx_word' id='word_1_653' title='bbox 1929 2301 2049 2327; x_wconf 83' lang='lat' dir='ltr'>fideliter</span> <span class='ocrx_word' id='word_1_654' title='bbox 2067 2303 2261 2336; x_wconf 80' lang='lat' dir='ltr'>perseverent,</span> 
     </span>
     <span class='ocr_line' id='line_1_91' title="bbox 1259 2349 2260 2384; baseline -0.001 -6"><span class='ocrx_word' id='word_1_655' title='bbox 1259 2352 1457 2378; x_wconf 82' lang='lat' dir='ltr'>ministrantes</span> <span class='ocrx_word' id='word_1_656' title='bbox 1473 2351 1512 2377; x_wconf 86' lang='lat' dir='ltr'>eis</span> <span class='ocrx_word' id='word_1_657' title='bbox 1528 2351 1638 2377; x_wconf 89' lang='lat' dir='ltr'>abunde</span> <span class='ocrx_word' id='word_1_658' title='bbox 1655 2350 1797 2384; x_wconf 89' lang='lat' dir='ltr'>stipendia</span> <span class='ocrx_word' id='word_1_659' title='bbox 1820 2351 1849 2376; x_wconf 87' lang='lat' dir='ltr'>et</span> <span class='ocrx_word' id='word_1_660' title='bbox 1865 2349 1922 2376; x_wconf 88' lang='grc'>0110</span> <span class='ocrx_word' id='word_1_661' title='bbox 1938 2352 2107 2383; x_wconf 85' lang='lat' dir='ltr'>opportuna.</span> <span class='ocrx_word' id='word_1_662' title='bbox 2132 2365 2165 2369; x_wconf 95' lang='lat'><em>-</em></span> <span class='ocrx_word' id='word_1_663' title='bbox 2180 2350 2260 2384; x_wconf 63' lang='lat' dir='ltr'>(Rea.</span> 
     </span>
    </p>
   </div>
   <div class='ocr_carea' id='block_1_19' title="bbox 1226 2397 2262 2433">
    <p class='ocr_par' dir='ltr' id='par_1_19' title="bbox 1226 2397 2262 2433">
     <span class='ocr_line' id='line_1_92' title="bbox 1226 2397 2262 2433; baseline -0.001 -8"><span class='ocrx_word' id='word_1_664' title='bbox 1226 2412 1227 2425; x_wconf 58' lang='grc'>1</span> <span class='ocrx_word' id='word_1_665' title='bbox 1260 2401 1301 2432; x_wconf 74' lang='lat'>¹4,</span> <span class='ocrx_word' id='word_1_666' title='bbox 1318 2400 1338 2427; x_wconf 85' lang='lat' dir='ltr'>s.</span> <span class='ocrx_word' id='word_1_667' title='bbox 1357 2401 1404 2426; x_wconf 73' lang='lat'>125</span> <span class='ocrx_word' id='word_1_668' title='bbox 1423 2407 1469 2433; x_wconf 86' lang='lat' dir='ltr'>ro;</span> <span class='ocrx_word' id='word_1_669' title='bbox 1483 2407 1551 2426; x_wconf 88' lang='lat' dir='ltr'>ann.</span> <span class='ocrx_word' id='word_1_670' title='bbox 1565 2399 1612 2431; x_wconf 88' lang='grc'>111,</span> <span class='ocrx_word' id='word_1_671' title='bbox 1631 2406 1656 2425; x_wconf 86' lang='grc'>0.</span> <span class='ocrx_word' id='word_1_672' title='bbox 1672 2399 1724 2432; x_wconf 74' lang='lat'>3¹3</span> <span class='ocrx_word' id='word_1_673' title='bbox 1740 2414 1774 2417; x_wconf 97' lang='lat'><strong>—</strong></span> <span class='ocrx_word' id='word_1_674' title='bbox 1793 2398 1906 2425; x_wconf 69' lang='grc' dir='ltr'>Μοιιεᾼυ</span> <span class='ocrx_word' id='word_1_675' title='bbox 1919 2399 1994 2429; x_wconf 70' lang='lat'>1184,</span> <span class='ocrx_word' id='word_1_676' title='bbox 2011 2397 2031 2424; x_wconf 82' lang='lat' dir='ltr'>t&#39;.</span> <span class='ocrx_word' id='word_1_677' title='bbox 2050 2398 2120 2431; x_wconf 82' lang='lat'><strong>401;</strong></span> <span class='ocrx_word' id='word_1_678' title='bbox 2141 2412 2175 2418; x_wconf 93' lang='lat'><em>-</em></span> <span class='ocrx_word' id='word_1_679' title='bbox 2192 2398 2262 2425; x_wconf 82' lang='grc' dir='ltr'>Ροτ-</span> 
     </span>
    </p>
   </div>
   <div class='ocr_carea' id='block_1_20' title="bbox 1257 2443 1778 2477">
    <p class='ocr_par' dir='ltr' id='par_1_20' title="bbox 1257 2443 1778 2477">
     <span class='ocr_line' id='line_1_93' title="bbox 1257 2443 1778 2477; baseline -0.006 -6"><span class='ocrx_word' id='word_1_680' title='bbox 1257 2453 1340 2471; x_wconf 63' lang='lat' dir='ltr'>Tnasr</span> <span class='ocrx_word' id='word_1_681' title='bbox 1359 2445 1446 2476; x_wconf 39' lang='lat'>842&amp;</span> <span class='ocrx_word' id='word_1_682' title='bbox 1464 2458 1497 2462; x_wconf 97' lang='lat'><strong>—</strong></span> <span class='ocrx_word' id='word_1_683' title='bbox 1517 2443 1685 2469; x_wconf 59' lang='lat' dir='ltr'>Bonnam-:no</span> <span class='ocrx_word' id='word_1_684' title='bbox 1705 2443 1778 2477; x_wconf 79' lang='lat'><strong>395.)</strong></span> 
     </span>
    </p>
   </div>
   <div class='ocr_carea' id='block_1_21' title="bbox 1255 2541 2259 2634">
    <p class='ocr_par' dir='ltr' id='par_1_21' title="bbox 1255 2541 2259 2634">
     <span class='ocr_line' id='line_1_94' title="bbox 1297 2541 2258 2587; baseline 0 -15"><span class='ocrx_word' id='word_1_685' title='bbox 1297 2556 1312 2572; x_wconf 90' lang='lat'>«</span> <span class='ocrx_word' id='word_1_686' title='bbox 1337 2543 1513 2574; x_wconf 73' lang='lat' dir='ltr'>Rectoribus</span> <span class='ocrx_word' id='word_1_687' title='bbox 1528 2543 1678 2573; x_wconf 80' lang='lat' dir='ltr'>societatis</span> <span class='ocrx_word' id='word_1_688' title='bbox 1704 2541 1891 2573; x_wconf 79' lang='lat' dir='ltr'>Lombardie.</span> <span class='ocrx_word' id='word_1_689' title='bbox 1919 2542 2018 2573; x_wconf 84' lang='lat' dir='ltr'>Scitis</span> <span class='ocrx_word' id='word_1_690' title='bbox 2036 2543 2078 2578; x_wconf 85' lang='lat' dir='ltr'>et,</span> <span class='ocrx_word' id='word_1_691' title='bbox 2105 2542 2258 2587; x_wconf 42' lang='lat' dir='ltr'>sicut-m</span> 
     </span>
     <span class='ocr_line' id='line_1_95' title="bbox 1255 2593 2259 2634; baseline -0.004 -6"><span class='ocrx_word' id='word_1_692' title='bbox 1255 2599 1331 2629; x_wconf 89' lang='lat' dir='ltr'>Dat.</span> <span class='ocrx_word' id='word_1_693' title='bbox 1362 2596 1506 2631; x_wconf 90' lang='lat' dir='ltr'>Perusii,</span> <span class='ocrx_word' id='word_1_694' title='bbox 1538 2596 1585 2626; x_wconf 90' lang='lat' dir='ltr'>VI</span> <span class='ocrx_word' id='word_1_695' title='bbox 1602 2595 1762 2625; x_wconf 83' lang='lat' dir='ltr'>kalendas</span> <span class='ocrx_word' id='word_1_696' title='bbox 1789 2594 1879 2633; x_wconf 88' lang='lat' dir='ltr'>julii,</span> <span class='ocrx_word' id='word_1_697' title='bbox 1908 2594 2120 2634; x_wconf 87' lang='lat' dir='ltr'>pontificatus</span> <span class='ocrx_word' id='word_1_698' title='bbox 2155 2593 2259 2625; x_wconf 84' lang='lat' dir='ltr'>nostri</span> 
     </span>
    </p>
   </div>
   <div class='ocr_carea' id='block_1_22' title="bbox 1255 2650 1496 2682">
    <p class='ocr_par' dir='ltr' id='par_1_22' title="bbox 1255 2650 1496 2682">
     <span class='ocr_line' id='line_1_96' title="bbox 1255 2650 1496 2682; baseline -0.025 0"><span class='ocrx_word' id='word_1_699' title='bbox 1255 2659 1342 2682; x_wconf 90' lang='lat' dir='ltr'>anno</span> <span class='ocrx_word' id='word_1_700' title='bbox 1357 2650 1463 2681; x_wconf 80' lang='lat' dir='ltr'>tertio.</span> <span class='ocrx_word' id='word_1_701' title='bbox 1481 2660 1496 2676; x_wconf 86' lang='lat'>»</span> 
     </span>
    </p>
   </div>
   <div class='ocr_carea' id='block_1_23' title="bbox 1321 2804 2186 2840">
    <p class='ocr_par' dir='ltr' id='par_1_23' title="bbox 1321 2804 2186 2840">
     <span class='ocr_line' id='line_1_97' title="bbox 1321 2804 2186 2840; baseline -0.01 0"><span class='ocrx_word' id='word_1_702' title='bbox 1321 2809 1393 2840; x_wconf 85' lang='lat'>318</span> <span class='ocrx_word' id='word_1_703' title='bbox 1816 2805 1948 2836; x_wconf 72' lang='lat' dir='ltr'>Perouse‚</span> <span class='ocrx_word' id='word_1_704' title='bbox 1967 2805 1982 2831; x_wconf 83' lang='lat'>5</span> <span class='ocrx_word' id='word_1_705' title='bbox 1994 2804 2091 2839; x_wconf 83' lang='lat' dir='ltr'>juillet</span> <span class='ocrx_word' id='word_1_706' title='bbox 2108 2805 2186 2831; x_wconf 70' lang='lat'><strong>1229.</strong></span> 
     </span>
    </p>
   </div>
   <div class='ocr_carea' id='block_1_24' title="bbox 1254 2874 2256 2963">
    <p class='ocr_par' dir='ltr' id='par_1_24' title="bbox 1254 2874 2256 2963">
     <span class='ocr_line' id='line_1_98' title="bbox 1288 2874 2255 2913; baseline -0.004 -8"><span class='ocrx_word' id='word_1_707' title='bbox 1288 2878 1416 2913; x_wconf 87' lang='lat' dir='ltr'>Capitulo</span> <span class='ocrx_word' id='word_1_708' title='bbox 1442 2875 1629 2903; x_wconf 83' lang='lat' dir='ltr'>Bracharensi</span> <span class='ocrx_word' id='word_1_709' title='bbox 1646 2877 1743 2901; x_wconf 87' lang='lat' dir='ltr'>notum</span> <span class='ocrx_word' id='word_1_710' title='bbox 1770 2874 1838 2901; x_wconf 84' lang='lat' dir='ltr'>facit</span> <span class='ocrx_word' id='word_1_711' title='bbox 1854 2882 1883 2900; x_wconf 89' lang='lat' dir='ltr'>se</span> <span class='ocrx_word' id='word_1_712' title='bbox 1898 2874 2068 2901; x_wconf 85' lang='lat' dir='ltr'>electionem</span> <span class='ocrx_word' id='word_1_713' title='bbox 2083 2874 2118 2901; x_wconf 82' lang='lat' dir='ltr'>ab</span> <span class='ocrx_word' id='word_1_714' title='bbox 2134 2874 2202 2908; x_wconf 77' lang='lat' dir='ltr'>ipsis</span> <span class='ocrx_word' id='word_1_715' title='bbox 2220 2874 2255 2901; x_wconf 84' lang='lat' dir='ltr'>de</span> 
     </span>
     <span class='ocr_line' id='line_1_99' title="bbox 1254 2922 2256 2963; baseline -0.006 -8"><span class='ocrx_word' id='word_1_716' title='bbox 1254 2928 1392 2963; x_wconf 76' lang='lat' dir='ltr'>magistro</span> <span class='ocrx_word' id='word_1_717' title='bbox 1414 2926 1455 2955; x_wconf 89' lang='lat' dir='ltr'>S..</span> <span class='ocrx_word' id='word_1_718' title='bbox 1478 2925 1606 2959; x_wconf 87' lang='lat' dir='ltr'>ipsorum</span> <span class='ocrx_word' id='word_1_719' title='bbox 1622 2923 1741 2956; x_wconf 81' lang='lat' dir='ltr'>decano,</span> <span class='ocrx_word' id='word_1_720' title='bbox 1762 2924 1792 2949; x_wconf 89' lang='lat' dir='ltr'>in</span> <span class='ocrx_word' id='word_1_721' title='bbox 1808 2922 2056 2957; x_wconf 84' lang='lat' dir='ltr'>archiepiscopum</span> <span class='ocrx_word' id='word_1_722' title='bbox 2079 2922 2256 2950; x_wconf 83' lang='lat' dir='ltr'>Bracharen·</span> 
     </span>
    </p>
   </div>
  </div>
 </body>
</html>
