2498 3242
170 271 227 302 929
1025 257 1240 296 SEPTIEME
1262 258 1422 294 ΑΝΝΕΕ.
2219 265 2278 296 930

168 336 363 367 adhaeserint,
381 336 406 362 si
419 335 468 370 qui
483 339 674 370 superessent
687 335 781 362 adhuc
797 334 975 364 absolvendi,
991 330 1182 359 absolutionis

169 384 341 412 beneficium
354 384 511 419 impendat.
528 399 560 404 -
580 383 661 416 (Rau.
682 384 723 414 17.
741 384 760 410 s.
778 383 825 410 ¹⁵25
842 389 883 413 ¹²⁰3
901 390 968 409 ann.
983 380 1049 412 Vll,
1064 388 1089 407 c.
1109 379 1182 411 443.)

212 512 225 527 ι
246 523 266 528 ..
284 501 417 538 episcopo
433 500 613 528 parisiensi.
637 499 682 528 Ex
703 503 793 537 parte
815 497 982 528 carissimi
998 496 1032 526 in
1049 495 1183 526 Christo

170 552 232 583 filii
249 552 355 583 nostri
371 552 420 587 L.,
438 551 527 589 regis
544 552 746 581 Francorum
763 549 917 585 illustris,
934 549 997 579 suit
1014 548 1109 578 nobis
1125 547 1184 577 hu-

170 605 296 635 militer
312 604 535 643 supplicatum
551 609 597 639 ut,
612 604 689 634 licet
707 603 860 634 nonnulli
876 602 989 633 clerici
1005 605 1036 631 et
1052 601 1129 630 laici
1145 599 1184 630 de

171 666 274 695 regno
290 657 431 687 Francie
449 658 507 696 qui
524 667 541 687 a
559 657 642 687 bone
656 657 814 687 memorie
831 655 948 689 Guala,
965 654 1052 684 tituli
1071 653 1184 684 Sancti

172 711 309 741 Martini
332 711 516 749 presbitero
533 710 710 746 cardinali,
730 714 806 739 tunc
824 708 1011 747 Apostolice
1026 707 1121 738 Sedis
1137 706 1185 736 le-

172 767 258 801 gato,
275 763 412 793 fuerunt
430 762 783 793 excommunicationis
799 761 931 791 vinculo
947 759 1109 791 innodati.
1127 768 1185 797 pro

173 825 210 847 eo
236 816 323 855 quod
348 816 435 846 clare
460 816 618 846 memorie
641 817 690 851 Li,
716 815 786 853 regi
811 814 965 845 Francie.
990 813 1075 852 patri
1100 813 1183 852 ejus,

171 869 312 899 intranti
330 878 470 907 regnum
481 868 600 906 Anglie
611 869 632 900 ¹,
648 868 861 902 adheserunt,
875 876 932 905 per
944 865 1085 897 eundem
1100 865 1184 903 lega-

172 925 241 951 tum
255 922 381 952 fuerint
396 922 603 960 postmodum
618 921 772 955 absoluti,
787 920 864 960 quia
880 925 990 950 tamen
1003 919 1185 950 verendum

172 978 221 1004 est
240 983 281 1004 ne
303 975 336 1004 in
359 979 448 1005 tanta
466 974 680 1005 multitudine
697 973 864 1012 supersint
882 972 988 1003 adhuc
1006 972 1110 1011 aliqui
1128 972 1186 1002 al)-

172 1027 339 1063 solvendi,
361 1036 460 1066 super
481 1027 542 1058 hoe
564 1027 612 1057 eis
635 1026 807 1066 providere
829 1025 1008 1056 salubriter
1030 1025 1186 1063 dignare-

171 1089 257 1110 mur.
277 1080 439 1117 Quocirca
457 1080 654 1110 mandamus
671 1083 836 1118 quatenus
856 1078 1028 1117 impendas
1046 1079 1182 1115 eisdem,

168 1133 262 1172 juxta
286 1133 427 1163 formam
453 1133 617 1167 Ecclesie,
635 1132 857 1163 absolutionis
881 1132 1095 1165 beneficium,
1114 1132 1185 1162 vice

171 1190 301 1221 nostra,
319 1186 470 1225 injuncto
489 1185 537 1215 eis
554 1185 641 1225 quod
659 1185 788 1225 dejure
807 1186 906 1216 fuerit
929 1185 1183 1224 injungendum.

172 1239 246 1269 Dat.
266 1239 432 1273 Laterani,
451 1239 483 1269 11
500 1248 605 1269 nonas
618 1239 778 1278 januarii,
794 1248 880 1269 anno
898 1238 1048 1277 septimo.
1070 1251 1082 1264 »

247 1438 267 1465 Ι
275 1437 362 1465 689

210 1499 372 1531 Luduvico,
391 1499 451 1533 regi
474 1499 665 1531 Francorum,
683 1499 828 1533 signifieat
844 1507 876 1525 se
893 1499 968 1525 illins
985 1499 1155 1533 petitiones,
1172 1508 1187 1525 a

175 1549 278 1583 Pleu-o]
298 1549 334 1575 de
352 1548 512 1575 Bussiaco2
527 1551 555 1575 et
571 1548 745 1582 Gluillelmo]
765 1548 800 1574 de
816 1548 982 1574 Senonibus
993 1548 1013 1580 ³,
1031 1549 1096 1583 ejus
1114 1557 1186 1574 nnn-

172 1598 231 1629 tiis,
245 1597 366 1629 oblataS,
384 1597 416 1623 ad
429 1597 549 1631 gratiam
567 1597 761 1623 exauditionis
773 1596 945 1624 admisisse:
965 1597 1075 1623 noverit
1090 1601 1185 1624 tamen

171 1646 276 1673 Sedent
292 1645 488 1680 Apostolicam
505 1654 559 1671 non
579 1653 664 1680 posse
681 1645 817 1671 omnibus
834 1645 956 1672 filiorum
972 1653 1091 1672 suorum
1109 1646 1187 1672 desi-

171 1694 431 1728 deriisindulgere.
449 1709 481 1714 —
500 1694 584 1728 (Rso.
606 1695 646 1726 Π,
668 1694 687 1721 f.
711 1694 761 1721 125
780 1701 822 1726 r0;
841 1703 906 1721 ann.
930 1693 998 1726 VH,
1015 1703 1041 1722 c.
1059 1694 1134 1728 4114.)

749 1436 861 1468 Lati-an,
879 1437 1020 1471 ajanvier
1036 1437 1114 1463 1234.

171 1829 174 1832 -
214 1822 226 1836 ιι
246 1811 290 1844 L.,
311 1810 428 1839 illustri
442 1811 508 1847 reyi
528 1811 732 1839 Francorum.
755 1810 818 1840 Pre
838 1809 972 1848 regibus
995 1814 1082 1840 terre
1103 1819 1185 1849 quos

170 1863 274 1900 Regis
297 1863 404 1893 eterni
426 1862 618 1901 benignitas
643 1863 817 1893 constituit
841 1863 1025 1900 gratiarum
1047 1872 1185 1894 munere

171 1916 345 1954 gratiosos,
365 1915 517 1946 exultans
529 1919 634 1945 mater
651 1915 799 1946 Ecclesia
810 1915 897 1946 clare
914 1916 1073 1946 memorie
1090 1925 1185 1954 reges

169 1969 265 2007 regni
283 1968 423 1998 Francie
442 1968 587 2006 puritate
606 1968 683 1998 fidei
703 1968 867 2007 reperisse
883 1969 1058 2007 precipuos
1081 1972 1112 1999 et
1128 1969 1185 1999 de-

169 2022 313 2052 votionis
336 2021 559 2060 preminentia
582 2021 797 2051 landabiliter
821 2021 1019 2059 insignitos,
1042 2021 1185 2052 libenter

168 2074 303 2105 illorum
330 2074 507 2104 desideriis
537 2083 572 2104 se
600 2073 817 2104 favorabilem
848 2074 980 2112 prebuit
1010 2078 1040 2104 et
1071 2083 1184 2104 eorum

170 2127 370 2165 ampliandis
390 2126 574 2157 honoribus
595 2127 805 2165 diligentiam
829 2126 982 2157 adhibuit
1005 2127 1182 2157 efficacem.

170 2180 256 2210 Hinc
275 2184 323 2209 est
341 2179 427 2218 quod
444 2188 521 2215 nos,
539 2179 578 2209 de
594 2179 742 2218 ipsorum
759 2179 882 2209 celebri
899 2180 1059 2209 memoria
1075 2185 1184 2219 pater-

170 2233 223 2263 nis
240 2232 371 2270 gaudiis
394 2232 581 2263 exultantes
603 2236 634 2262 et-
653 2232 887 2262 celsitudinem
909 2237 1016 2268 tuam,
1035 2242 1098 2271 que
1118 2233 1184 2263 tuis

170 2289 201 2316 et
217 2285 351 2315 illorum
371 2285 501 2315 meritis
524 2285 667 2323 copiosis
686 2288 777 2323 grata
795 2284 891 2315 nobis
910 2285 1059 2316 redditur
1078 2290 1109 2316 et
1129 2295 1184 2316 ac-

170 2342 274 2377 cepta.
307 2339 418 2367 favore
443 2341 580 2376 paterno
605 2337 761 2376 prosequi
788 2338 976 2376 cupientes,
1004 2338 1183 2377 petitiones

171 2394 260 2426 tuas,
281 2399 363 2430 quas
381 2390 476 2420 nobis
494 2390 607 2421 dilecti
624 2390 685 2420 filii
708 2391 744 2421 P.
763 2391 801 2421 de
818 2391 994 2426 Bassiaco,
1016 2391 1183 2422 archidia-

170 2453 290 2479 conus,
317 2448 347 2473 et
371 2444 409 2474 G.
435 2443 473 2473 de
495 2443 728 2481 Sen0n[ibus],
757 2444 938 2474 canonicus
965 2444 1180 2484 Bajocenses,

170 2497 282 2528 nuntii
306 2497 365 2531 tui,
383 2496 447 2526 viri
466 2496 595 2535 providi
611 2495 642 2527 e't
657 2497 809 2533 discreti,
827 2506 863 2527 ac
880 2497 914 2527 in
931 2498 1100 2528 commissi
1118 2499 1183 2528 sibi

171 2550 296 2589 negotii
321 2549 527 2589 promotione
550 2549 703 2585 solliciti,
729 2549 938 2586 obtulerunt,
968 2550 1008 2580 ad
1033 2551 1183 2589 expedite

204 2676 224 2700 i.
244 2676 316 2705 Qu'ii
337 2675 429 2699 suffiso
454 2675 488 2699 de
508 2675 635 2706 rappeler
654 2675 688 2699 ici
705 2682 758 2706 que
779 2675 864 2700 Louis
883 2675 946 2699 VIII
966 2676 1039 2699 avait
1058 2676 1105 2699 fait
1128 2683 1182 2700 une

170 2721 301 2745 descentc
317 2727 351 2744 en
366 2720 537 2750 Angleterre,
554 2719 590 2743 du
606 2719 701 2743 vivant
719 2719 753 2744 de
768 2727 819 2744 son
835 2719 908 2751 pere,
926 2727 959 2744 en
976 2720 1035 2744 ¹216

199 2765 223 2790 Σ).
241 2764 346 2796 ΑρροΙό
359 2766 456 2787 Petrus
469 2765 503 2787 de
519 2765 659 2787 floissiaco
671 2763 739 2787 dans
750 2763 872 2794 Teucer,
888 2766 1015 2794 Layencs
1028 2766 1067 2788 clu
1083 2766 1183 2788 Tresor

170 2811 219 2834 des
235 2810 360 2835 charles.
377 2812 394 2832 t.
413 2807 448 2836 II,
465 2815 491 2838 p.
507 2807 562 2837 ⁴25¹,
579 2812 608 2831 n·
625 2807 695 2832 22:38.

200 2853 222 2877 3.
238 2853 276 2876 Le
291 2853 386 2882 nic-mo,
399 2858 463 2876 sans
476 2851 570 2880 doute,
582 2859 635 2882 que
648 2853 782 2882 mayi'sler
794 2854 963 2877 Guillelmus
977 2855 1010 2876 de
1021 2855 1182 2877 Senonibus

168 2898 214 2927 (ou
229 2899 262 2920 de
278 2898 418 2925 Simonis),
433 2897 555 2920 clericus
568 2897 680 2920 domini
701 2897 783 2927 regis,
800 2897 846 2927 qui
868 2897 954 2927 figure
975 2897 1043 2921 dans
1059 2897 1181 2927 TEUIAET,

169 2944 304 2971 Layetles.
321 2944 382 2969 em,
399 2944 418 2964 t.
436 2940 470 2969 II,
487 2948 532 2971 pp.
550 2940 595 2965 358
611 2944 637 2964 et
653 2940 706 2971 552,
724 2947 750 2966 n.
764 2941 821 2966 ‘2591
841 2944 867 2965 ct
884 2941 952 2965 3‘231.

294 2991 480 3023 oneoouza
499 2998 550 3027 lx,
569 3001 587 3023 t.
608 2999 628 3022 1.

1266 330 1405 367 gratiam
1423 330 1645 360 exauditionis
1669 331 1882 360 admisimus.
1909 335 2035 360 retento
2053 331 2148 361 nobis
2166 332 2276 362 animo

1265 386 1312 415 ut,
1339 382 1614 421 quandocumque
1643 392 1715 412 cum
1741 384 1807 413 Deo
1833 387 1861 411 et
1889 383 2061 413 honestate
2088 392 2274 421 possumus.

1266 435 1332 465 tuis
1350 435 1434 464 votis
1455 435 1583 465 ilariter
1606 444 1804 465 annuamus.
1827 436 2004 471 Quocirca,
2025 436 2195 466 benedicte
2213 436 2275 466 ali.

1266 487 1399 517 obtenta
1416 488 1454 518 de
1473 488 1567 518 nobis
1584 488 1639 518 illa
1660 488 1791 517 fiducia.
1808 488 1893 526 quod
1912 492 1940 517 te
1958 489 2044 518 inter
2061 499 2153 519 caros
2172 489 2277 520 Eccle-

1267 539 1315 569 sie
1333 540 1544 570 carissimum
1563 541 1695 570 assidu<¹
1717 545 1917 578 reputemus,
1938 542 2040 579 parati
2059 542 2161 579 patris
2179 544 2277 572 all'ec-

1267 596 1335 621 tum
1353 593 1439 622 circa
1464 597 1493 622 te
1515 593 1671 629 conf-'ruis
1693 593 1897 631 temporibus
1915 593 2098 623 lilwralitun-
2116 604 2278 632 exponere

1267 654 1324 683 per
1347 646 1516 678 etim-tum,
1542 654 1711 684 nunquam
1737 646 1796 675 tibi
1823 646 1955 683 suf-'geri
1979 646 2029 675 vel
2053 647 2117 675 tuis
2142 647 2278 685 patiaris

1268 698 1405 728 auribus
1432 699 1601 728 instillari.
1633 699 1718 737 quod
1744 699 1802 728 tibi
1827 698 1917 728 aliud
1934 709 2032 737 quam
2051 700 2278 738 prosperitatis

1267 756 1482 789 augmentum
1495 756 1525 782 et
1536 752 1672 781 lionoris
1684 751 1926 791 plenitudinem
1940 754 2143 782 ati'ectemus.
2157 754 2279 783 Verum

1268 804 1330 834 etsi
1354 805 1506 834 fortassis
1532 814 1569 835 ex
1597 804 1654 833 illo
1682 805 1885 834 contrarium
1914 809 2082 842 presumat
2112 806 2279 835 temeritas

1268 857 1467 896 aliquorum,
1483 858 1562 896 quia
1576 858 1774 896 quandoque
1790 868 1854 887 ιιοιι
1872 867 1908 887 ex
1927 862 1992 888 toto
2008 848 2178 895 pei-licitur
2194 859 2281 897 quod

1268 910 1462 941 excellentie
1487 915 1540 940 tu(¹
1566 911 1700 941 nomine
1724 910 1920 948 postulatur.
1950 911 2163 940 serenitatem
2190 916 2279 941 tuam

1268 968 1380 994 tenere
1408 964 1560 994 volumus
1588 968 1616 994 et
1641 964 1813 993 hortamur
1838 963 2002 993 defectum
2026 963 2215 1002 hujusmodi
2243 973 2280 994 ex

1267 1016 1329 1046 hac
1346 1017 1415 1046 sola
1433 1026 1532 1046 causa
1548 1016 1735 1055 procedere,
1754 1017 1833 1055 quia
1846 1016 1933 1055 quod
1949 1016 2128 1055 aliquando
2145 1017 2278 1055 petitur,

1268 1070 1384 1109 nequit
1414 1070 1604 1108 Apostolice
1632 1070 1727 1101 Sedis
1754 1070 1945 1107 benignitas
1976 1069 2166 1107 indulgere;
2199 1080 2277 1109 que,

1269 1132 1460 1161 quanquam
1479 1123 1605 1162 jugiter
1628 1123 1737 1161 cupiat
1763 1123 1850 1153 eirca
1874 1123 1960 1153 filios
1984 1122 2139 1153 exhibere
2165 1124 2281 1154 matris

1268 1176 1424 1211 officium,
1441 1180 1549 1206 tamen
1562 1176 1696 1206 illorum
1708 1176 1884 1205 desideriis
1900 1175 2038 1214 petitum
2057 1185 2120 1205 non
2139 1176 2281 1215 applicat

1270 1229 1402 1259 assidue
1426 1229 1720 1267 complementum,
1742 1228 1881 1267 eoquod
1905 1228 2160 1267 sepiusjustitie
2182 1229 2282 1258 recti-

1270 1283 1347 1312 tudo
1368 1292 1432 1311 non
1457 1283 1605 1312 conferat
1627 1291 1689 1320 que
1713 1282 1857 1320 petentis
1878 1281 1967 1319 cupit
1989 1282 2119 1311 affectio
2143 1281 2191 1311 vel
2218 1282 2281 1311 im-

1268 1335 1386 1374 plorat.
1404 1336 1472 1365 Hac
1489 1335 1602 1373 igitur,
1622 1335 1668 1364 fili
1685 1335 1874 1364 karissime.
1893 1338 2067 1364 contentus
2087 1334 2209 1364 instrui
2227 1344 2282 1365 ve-

1268 1389 1360 1418 ritati
1387 1397 1531 1418 consona
1561 1388 1704 1422 ratione,
1731 1387 1890 1426 quicquid
1917 1387 2070 1417 voluntas
2102 1374 2282 1417 arbit-retur

1269 1441 1442 1471 hominnm
1460 1441 1510 1470 vel
1527 1446 1681 1478 suggerat
1696 1441 1878 1479 procacitas
1892 1440 2095 1479 aliquorum,
2113 1450 2207 1477 geras
2224 1450 2282 1478 pro

1269 1493 1443 1523 infallibili
1456 1498 1487 1523 et
1501 1494 1625 1523 habeas
1637 1494 1737 1523 etiam
1752 1503 1809 1531 pro
1825 1493 1991 1523 constanti
2007 1494 2085 1532 quia
2104 1499 2132 1523 te
2151 1494 2281 1524 sincere

1269 1546 1303 1576 in
1327 1546 1461 1577 Christo
1482 1546 1654 1583 diligimus
1675 1550 1705 1575 et
1725 1546 1791 1575 tuis
1809 1555 1924 1575 vacare
1947 1546 2149 1583 profectibus
2173 1546 2282 1576 delec-

1270 1604 1379 1629 tamur
1400 1609 1405 1628 :
1424 1599 1546 1638 quibus
1560 1604 1595 1628 ut
1613 1599 1722 1628 facilis
1738 1599 1791 1628 via
1809 1602 1914 1636 pateat
1931 1603 1961 1627 et
1978 1599 2134 1627 continue
2152 1608 2281 1636 prospe-

1269 1653 1380 1682 ritatis
1398 1652 1512 1691 radius
1533 1652 1716 1686 illucescat,
1734 1651 1863 1681 studeat
1881 1655 1935 1680 tua
1954 1650 2155 1682 sublimitas.
2173 1651 2282 1689 quoli-

1269 1705 1324 1735 bet
1341 1705 1491 1735 abdieato
1509 1705 1607 1735 tedio.
1628 1704 1686 1733 illa
1704 1713 1834 1742 semper
1854 1704 1982 1733 efficere
2000 1712 2057 1741 per
2073 1712 2136 1742 que
2159 1704 2282 1734 dicaris

1270 1758 1310 1788 ab
1328 1758 1483 1788 omnibus
1500 1758 1661 1787 virtutum
1680 1757 1902 1799 preminentia
1927 1756 2125 1794 prefulgere.
2153 1757 2226 1786 Dat.
2249 1761 2283 1786 nt

1270 1820 1378 1850 Supra.
1401 1823 1413 1838 n

1344 2011 1363 2038 Ι
1372 2009 1462 2038 690

1304 2073 1447 2108 Episcopo
1469 2072 1604 2099 Bobiensi
1624 2071 1738 2098 mandat
1754 2075 1916 2105 quatenns,
1936 2071 1988 2097 nisi
2008 2071 2119 2097 Aretini
2140 2071 2280 2105 quaedam

1842 2008 1954 2035 Latran.
1973 2007 2113 2042 7janvier
2133 2008 2207 2034 1234.

1227 2114 1229 2142 ἕ
1267 2126 1374 2149 statuta
1394 2123 1421 2148 in
1442 2121 1657 2155 derogationem
1681 2120 1864 2154 Apostolieae
1881 2120 1967 2145 Sedis
1983 2124 2009 2145 et
2028 2120 2167 2146 libertatis
2183 2121 2281 2145 eccle-

1267 2171 1402 2198 siasticae
1415 2171 1490 2197 edita
1506 2171 1541 2196 de
1558 2170 1620 2196 suis
1636 2169 1813 2204 capitulariis
1829 2169 2000 2199 abraserint,
2016 2176 2066 2194 eos
2082 2168 2115 2194 ad
2133 2169 2187 2194 boc
2201 2176 2279 2194 com-

1267 2220 1363 2255 pellat.
1379 2233 1414 2239 —
1429 2219 1513 2251 (tiso.
1534 2220 1575 2251 17,
1592 2219 1610 2244 s.
1633 2219 1679 2245 1⁶25
1697 2225 1740 2246 w:
1758 2226 1825 2245 ann.
1845 2216 1907 2245 Vll,
1925 2225 1951 2243 c.
1969 2217 2040 2247 445.)

1309 2349 1321 2363 «
1348 2359 1366 2365 ..
1396 2337 1530 2374 episcopo
1553 2336 1701 2365 Bobiensi,
1722 2334 1756 2364 Si
1779 2333 1891 2363 dilecti
1911 2332 1972 2362 tilii
1991 2350 2039 2361 —.
2063 2332 2153 2363 Sicut
2178 2333 2279 2362 enim.

1266 2389 1450 2420 venerabili
1469 2389 1569 2419 fratre
1588 2392 1700 2418 nostro
1721 2411 1740 2416 ..
1764 2387 1917 2425 episcopo
1936 2390 1965 2416 et
1983 2385 2113 2416 dilectis
2130 2385 2209 2415 tiliis
2226 2395 2280 2415 ca-

1265 2443 1371 2482 pitulo
1384 2443 1533 2473 Aretinis
1547 2442 1691 2471 cri-aviter
1705 2440 1997 2479 conquerentibus.
2012 2438 2108 2469 nobis
2122 2438 2278 2471 innotuit,

1266 2506 1340 2528 cum
1358 2497 1494 2527 Aretina
1514 2495 1671 2530 ecelesia,
1690 2504 1747 2533 per
1763 2498 1886 2523 statuta
1907 2493 2052 2523 civitatis
2068 2492 2221 2526 Aretine,
2240 2492 2280 2521 ab

1265 2551 1421 2582 omnibus
1444 2549 1593 2587 angariis
1613 2555 1644 2579 et
1664 2547 1893 2579 exactionibus
1918 2547 1959 2575 sit
1984 2545 2087 2575 libera
2108 2550 2137 2575 et
2157 2545 2279 2574 immu-

1266 2604 1335 2639 nis,
1359 2608 1390 2634 et
1408 2603 1473 2642 ipsi
1491 2606 1636 2641 potestas
1653 2606 1684 2631 et
1700 2600 1840 2639 populus
1854 2602 1862 2620 ¹
1875 2600 1968 2638 jura,
1993 2599 2152 2627 honores,
2179 2598 2279 2626 lilwr-

1265 2662 1366 2692 tates,
1391 2656 1631 2686 immunitates,
1656 2659 1684 2684 et
1710 2653 1862 2683 homines
1884 2662 1919 2682 ac
1941 2652 2024 2681 bona
2042 2651 2148 2689 ipsius
2165 2655 2278 2680 contra

1266 2710 1349 2740 alios
1372 2713 1588 2740 manutenere
1613 2711 1788 2737 tte-neantur
1812 2711 1839 2735 et
1863 2705 1961 2734 etiam
1983 2704 2174 2734 defensare.
2202 2703 2276 2741 ipsi.

1266 2768 1424 2802 tanquam
1444 2760 1698 2799 ingratitudinis
1716 2759 1787 2788 tilii.
1810 2759 1909 2787 inuno
1927 2757 2015 2786 velut
2033 2756 2143 2785 hostes
2156 2756 2276 2794 iniqui.

1266 2816 1405 2846 eandem
1429 2815 1620 2845 ecclesiam.
1642 2817 1779 2842 matrem
1798 2820 1908 2841 snam.
1931 2811 1963 2839 in
1981 2818 2092 2839 eornm
2113 2809 2276 2838 excidium

1297 2943 1331 2971 (i)
1348 2942 1465 2965 Arctini.
