2498 3242
237 314 297 344 369

235 399 397 434 praedictos
418 398 572 425 monachos
589 397 624 424 ab
646 397 746 424 eodem
765 397 882 430 comite,
899 397 960 433 ejus
980 406 1066 424 uxore
1084 406 1241 433 eorumque

236 446 395 473 fautoribus
418 454 475 473 nou
496 445 666 480 permittant
693 445 852 472 molestari.
878 461 911 466 -
934 446 1013 480 (ttae.
1041 448 1080 479 ¹5,
1105 446 1123 473 s.
1147 448 1180 473 (32
1200 455 1244 479 νος

235 503 302 522 ann.
321 495 367 527 lv,
386 503 408 522 c.
427 495 490 528 1403
509 509 541 514 —
557 494 671 521 Mem-:au
691 495 765 526 ¹¹86,
782 493 801 521 f.
822 495 893 528 130.)

275 623 290 638 «
317 635 336 641 ..
354 611 491 650 episcopo
509 615 538 640 ct
559 634 579 640 ..
599 610 720 640 cantori
739 610 1040 646 Caclealaunensibns,
1059 616 1087 640 ec
1105 634 1126 642 ..
1148 611 1244 641 arclzz'-

234 663 360 694 ᾱίαεοηο
381 663 558 694 Senonensi.
577 663 680 694 Gravi
700 672 816 694 sumus
837 664 950 694 dolore
973 664 1095 694 turbati
1118 666 1149 694 et
1172 665 1244 695 lior-

234 726 307 748 rore
334 717 489 756 perculsi,
515 717 605 755 quia,
631 717 716 747 sicut
742 717 782 746 ad
806 725 865 747 nos
889 717 999 747 valido
1025 718 1056 747 et
1080 718 1244 756 stupendo

233 771 378 800 clamore
392 769 554 808 pervenit,
568 771 667 808 caput
678 769 870 808 iniquorum
880 770 1034 800 diabolus
1046 787 1079 791 —
1097 770 1243 801 nobilem

234 823 344 853 virum
359 846 381 853 ..
395 823 548 853 comitem
565 822 806 853 Nivernensem
817 823 897 853 adeo
910 823 1139 858 intlammavit,
1155 824 1243 862 quod

233 876 473 907 monasterium
488 876 737 910 Virziliacense,
755 875 842 914 quod
861 876 901 905 ad
918 884 977 906 nos
994 877 1085 906 nullo
1102 877 1243 915 pertinet

232 929 409 963 mediante,
440 930 517 959 tunc
547 928 677 959 abbatis
704 929 821 959 solatio
851 929 1056 963 destitutum,
1084 930 1243 967 gravibus

231 982 339 1012 affecit
353 980 538 1021 dispendiis
554 982 586 1011 et
602 981 787 1011 innumeris
806 981 938 1020 injuriis
955 982 1135 1012 lacescivit.
1155 982 1241 1012 Nam

232 1044 306 1066 cum
326 1035 449 1065 dictum
467 1034 706 1064 monasterium
723 1035 899 1065 defendere
919 1037 1032 1065 contra
1052 1035 1136 1066 alios
1153 1037 1241 1066 tene-

231 1089 332 1122 retur,
350 1089 483 1126 propter
499 1087 603 1117 multa
620 1087 779 1116 beneficia
795 1096 858 1125 que
871 1088 934 1117 tam
954 1088 1022 1126 ipse
1036 1096 1135 1126 quam
1154 1088 1241 1118 clare

232 1141 391 1171 memorie
417 1140 554 1170 comites
577 1140 816 1173 Nivernenses,
839 1140 1088 1179 predecessores
1111 1142 1175 1175 sui,
1201 1141 1240 1171 ab

231 1194 345 1224 eodem
363 1193 521 1223 hactenus
538 1193 765 1232 perceperim&
785 1193 854 1231 ipse
871 1193 1051 1223 multorum
1068 1194 1241 1224 beneficio-

230 1255 304 1276 rum
320 1246 496 1275 immemor
509 1247 540 1275 et
558 1245 717 1283 ingratus,
738 1245 808 1275 Deo
825 1254 859 1275 se
880 1247 911 1275 et
931 1246 1076 1276 Ecclesie
1092 1248 1240 1276 statuens

229 1299 403 1329 inimicum
421 1300 451 1328 et
468 1307 502 1328 se
521 1299 624 1327 totum
642 1298 674 1327 in
692 1297 851 1335 abyssum
874 1298 1116 1336 desperationis
1138 1299 1240 1328 addu-

229 1360 318 1385 cens,
343 1352 539 1389 congregato
561 1350 707 1380 exercitu
733 1358 809 1379 cum
833 1350 1033 1381 satellitibus
1057 1351 1139 1387 suis,
1163 1359 1239 1380 con-

227 1405 391 1436 sentiente
410 1404 442 1433 in
459 1403 519 1433 hoc
540 1403 603 1433 sibi
626 1403 729 1433 nobili
750 1403 890 1433 muliere
906 1427 925 1432 ..
944 1413 1045 1433 uxore
1067 1413 1137 1439 sua,
1156 1404 1241 1433 sicut

226 1458 333 1497 patuit
350 1465 389 1487 ex
407 1457 580 1496 postfacto,
597 1458 711 1486 contra
726 1456 850 1486 dictum
876 1457 1115 1486 monasterium
1139 1465 1173 1487 se
1190 1466 1239 1486 ac-

227 1510 342 1545 cinxit,
361 1510 395 1540 in
412 1509 563 1540 homines
579 1509 658 1539 ville
674 1509 923 1539 Virziliacensis
937 1518 974 1539 ac
987 1509 1073 1539 bona
1090 1510 1239 1547 ipsorum

227 1563 392 1594 hostiliter
415 1563 557 1597 irruens,
584 1571 621 1592 ac
646 1563 680 1592 in
706 1562 858 1592 vastitate
880 1562 996 1592 hostili
1020 1562 1145 1601 absque
1173 1563 1240 1593 ulla

228 1616 458 1646 misericordia
471 1615 645 1645 destruens
659 1615 831 1651 universa;
847 1616 878 1645 et
889 1616 1043 1654 quamvis
1058 1639 1076 1644 ..
1095 1616 1240 1645 decanus

229 1670 261 1700 et
273 1669 409 1708 quidam
428 1677 469 1699 ex
483 1668 643 1698 fratribus
657 1668 805 1707 ejusdem
820 1669 1014 1698 monasterii
1029 1669 1183 1707 prostrati
1199 1669 1240 1699 ad

228 1723 330 1762 pedes
351 1722 435 1761 ejus,
455 1730 529 1752 cum
554 1722 658 1752 multa
677 1730 814 1760 precum
840 1722 996 1752 instantia
1014 1722 1043 1751 ei
1072 1722 1242 1752 humiliter

229 1775 472 1814 supplicassent
489 1776 524 1805 ut
537 1783 612 1805 cum
628 1775 846 1813 quadraginta
859 1775 911 1805 vel
925 1775 1168 1814 qninquaginta
1181 1775 1241 1805 mi-

228 1828 344 1858 litibus
360 1828 496 1858 intraret
512 1828 628 1859 villam
645 1828 752 1867 ipsam
768 1828 916 1866 pacifice,
934 1828 961 1857 si
975 1828 1130 1866 placeret,
1148 1830 1177 1858 et
1194 1828 1241 1858 ibi

229 1880 325 1918 quasi
342 1880 374 1910 in
396 1880 494 1910 domo
514 1889 574 1910 sua
591 1888 625 1910 se
643 1888 679 1910 ac
703 1888 781 1909 suos
802 1879 923 1909 faceret
945 1879 1108 1913 exhiberi,
1127 1881 1157 1909 et
1175 1888 1239 1909 non

228 1933 321 1964 daret
341 1933 428 1963 bona
451 1933 644 1963 monasterii
662 1933 696 1962 in
714 1932 950 1963 exterminium
967 1941 1004 1962 ac
1020 1932 1240 1971 direptionem

229 1987 261 2017 et
277 1987 424 2026 predam,
444 1987 526 2025 ipse,
550 1986 647 2024 quasi
664 1986 768 2016 effusa
789 1994 889 2024 super
909 1993 985 2015 enm
1008 1994 1074 2015 una
1090 1986 1129 2015 de
1153 1986 1241 2016 fiatis

230 2039 277 2070 ire
296 2040 370 2074 Dei,
391 2040 473 2070 tlecti
492 2048 557 2069 non
575 2039 680 2078 potuit
698 2047 757 2069 nec
774 2039 887 2069 induci
904 2040 938 2068 ut
956 2038 1065 2068 oblata
1083 2039 1242 2077 reciperet

229 2094 261 2123 et
276 2101 310 2123 se
323 2093 363 2123 ab
380 2093 513 2132 injuriis
530 2092 723 2122 monasterii
740 2093 950 2130 temperare&
971 2092 1121 2130 quinimo
1137 2092 1242 2122 factus

230 2146 417 2185 protervior
439 2146 583 2176 furorem
608 2154 705 2175 suum
723 2145 829 2183 magis
851 2153 888 2174 ac
905 2145 1011 2183 magis
1031 2153 1196 2175 exacuens
1211 2146 1243 2175 et

230 2200 326 2238 quasi
353 2199 464 2238 ignem
488 2199 750 2237 indignationem
780 2206 875 2228 suam
901 2198 1086 2235 effundens,
1115 2198 1241 2228 desevit

229 2252 399 2282 crudelius
422 2252 456 2282 in
479 2251 719 2282 monasterium
743 2252 976 2281 memoratum.
1004 2251 1129 2281 Villam
1152 2251 1241 2281 enim

230 2305 505 2336 Virziliacensem
523 2304 664 2338 obsedit,
688 2303 836 2334 sontibus
857 2304 1010 2334 custodes
1027 2304 1190 2338 adhibuit,
1212 2305 1242 2334 et

230 2358 388 2389 victualia
404 2358 642 2388 monachorum
663 2358 693 2387 et
713 2357 887 2387 hominum
907 2366 1044 2387 suorum
1066 2365 1241 2395 consump-

229 2411 288 2447 sit;
305 2411 531 2451 appositisque
552 2410 716 2440 machinis
732 2410 772 2440 ad
786 2410 1044 2440 destructionem
1056 2418 1240 2445 murorum,

230 2464 262 2494 et
286 2464 534 2494 balistariorum
560 2463 629 2493 acie
657 2463 696 2493 ad
723 2465 851 2501 strages
881 2459 1241 2497 hominumordinata,

229 2518 342 2557 plures
363 2517 498 2547 fuerunt
520 2516 564 2546 ibi
590 2516 826 2547 miserabiliter
848 2516 1011 2546 interfecti
1035 2517 1066 2546 et
1090 2515 1242 2546 nonnulli

230 2568 372 2601 letaliter
384 2570 560 2600 vulnerati.
575 2570 723 2608 Cumque
735 2569 804 2607 jam
817 2569 923 2599 tribus
933 2569 1052 2599 diebus
1065 2578 1243 2608 consump-

231 2623 274 2653 tis
296 2622 498 2653 victualibus
523 2622 732 2652 obsidionem
760 2622 953 2661 hujusmodi
978 2622 1185 2656 tolerassent,
1213 2623 1244 2652 et

231 2678 343 2707 essent
359 2676 440 2706 adeo
460 2676 724 2714 coarctati.11uod
740 2676 854 2706 nullus
872 2676 920 2705 ets
942 2676 1114 2713 ingressus
1132 2677 1244 2714 patere

230 2731 359 2769 poterat
377 2729 429 2759 vel
442 2729 829 2767 egressus,venerabiles
841 2728 958 2758 fratres
974 2729 1077 2758 nostri
1097 2752 1116 2757 ..
1137 2728 1244 2758 archi-

232 2783 408 2822 episcopus
443 2781 657 2816 Senonensis,
675 2804 694 2810 ..
714 2781 890 2820 episcopus
912 2781 1198 2812 Autisiodorensis
1215 2783 1246 2812 et

233 2835 450 2875 quamplures
466 2834 601 2865 abbates
623 2834 679 2873 qui
695 2836 774 2864 tunc
789 2836 959 2873 presentes
972 2836 1076 2871 erant,
1094 2835 1245 2865 videntes

233 2888 404 2927 angustias
422 2887 595 2918 etdolores
610 2888 779 2922 eorum,et
787 2887 1004 2918 formidantes
1021 2888 1147 2926 majora
1163 2888 1246 2926 peri-

235 2941 310 2972 cula
329 2942 360 2971 et
382 2940 622 2970 desolationem
644 2940 837 2970 monasterii
859 2941 1134 2979 proventui-afim,
1158 2941 1246 2979 apud

233 2993 377 3024 eundem
395 2993 550 3023 comitem
567 2993 762 3031 suppliciter
778 2993 969 3023 institerunt
989 2995 1024 3023 ut
1040 2993 1080 3023 ab
1096 2993 1245 3032 ejusdem

359 3038 547 3071 eneconis
566 3045 615 3072 ix,
632 3045 692 3069 t.1.

1071 315 1221 350 QUATR
1231 309 1337 347 [EME
1361 317 1454 348 ANN
1462 313 1526 348 E'E.

2250 330 2309 360 370

1274 402 1278 438 t
1298 402 1489 432 monasterii
1500 403 1728 435 molestatione
1741 408 1895 437 cessaret.
1909 407 1973 438 Sed
1984 417 2058 438 eum
2072 418 2129 439 nec
2141 410 2187 440 sic
2198 413 2309 450 posset

1274 446 1276 524 j
1295 453 1368 492 ejus
1391 455 1523 485 animus
1545 457 1701 495 mitigari,
1726 459 1790 487 tam
1814 459 1876 497 ipsi
1898 469 1997 498 quam
2019 462 2153 500 quidam
2178 464 2307 495 nobiles

1296 507 1352 545 qui
1368 509 1609 546 compassionis
1627 510 1778 540 allectum
1795 511 1901 541 eidem
1920 515 2120 544 monasterio
2139 516 2306 554 impende-

1273 529 1276 596 Ι
1295 559 1386 593 bant,
1408 560 1448 590 ad
1470 561 1641 592 tractatum
1667 563 1757 601 pacis
1780 566 1937 602 ceperunt
1962 566 2171 604 interponere
2196 571 2305 607 partes

1273 598 1383 662 isuaS,
1411 613 1442 642 et
1464 614 1597 644 tandem
1620 616 1737 653 prefati
1764 617 1916 647 monachi
1941 619 1972 648 in
1999 622 2085 649 arcto
2114 621 2211 659 positi
2239 631 2305 660 qua

1294 664 1445 702 poterant
1469 667 1596 701 euntes,
1627 676 1702 697 cum
1728 668 1857 698 nullum
1885 670 1949 699 nisi
1979 671 2017 700 de
2046 672 2114 701 celo
2140 674 2304 704 auxilium

1272 736 1273 750 ,
1294 718 1515 754 expectarent,
1537 719 1569 749 in
1594 720 1755 758 prefatum
1783 722 2068 762 archiepiscopum
2090 734 2164 754 cum
2185 727 2304 757 comite

1272 769 1482 808 ‘supradicto
1508 773 1773 811 compromittere
1797 776 1874 804 sunt
1900 776 2014 812 eoacti,
2038 778 2067 805 et
2093 778 2138 806 sic
2166 780 2303 817 utraque

1272 830 1370 860 ¹pars
1401 823 1433 853 in
1459 825 1601 854 eundem
1626 826 1912 866 archiepiscopum
1935 829 2029 865 juxta
2059 830 2192 868 vulgare
2219 833 2303 862 terre

1293 874 1366 904 haut
1383 881 1409 905 et
1427 876 1478 906 bas
1494 879 1733 916 compromisit,
1756 880 1892 917 prestito
1911 881 2146 912 ni‹.·bilominus
2166 892 2185 912 a
2204 885 2302 921 parti—

1271 927 1356 988 lbus
1382 929 1583 967 juramento,
1615 932 1650 961 ut
1676 932 1835 970 quicquid
1864 933 1934 972 ipse
1964 935 2135 964 mandaret
2164 936 2303 965 tirmiter

1293 980 1519 1012 observarent.
1534 983 1624 1013 Idem
1640 993 1718 1014 vero
1731 985 2011 1025 aicliiepiscopus,
2026 989 2123 1025 prout
2136 989 2302 1024 convenit,

1295 1042 1358 1064 non
1374 1035 1545 1065 attendens
1558 1037 1645 1075 quod
1663 1037 1777 1067 utilius
1792 1039 1986 1069 scandalum
2001 1040 2089 1070 nasci
2103 1041 2304 1079 permittitur

1270 1094 1390 1133 1¹quam
1416 1088 1503 1125 quod
1531 1089 1652 1119 veritas
1676 1090 1894 1128 relinquatur,
1920 1092 2041 1126 tamen,
2066 1094 2162 1130 prout
2185 1093 2303 1132 potuit,

1293 1147 1358 1168 non
1378 1141 1412 1170 ut
1429 1140 1544 1176 voluit,
1568 1142 1706 1172 credens
1726 1143 1864 1174 ecclesie
1883 1145 2058 1183 providere
2079 1147 2110 1175 et
2130 1146 2302 1176 attendens

1292 1192 1516 1223 miserabilem
1533 1195 1654 1224 statum
1671 1196 1808 1226 ecclesie
1825 1198 1855 1226 et
1874 1197 2037 1227 malitiam
2056 1198 2223 1236 temporis,
2244 1207 2302 1229 nec

1294 1253 1357 1274 non
1381 1247 1411 1275 ct
1433 1246 1688 1277 destructionem
1714 1250 1905 1279 monasterii
1930 1252 1961 1279 et
1984 1250 2061 1280 ville
2087 1251 2302 1281 Virziliacen-

1293 1297 1392 1333 sium,
1417 1307 1479 1336 que
1500 1300 1569 1337 jam
1596 1300 1628 1330 in
1650 1300 1765 1338 januis
1787 1302 1977 1340 apparebat,
2004 1303 2167 1341 iniquum,
2200 1304 2301 1335 immo

1270 1380 1271 1385 ¹
1293 1350 1542 1389 iniquissimum
1563 1353 1737 1383 arbitrium
1760 1355 2000 1392 promulgatum
2023 1357 2110 1394 quod
2132 1357 2160 1386 si
2176 1357 2302 1387 contin-

1292 1405 1381 1441 geret
1399 1404 1582 1440 observari‚
1605 1406 1727 1435 dictum
1754 1408 1992 1438 monasterium
2017 1408 2232 1448 irreparabile
2255 1410 2301 1439 in-

1292 1458 1439 1486 curreret
1457 1457 1703 1488 detrimentum.
1724 1460 1809 1494 Quia
1827 1469 1905 1490 vero
1922 1461 2078 1499 Jamdi‹·to
2101 1462 2301 1492 monasterio

1292 1507 1434 1545 irrogata
1454 1508 1575 1546 injuria
1595 1511 1684 1539 tanto
1700 1511 1878 1548 specialius
1898 1520 1957 1541 nos
1978 1513 2105 1550 aflligit,
2122 1515 2245 1552 quanto
2261 1514 2302 1543 ad

1295 1570 1354 1590 nos
1376 1561 1408 1591 in
1427 1561 1660 1600 spiritualibus
1680 1564 1709 1592 et
1726 1564 1965 1602 temporalibus
1988 1566 2079 1594 nullo
2103 1566 2211 1595 medio
2232 1575 2302 1605 per-

1293 1614 1414 1645 tinens,
1443 1623 1503 1644 nos
1527 1616 1601 1653 post
1627 1616 1735 1646 Deum
1762 1618 1871 1655 sperat
1894 1618 2071 1655 precipuos
2097 1618 2300 1653 defensores,

1294 1667 1485 1697 discretioni
1500 1670 1606 1698 vestre
1618 1678 1676 1707 per
1687 1670 1866 1707 apostolica
1880 1671 2001 1709 scripta
2015 1672 2212 1701 mandamus
2227 1681 2304 1709 qua-

1292 1721 1439 1754 tenus‚si
1457 1721 1551 1751 vobis
1573 1722 1759 1751 constiterit
1774 1723 1837 1753 tale
1849 1732 1921 1753 esse
1933 1724 2118 1753 arbitrium.
2134 1724 2243 1762 qualis
2255 1725 2304 1754 cst

1270 1789 1271 1811 3
1293 1774 1388 1804 tenor
1403 1782 1501 1811 quem
1518 1774 1613 1804 vobis
1630 1775 1691 1804 snb
1701 1775 1791 1806 bulla
1807 1777 1917 1805 nostra
1933 1777 2191 1806 transmittinuis
2205 1777 2303 1807 inter-

1270 1821 1271 1856 ]
1294 1827 1438 1862 clusum,
1455 1827 1606 1856 abbatem
1624 1829 1653 1857 et
1670 1828 1851 1858 monachos
1872 1829 2055 1859 antedictos
2081 1829 2303 1868 pronuntietis

1294 1881 1334 1910 ad
1343 1879 1414 1919 ejus
1424 1880 1670 1910 observantiam
1684 1890 1748 1911 non
1764 1882 1925 1919 teneri,ac
1943 1883 2303 1921 revocantesquicquid

1294 1942 1336 1963 ex
1351 1942 1388 1963 eo
1409 1934 1558 1963 secutum
1575 1934 1623 1963 est
1639 1934 1690 1963 vel
1707 1934 1747 1963 ob
1763 1934 1886 1972 ipsum,
1906 1936 1971 1964 tani
1991 1935 2131 1965 eundem
2147 1935 2302 1965 comitem

1295 1988 1324 2016 et
1341 1995 1477 2015 uxorem
1498 1986 1602 2024 ipsius
1615 1987 1656 2016 ad
1674 1987 1877 2017 reddendum
1894 1988 1942 2017 eis
1960 1989 2135 2025 pecuniam
2144 1997 2243 2026 qnam
2256 1996 2302 2018 re·
2327 1994 2331 1998 ”

1271 2078 1272 2083 1
1295 2041 1451 2077 ceperunt
1472 2039 1532 2068 sub
1550 2039 1683 2069 nomine
1705 2040 1812 2069 mutui
1832 2040 1872 2070 ab
1891 2041 2028 2074 eisdem,
2054 2050 2153 2079 quam
2168 2041 2257 2079 ipsos
2273 2042 2304 2071 et

1296 2092 1454 2122 omnesin
1467 2091 1536 2121 loco
1551 2092 1694 2121 fautores
1710 2100 1825 2121 eorum
1835 2093 1876 2122 ad
1893 2093 2132 2122 restituendum
2144 2095 2305 2124 monaste·

1271 2152 1272 2173 ς
1296 2145 1510 2183 rioquicquid
1528 2145 1735 2175 abstulerunt
1750 2146 1907 2179 eidem,et
1922 2147 1961 2176 ad
1981 2147 2252 2177 satisfaciendum
2265 2147 2305 2177 de

1295 2198 1450 2237 dampnis
1459 2198 1523 2228 sibi
1534 2199 1645 2228 etsuis
1660 2199 1760 2228 illatis
1769 2201 1800 2229 et
1811 2200 1963 2237 irrogatis
1974 2200 2260 2237 injuriis,arl·itrio
2275 2202 2304 2230 et

1291 2252 1478 2289 juramento
1496 2252 1652 2289 predictis
1668 2260 1877 2290 nequaquam
1889 2253 2109 2287 obstantibus,
2126 2253 2307 2283 monitione

1295 2304 1421 2343 previa,
1433 2313 1674 2343 percensuram
1691 2305 2101 2339 ecclesiasticam,sublato
2119 2306 2309 2345 appellatio-

1296 2357 1348 2387 nis
1362 2357 1545 2391 obstaculo,
1563 2358 1782 2396 compellatis,
1800 2359 1951 2389 invocato
1968 2362 2082 2389 contra
2101 2368 2156 2389 eos
2175 2360 2215 2389 ad
2234 2359 2308 2393 hoe,

1296 2411 1324 2440 si
1344 2419 1426 2449 opus
1443 2411 1552 2447 fuerit,
1573 2411 1698 2441 auxilio
1720 2411 1847 2441 brachii
1873 2412 2044 2442 secularis.
2063 2414 2218 2442 Ceterum
2234 2421 2309 2442 cum

1297 2473 1410 2494 rumor
1421 2463 1460 2494 de
1478 2465 1578 2494 veteri
1595 2464 1693 2495 faciat
1710 2466 1849 2495 ventura
1867 2465 1987 2499 tinwri,
1999 2474 2058 2495 nos
2071 2466 2218 2496 volentes
2236 2465 2310 2504 paci

1297 2519 1328 2547 et
1344 2518 1575 2555 tranquillitati
1592 2518 1741 2555 ejusdem
1774 2518 1965 2548 monasterii
1985 2518 2158 2556 providere
2182 2520 2211 2548 et
2242 2527 2310 2548 ino-

1297 2570 1488 2600 lestantium
1507 2571 1645 2600 malitiis
1662 2571 1810 2605 obviare,
1830 2571 1986 2601 volumus
2018 2573 2046 2600 et
2065 2571 2263 2601 mandamns
2279 2572 2309 2601 et

1297 2624 1445 2653 districte
1463 2624 1670 2662 precipimus
1686 2625 1720 2654 ut
1735 2624 1859 2654 dictum
1873 2625 2112 2654 monasterium
2127 2626 2237 2653 nostro
2255 2633 2309 2654 no-

1298 2677 1387 2707 mine
1403 2676 1629 2711 defendentes,
1654 2678 1684 2707 ct
1699 2678 1813 2707 contra
1827 2677 2037 2715 *prefatorum
2056 2677 2240 2706 molestiam
2262 2686 2312 2706 as-

1299 2729 1454 2759 sistentes
1480 2729 1600 2763 eidem,
1619 2730 1765 2768 prefatos
1793 2729 1946 2760 abbatem
1969 2731 1999 2759 et
2027 2731 2225 2759 conventum
2247 2738 2310 2759 non

1299 2783 1498 2821 permittatis
1507 2782 1547 2812 ab
1556 2782 1604 2812 eis
1614 2783 1758 2812 indebite.
1770 2783 1904 2812 molesta
1913 2783 1936 2812 ri
1945 2806 1951 2817 ,
1961 2782 2190 2812 molestatores
2198 2790 2312 2812 eorum

1274 2834 1275 2838 ’
1299 2843 1358 2874 per
1374 2843 1549 2865 censuram
1576 2835 1752 2874 prefatam,
1769 2835 1990 2873 appellatione
2008 2835 2202 2873 postposita,
2223 2843 2311 2864 com-

1300 2887 1583 2926 pescendo.Quo‹.1
1593 2888 1621 2917 si
1635 2896 1825 2917 uonomnes
1836 2888 1908 2918 etc..
1925 2889 1958 2916 tu
1973 2895 2021 2917 ca.
2037 2887 2136 2916 frater
2147 2887 2312 2926 episcope,

1302 2949 1377 2970 cum
1396 2948 1511 2971 eorum
1530 2940 1631 2970 altero
1653 2941 1714 2970 etc.
1738 2957 1786 2969 —.
1811 2940 1885 2969 Dat.
1902 2939 2069 2974 Laterani,
2087 2939 2186 2969 XllIl
2204 2939 2314 2970 kalen-

1303 2993 1363 3024 das
1379 2993 1506 3032 aprilis,
1523 2993 1735 3032 pontificatus
1754 2993 1858 3022 nostri
1874 3001 1961 3022 anno
1979 2994 2108 3030 quarto.
2135 3005 2148 3018 »

2173 3045 2207 3071 ‘zi
