2498 3242
265 280 323 311 789
452 267 456 271 ’
1122 268 1336 307 SEPTIEME
1358 270 1519 308 ANNEE.
2316 282 2374 311 790

260 345 372 381 jurium
388 344 423 371 ad
443 352 506 371 eam
524 344 718 378 spectantium
735 344 897 371 custodiam
915 344 1050 375 baberet,
1070 344 1165 370 suun-0
1185 342 1281 369 abbati

265 393 492 425 servandorum,
517 392 670 428 eidemque
697 393 836 428 episcopo
862 392 1026 419 inhibuisse
1051 395 1081 418 ut
1106 391 1279 426 praedictam

266 440 419 468 ecclesiam
440 448 530 475 super
549 439 594 466 his
618 448 672 466 non
695 440 845 473 molestet3
870 439 971 474 eisque
999 439 1114 465 mandat
1136 442 1281 473 quatenus

266 488 385 516 eosdem
400 488 532 514 abbatem
550 491 578 514 et
593 487 750 522 capitulum
767 495 856 523 super
873 487 917 514 bis
929 496 984 514 non
998 487 1163 522 permittant
1176 486 1282 513 moles-

266 537 377 565 tari.—
392 537 476 571 (REO.
496 537 543 569 17,
563 536 582 563 f.
600 536 633 563 58
650 543 690 570 r⁶;
706 545 772 563 ann.
793 536 864 568 Vll,
886 545 910 563 c.
934 537 997 567 tad,
1015 551 1049 557 —
1066 536 1184 563 Monimo
1203 535 1280 567 1188,

265 586 286 612 f.
304 584 377 619 106.)

312 707 324 720 a
346 717 366 723 ..
383 694 610 732 archiepiscopo
630 698 656 722 et
673 716 694 722 ..
711 694 813 723 abbati
831 694 939 723 Sancti
956 694 1048 722 Pauli
1064 694 1279 722 Narbonensis.

269 746 425 777 Exhibita
443 746 540 776 nobis
559 746 754 776 dilectorum
773 764 823 776 —.
842 747 916 776 Dat.
937 746 1108 780 Laterani,
1128 746 1206 776 XVI
1223 744 1281 774 ka-

268 799 384 830 lendas
397 799 487 839 julii,
507 808 595 829 anno
613 799 764 838 septimo.
786 812 798 825 »

340 1004 453 1034 140¹?

302 1066 410 1094 Abbati
426 1070 454 1093 et
463 1066 590 1102 capitulo
601 1066 700 1093 Sancti
717 1066 886 1101 Aphrodisii
901 1066 1076 1093 Biterrensis
1088 1067 1123 1093 de
1139 1066 1239 1092 eadem
1250 1075 1281 1092 re

266 1115 379 1148 scribit,
403 1115 500 1142 verbis
525 1118 724 1150 competenter
749 1115 877 1142 mutatis.
902 1129 935 1135 —
962 1114 1043 1147 (Iti-zo,
1074 1116 1113 1147 Π,
1140 1116 1158 1141 f.
1183 1114 1215 1142 58
1238 1122 1279 1145 r⁰;

265 1173 334 1192 ann.
352 1163 417 1196 Vll,
435 1173 460 1192 c.
482 1165 543 1196 191;
560 1178 597 1184 —
612 1164 732 1191 Monam
750 1164 828 1196 1188,
845 1164 862 1190 f.
881 1164 929 1190 ⁴107
947 1165 998 1193 vo.)

869 1004 982 1037 Latran,
1004 1004 1111 1038 lssjuin
1133 1004 1208 1032 1233.

310 1287 322 1301 «
342 1297 362 1302 ..
375 1274 476 1302 abbati
489 1278 516 1302 et
528 1274 663 1311 capitulo
678 1273 786 1302 Sancti
800 1273 959 1310 Asfrodisii
973 1274 1165 1302 Biterrenxis.
1181 1272 1282 1302 Exhi-

268 1327 339 1357 bita
355 1326 451 1357 nobis
468 1330 577 1357 vestra
590 1344 639 1356 -.
657 1327 731 1356 Dat.
749 1330 785 1356 ut
802 1335 912 1364 supra.
936 1338 948 1352 n

340 1532 360 1560 Ι
366 1531 457 1560 4⁰8

300 1593 476 1626 Tholosano,
499 1591 691 1619 Ceseranensi
715 1592 763 1626 (=
781 1591 1006 1626 conseranensi)
1031 1596 1059 1619 et
1081 1592 1282 1620 Convenarum

264 1642 413 1678 episcopis
425 1641 540 1668 mandat
550 1645 706 1676 quatenus,
719 1656 751 1661 —
764 1641 887 1669 cassatis
901 1644 956 1668 tam
973 1642 1106 1668 custodia
1116 1642 1284 1669 monasterii

265 1690 366 1718 Sancti
390 1690 469 1717 Petri
499 1689 678 1717 Generensis
702 1698 787 1725 quam
818 1690 975 1725 episcopus
1006 1690 1186 1723 Adurensis,
1216 1698 1283 1717 cum

267 1747 323 1767 non
338 1739 501 1771 debuisset,
518 1741 679 1773 acceperat,
696 1746 783 1773 quam
798 1738 941 1765 electione
956 1738 991 1764 de
1007 1738 1124 1771 Ottone,
1141 1739 1283 1765 monacho

267 1788 401 1823 ejusdem
417 1787 597 1819 monasterii,
613 1787 640 1813 in
652 1787 797 1820 abbatem,
814 1796 912 1822 quaea
924 1787 1018 1814 tribus
1033 1789 1182 1814 dumtaxat
1191 1788 1283 1814 fuerat

266 1840 367 1864 contra
381 1836 502 1864 formam
518 1835 686 1863 canonicam
704 1839 901 1871 praesumpta,
915 1851 948 1856 —
964 1836 1096 1871 ejusdem
1115 1837 1283 1863 monasterii

265 1885 391 1921 priorem
415 1889 444 1911 et
465 1888 640 1912 conventum
673 1888 809 1911 moneant
843 1888 872 1911 ut
895 1885 968 1911 infra
995 1894 1125 1912 mensem
1150 1885 1206 1911 sibi
1232 1893 1283 1920 per

266 1934 440 1962 electionem
473 1934 641 1961 canonicam
666 1934 702 1960 de
726 1933 830 1960 abbate
856 1934 1036 1969 provideant.
1063 1948 1100 1954 —
1124 1934 1209 1968 (Pxssss.
1239 1935 1280 1967 17,

263 1983 283 2010 f.
301 1983 392 2015 58103
411 1991 477 2014 ann.
498 1981 563 2015 VlI,
577 1990 603 2009 c.
624 1982 686 2016 19·2;
703 1996 737 2002 —
754 1982 874 2010 Motu-:Au
894 1983 970 2015 tiss,
987 1983 1005 2009 s.
1028 1983 1098 2016 102.)

869 1529 983 1562 Latran,
1005 1531 1035 1557 15
1047 1530 1112 1565 juin
1134 1530 1210 1557 1-233.

255 2127 258 2130 Δ
307 2104 320 2118 «
340 2114 360 2119 ..
382 2092 536 2127 Tolosano,
559 2114 578 2120 ..
597 2091 793 2121 Ceseranensi
809 2096 834 2120 ιί
856 2092 1104 2122 ..Convenarum
1123 2094 1279 2131 episcopis.

264 2143 394 2174 Dilecto
410 2142 479 2172 filio
495 2142 684 2172 Raimundo
701 2142 842 2173 Arnaldi
858 2143 1020 2174 monacho
1042 2153 1100 2182 pro
1119 2153 1153 2174 se
1172 2148 1203 2174 et
1220 2144 1280 2173 tri-

265 2195 328 2226 bus
355 2194 443 2230 aliis,
471 2195 599 2225 scilieet
620 2194 755 2230 Ottone,
782 2195 930 2226 Arnaldo
956 2196 1138 2226 Raimundi
1165 2201 1197 2226 et
1222 2197 1278 2227 W.

263 2248 425 2286 Ariol[0],
458 2247 632 2278 monachis
662 2248 858 2278 monasterii
885 2249 1089 2279 Gener-ensis
1104 2273 1109 2285 ,
1139 2259 1281 2289 quorum

263 2305 459 2340 procurator
475 2305 555 2336 erat,
572 2304 602 2331 et
618 2302 670 2336 G„
685 2305 898 2339 procuratore
915 2324 934 2330 ..
952 2302 1075 2340 prioris
1090 2307 1120 2332 et
1137 2312 1281 2333 conven-

264 2360 318 2385 tus
335 2354 484 2394 ejusdem
501 2354 696 2384 monasterii
720 2354 806 2393 apud
822 2355 940 2385 Sedem
961 2355 1186 2394 Apostolicam
1202 2365 1281 2386 con—-

265 2408 405 2443 stitutis,
433 2407 591 2438 dilectum
611 2407 719 2437 filium
741 2412 892 2438 nostrum
913 2408 1163 2447 S[teplianu1n],
1191 2409 1280 2440 tituli

265 2462 385 2492 Sancte
402 2461 506 2491 Marie
521 2460 555 2490 in
569 2460 812 2490 Transtiberim
824 2461 1048 2499 presbiterum
1063 2462 1278 2498 cardinalem,

264 2514 313 2546 eis
337 2513 489 2545 dedimus
506 2513 708 2549 auditor-enm
732 2513 768 2543 in
784 2514 879 2553 cujus
904 2515 1074 2553 presentia
1096 2515 1280 2546 monachus

263 2567 436 2607 proposuit
452 2570 655 2596 memoratus
671 2566 769 2605 quod,
782 2566 867 2597 bone
882 2568 1041 2598 memorie
1057 2568 1208 2606 O[d0ne],
1222 2568 1279 2598 al)-

265 2621 341 2651 hate
356 2620 463 2659 ipsius
479 2619 690 2655 monasterii,
708 2619 797 2650 viam
813 2620 970 2651 universe
987 2621 1098 2651 carnis
1114 2621 1278 2659 ingresso,

265 2673 416 2713 ejusdem
441 2672 636 2703 monasterii
658 2672 832 2703 monachis
854 2673 1043 2704 volentibus
1069 2674 1134 2704 sibi
1157 2679 1189 2705 et
1215 2674 1280 2713 ipsi

262 2726 466 2757 monasterio
489 2726 528 2756 de
554 2735 696 2765 persona
718 2725 838 2757 idonea
858 2727 1049 2765 providere,
1075 2727 1180 2767 major
1203 2737 1280 2766 pars

265 2779 447 2811 eorundem
470 2788 536 2809 non
563 2788 621 2817 per
643 2779 840 2810 electionem
861 2780 1057 2810 canonicam
1079 2780 1119 2811 de
1141 2780 1277 2816 abbate,

263 2833 323 2864 sed
338 2832 448 2872 potius
471 2831 645 2863 consulere
664 2832 770 2863 voluit
788 2833 990 2864 monasterio
1006 2834 1045 2866 de
1062 2834 1214 2870 custode,
1235 2837 1278 2870 et,

262 2886 341 2916 licet
357 2895 396 2916 ex
416 2889 509 2925 parte
525 2885 659 2916 illorum
675 2886 733 2926 qui
751 2886 790 2917 de
809 2886 927 2917 abbate
950 2887 1153 2918 monasterio
1168 2887 1280 2926 provi-

264 2939 335 2970 deri
364 2938 536 2973 volehant,
555 2938 596 2969 ad
610 2943 759 2969 nostram
775 2939 895 2970 fuisset
911 2940 1117 2971 audientiam
1134 2940 1280 2980 appella-

1366 346 1446 378 tum,
1465 351 1505 372 ne
1522 342 1701 379 eligeretur
1717 343 1840 382 aliquis
1858 344 1890 373 in
1910 344 2091 379 custodem,
2110 345 2166 375 sed
2184 347 2376 383 procedere-

1366 399 1418 424 tur
1431 396 1541 433 potius
1555 396 1593 426 ad
1608 396 1803 427 electionem
1816 397 1946 427 abbatis
1961 398 2119 427 canonice
2131 398 2374 435 celebrandam,

1364 448 1484 486 prefati
1505 452 1612 478 tamen
1634 449 1723 487 prior
1746 454 1775 479 et
1792 454 1990 480 conventus,
2013 451 2212 488 supradictis
2236 456 2378 490 quatuor

1365 500 1537 530 monacbis
1554 501 1722 531 dumtaxat
1737 502 1892 540 exceptis,
1913 503 2134 533 venerabilem
2153 506 2287 534 fratrem
2305 514 2377 535 nos-

1366 556 1452 582 trum
1475 576 1497 582 ..
1524 553 1732 584 Adurensem
1760 554 1950 592 episcopum
1977 555 2009 584 111
2039 556 2206 586 custodem
2229 557 2377 595 ejusdem

1366 605 1560 635 monasterii
1583 605 1770 643 elegerunt,
1793 607 2004 637 intrudentes
2024 608 2131 645 ipsum
2149 618 2222 638 cum
2240 610 2377 640 armatis

1365 657 1506 693 ibidem,
1525 662 1555 687 et
1576 659 1610 688 Te
1625 660 1718 688 Deum
1742 660 1924 694 laudamus,
1950 660 2032 689 sicut
2054 661 2154 691 muris
2175 667 2221 691 est
2241 662 2273 691 in
2291 662 2378 692 elec-

1367 710 1532 745 tionibus,
1552 710 1782 749 sollempniter
1804 712 2036 742 ‹lecantantes.
2062 713 2167 742 eidem
2187 714 2377 743 nichilomi-

1366 772 1428 792 nus
1451 768 1610 802 tanquam
1627 764 1737 793 abbati
1754 764 1978 794 obedientiam
1996 770 2025 794 et
2042 766 2261 795 reverentiam
2283 767 2377 797 exbi-

1367 816 1490 852 bendo;
1511 821 1542 846 et
1558 816 1645 845 idem
1662 817 1847 855 episcopus,
1866 818 2161 847 amministrationi
2184 820 2377 850 monasterii

1366 878 1400 899 se
1426 869 1649 899 irreverenter
1675 869 1886 901 immiscens.
1917 870 2085 900 fidelitatis
2114 872 2253 909 recepit,
2283 877 2378 910 prout

1366 922 1538 952 consuevit
1565 922 1741 952 abbatibus
1763 923 1851 957 fieri,
1880 923 1919 952 ab
1943 923 2049 961 ipsius
2073 923 2265 954 bominibus
2285 925 2378 963 jura-

1366 979 1488 1004 menta.
1521 975 1735 1005 Postmodum
1771 984 1848 1005 vero
1881 976 2021 1013 predicti
2054 981 2195 1015 quatuor
2225 978 2281 1016 qui
2313 987 2377 1008 non

1366 1031 1605 1058 consenserant
1632 1027 1667 1056 in
1698 1027 1849 1057 babendo
1875 1028 2062 1063 custodem,
2090 1030 2269 1060 monachos
2295 1031 2377 1061 alios

1366 1080 1507 1110 sollicite
1534 1085 1734 1110 monuerunt
1757 1085 1791 1110 ut
1814 1090 1880 1111 nna
1907 1090 1981 1111 cum
2004 1082 2053 1112 eis
2078 1083 2118 1112 ad
2145 1083 2377 1113 celebrandam

1366 1133 1561 1163 electionem
1591 1133 1721 1163 abbatis
1750 1134 1956 1163 concorditer
1988 1136 2224 1172 convenirent3
2256 1137 2378 1175 quibus

1367 1187 1645 1224 respondentibus
1669 1187 1755 1226 quod
1779 1187 1882 1216 nichil
1904 1188 1993 1217 aliud
2016 1189 2180 1220 facerent.
2204 1190 2268 1219 nisi
2291 1190 2378 1229 quod

1366 1240 1490 1269 sactum
1520 1240 1628 1269 suerat
1659 1240 1697 1270 de
1727 1241 1882 1273 custode,
1915 1241 1993 1271 dicti
2023 1243 2195 1272 monachi.
2228 1243 2377 1274 videntes

1366 1293 1454 1332 quod
1474 1302 1574 1331 penes
1597 1302 1669 1329 eos,
1697 1294 1945 1331 negligentibus
1963 1294 2038 1324 aliis
2065 1305 2122 1325 seu
2149 1297 2248 1326 ctiam
2270 1297 2378 1327 delin-

1367 1346 1563 1384 qucntibus,
1579 1347 1634 1385 jus
1658 1351 1860 1376 remanserat
1883 1347 2045 1383 elif-vendi.
2065 1349 2152 1379 circa
2176 1350 2376 1388 principium

1367 1399 1492 1428 mensis
1511 1398 1599 1429 tertii
1627 1408 1645 1428 a
1666 1403 1810 1438 tempore
1831 1400 2027 1431 vacationis.
2053 1401 2176 1431 eisdem
2205 1402 2376 1432 monachis

1366 1451 1489 1481 iterum
1507 1451 1680 1490 requisitis
1703 1456 1733 1481 ct
1756 1453 2035 1490 respondentibus
2052 1454 2135 1483 sicut
2161 1455 2270 1492 prius.
2295 1464 2378 1485 ‹utn-

1367 1504 1440 1534 dem
1457 1504 1610 1534 Ottonem
1630 1504 1664 1533 in
1684 1504 1836 1534 abbatem
1853 1505 1916 1535 sibi
1940 1507 2146 1536 concorditer
2162 1511 2190 1536 et
2209 1508 2303 1545 quasi
2321 1516 2378 1545 pcr

1366 1556 1622 1594 inspirationem
1640 1557 1787 1586 divinam
1807 1558 1965 1587 canonice
1983 1558 2165 1595 elegerunt.
2184 1560 2291 1595 Qum-e
2309 1570 2378 1589 mo-

1367 1609 1495 1640 nachus
1516 1610 1612 1648 petiit
1634 1610 1844 1648 supradictus
1868 1611 2009 1641 eundem
2031 1612 2219 1650 episcopum
2245 1613 2283 1642 ab
2307 1613 2378 1651 ipso

1367 1663 1570 1693 monasterio
1589 1664 1753 1693 removeri
1777 1668 1808 1693 et
1834 1664 2046 1702 pronuntiari
2069 1665 2196 1695 nullum
2225 1667 2276 1696 vel
2301 1667 2378 1696 irri-

1367 1717 1449 1752 tari,
1470 1717 1557 1755 quod
1580 1717 1618 1746 de
1637 1717 1708 1756 ipso
1731 1718 1854 1747 sactum
1875 1718 1999 1752 suerat,
2022 1728 2058 1747 ac
2076 1718 2270 1750 electionem
2290 1720 2378 1758 ipso-

1366 1778 1456 1805 rum,
1476 1774 1588 1808 utpote
1607 1770 1765 1800 canonice
1789 1770 2006 1806 celebratam,
2029 1773 2225 1802 auctoritate
2249 1778 2379 1811 aposto-

1365 1822 1430 1853 liea
1453 1824 1654 1853 confirmari.
1677 1825 1875 1854 Procurator
1898 1834 1974 1854 vero
1999 1825 2102 1862 partis
2125 1825 2263 1855 alterius
2286 1825 2378 1854 litem

1367 1876 1600 1911 contestando,
1619 1886 1743 1914 negans
1766 1886 1843 1906 vera
1866 1887 1938 1907 esse
1959 1878 2138 1916 premissa.
2163 1884 2255 1916 prout
2281 1888 2378 1916 supe-

1366 1928 1436 1958 rius
1453 1933 1531 1958 sunt
1547 1933 1698 1961 narrata,
1717 1933 1748 1959 et
1766 1940 1828 1968 que
1845 1934 2004 1968 petuntur
2019 1931 2133 1961 dicens
2151 1931 2221 1960 tieri
2241 1941 2303 1960 nun
2321 1931 2378 1961 tle-

1365 1981 1460 2017 bere,
1484 1982 1655 2020 proposuit
1682 1991 1720 2012 ex
1742 1983 1880 2013 adverso
1902 1984 2003 2022 quod.
2029 1984 2151 2013 dudum
2178 1984 2378 2014 monasterio

1366 2035 1555 2073 supradicto
1577 2040 1728 2069 vacante,
1749 2040 1779 2065 et
1800 2036 1841 2065 ad
1859 2036 2032 2066 electionis
2056 2041 2230 2066 tractatum
2251 2037 2378 2067 liaben-

1366 2087 1443 2117 dum
1458 2092 1544 2117 certa
1562 2088 1614 2117 die
1633 2090 1767 2126 prefixa,
1782 2088 1868 2118 idem
1884 2089 1984 2127 prior,
1999 2090 2208 2128 presentibus
2221 2090 2376 2119 ‹unnibus

1365 2141 1422 2179 qui
1441 2141 1603 2171 debebant
1617 2145 1647 2171 et
1664 2146 1815 2179 poterant.
1829 2142 2002 2176 interesse,
2022 2142 2215 2172 monitionis
2233 2152 2290 2171 seu
2308 2152 2376 2180 pre-

1365 2193 1542 2223 dicationis
1565 2193 1664 2224 verbo
1689 2194 1872 2232 proposito,
1898 2195 1998 2232 [cum]
2022 2195 2145 2225 videret
2170 2195 2377 2233 quorundam

1365 2247 1507 2275 fratrum
1535 2250 1608 2276 vota
1635 2246 1741 2277 divisa
1769 2251 1799 2276 et
1825 2247 1865 2276 ad
1893 2247 2151 2277 destructionem
2183 2248 2377 2277 111‹›11aste1·ii

1361 2299 1429 2338 jam
1452 2303 1582 2337 parata,
1609 2308 1724 2329 omnes
1752 2299 1809 2338 qui
1837 2310 1855 2329 a
1881 2300 2017 2338 majoris
2047 2305 2077 2330 et
2103 2300 2246 2329 sanioris
2274 2300 2376 2338 partis

1365 2351 1505 2382 consilio
1525 2351 1741 2386 (lisentirent,
1760 2352 1925 2382 sententia
1949 2353 2301 2382 excommunicationis
2325 2353 2377 2381 in-

1364 2404 1478 2434 volvit.
1496 2405 1580 2435 Cum
1603 2409 1713 2435 autem
1736 2405 1896 2435 desolatio
1914 2405 2108 2435 monasterii
2125 2406 2194 2445 jam
2211 2406 2245 2434 111
2263 2405 2376 2445 jannis

1365 2462 1555 2496 appareret,
1573 2458 1748 2496 presertim
1766 2468 1840 2487 cum
1863 2458 1897 2487 in
1922 2458 2030 2488 medio
2050 2468 2148 2496 prave
2172 2459 2212 2487 sit
2233 2459 2377 2496 positum

1365 2511 1530 2547 nationis,
1557 2511 1709 2541 unanimi
1737 2511 1878 2541 consilio
1908 2516 1936 2541 et
1967 2520 2105 2541 assensu
2130 2512 2208 2541 dicti
2234 2512 2323 2550 prior
2346 2515 2377 2540 et

1364 2568 1547 2594 conventus
1563 2564 1671 2594 eidem
1688 2564 1856 2602 episcopo,
1875 2564 2040 2603 quondam
2059 2564 2164 2602 ipsius
2182 2563 2375 2593 monasterii

1364 2617 1541 2652 monacho,
1563 2617 1620 2655 qui
1635 2618 1820 2655 profectum
1837 2617 1907 2655 ejus
1925 2626 2054 2655 semper
2071 2616 2183 2645 dilexit
2201 2621 2231 2645 et
2248 2616 2372 2653 diligit,

1364 2670 1487 2709 quique
1511 2675 1626 2709 potens
1643 2675 1689 2700 est
1709 2670 1816 2708 ipsum
1835 2670 1869 2698 in
1891 2670 1968 2699 sorti
1992 2678 2090 2698 manu
2110 2673 2138 2699 et
2165 2668 2298 2697 brachi«.
2320 2677 2375 2697 ex-

1364 2725 1475 2754 tento¹
1493 2724 1590 2757 tueri,
1611 2723 1746 2753 licentia
1763 2723 1858 2753 Sedis
1876 2722 2063 2761 Apostolice
2081 2731 2116 2751 ae
2137 2721 2322 2751 reverentia
2340 2720 2374 2749 in

1363 2777 1518 2807 omnibus
1541 2776 1737 2811 reservatis,
1760 2776 1923 2814 prefatum
1948 2774 2186 2804 nn‘uiasterium
2207 2783 2281 2803 cum
2304 2782 2375 2803 om·-

1363 2829 1463 2859 nibus
1487 2829 1558 2860 suis
1576 2829 1709 2868 juribus
1735 2828 2023 2858 commemlarunt.
2050 2831 2078 2856 et
2109 2826 2234 2856 tamdiu
2258 2825 2374 2856 desen-

1397 2948 1418 2973 1.
1435 2948 1476 2974 Cf.
1494 2947 1632 2979 Dnurnn„
1650 2948 1732 2977 V,15.
