2498 3242
199 229 250 258 571

198 296 314 321 cutione
336 302 523 328 suspensum,
547 293 579 318 ad
604 293 723 327 gratiam
744 293 968 328 dispensationis
989 293 1128 326 admittat,
1149 293 1204 320 sibi

198 343 306 368 faciens
323 342 356 367 de
374 342 516 367 fructibus
533 341 710 375 praebendae
726 350 810 374 suae,
827 351 859 369 ac
872 343 934 368 aliis
949 351 963 368 a
981 346 1107 376 tempore
1121 349 1178 376 quo
1190 350 1205 367 a

197 391 302 416 divinis
328 390 503 415 abstinuerat
530 390 572 415 sic
596 389 767 422 subtractis,
793 395 818 416 et
845 390 878 416 de
902 390 1014 416 damnis
1037 394 1065 416 et
1090 390 1205 424 injuriis

198 450 213 465 u
239 439 313 465 dicto
339 439 540 464 Coliinbricnsi
561 440 697 473 episcopo
718 440 840 473 ejusque
863 439 1058 465 servientibus
1083 438 1205 473 quibus-

200 488 278 515 libet,
303 496 334 512 ea
361 494 525 518 occasione,
549 488 613 520 ejus
632 488 802 513 auctoritate
825 488 973 521 irrogatis,
1001 487 1146 514 satisfieri.
1169 500 1206 507 —

198 536 279 562 :Rei-1.
303 537 341 563 lo.
362 535 429 562 1253
446 542 491 563 v⁰z
510 544 578 562 aun.
598 535 646 567 VI,
666 545 690 562 c.
713 536 779 565 172.)

239 653 249 661 u
273 660 291 665 ..
310 647 346 664 ur
358 638 533 675 -Ιιίῐρίει-ορο
549 638 758 666 bracharensi.
777 638 811 667 F.
828 637 963 667 Salvati.
979 637 1137 666 canonico
1152 653 1201 665 —.

198 690 270 718 Dat.
287 689 448 725 Anagnie.
469 690 534 719 1111
552 698 654 719 nonas
671 689 866 719 decembris.
885 697 971 718 anno
988 693 1088 718 sexto.
1110 700 1121 713 >v

267 854 357 882 865
690 853 814 886 Anagni,
831 853 866 878 ‘20
883 853 1036 879 novembre
1056 852 1130 879 1⁴23‘2.

235 915 339 941 Abbati
356 921 381 940 et
399 916 483 949 priori
497 915 594 940 Sancti
607 915 742 940 Germani
759 914 793 939 de
810 913 904 940 Pratis
920 913 1104 946 Parisiensis,
1116 918 1143 939 et
1155 913 1206 939 ab-
1244 929 1246 945 ,›

198 964 254 989 bati
283 969 403 988 >anctae
428 962 590 988 Genoveiae
616 961 788 988 Parisiensis
811 962 926 988 mandat
951 966 1094 996 quatenus
1117 970 1204 996 super

197 1012 396 1037 observatione
409 1012 564 1037 litterarum
578 1010 697 1043 Hlonori
714 1011 798 1043 tertii}
814 1018 911 1044 papae,
929 1010 1126 1044 dispensantis
1137 1018 1203 1036 cum

198 1060 293 1092 Metro
317 1059 454 1092 liat-loto],
478 1059 656 1084 thesaurario
676 1058 774 1084 Sancti
802 1058 916 1085 Martini
935 1058 1125 1092 Turonensis,
1146 1058 1203 1084 filio

196 1109 344 1142 illegitimo
363 1107 667 1141 i'lililippi-Augustil,
685 1107 762 1141 regis
780 1106 964 1138 Francorum,
984 1107 1148 1142 procedant.
1170 1121 1203 1126 —-
1244 1125 1245 1132 1

195 1156 278 1187 (Rea.
303 1157 342 1185 lo,
360 1156 377 1181 f.
396 1156 428 1182 53
447 1162 488 1186 νὴ
505 1163 571 1181 ann.
591 1153 683 1185 V1‚c.
703 1154 776 1186 ¹73.)

238 1281 247 1286 ἰ
272 1288 290 1292 ..
309 1266 413 1293 Sana-ti
432 1266 460 1291 ω’(
472 1266 575 1293 finani
591 1265 623 1293 dc
640 1265 740 1292 Prali's
753 1269 779 1291 e!
795 1286 814 1291 ..
831 1263 940 1292 Same
957 1264 1097 1298 (ἕψοι-οβ’
1112 1263 1203 1291 ahba-

197 1319 289 1346 li‘t'sus.
309 1324 333 1345 ι(
354 1341 372 1345 ..
391 1319 492 1355 priori
511 1318 617 1347 Sancti
635 1318 779 1346 Germani
796 1316 829 1344 de
849 1317 950 1344 Pralis
967 1316 1198 1344 l’arisiensibus.

193 1371 276 1400 Cum
298 1370 404 1399 felicis
421 1370 658 1399 ria-ordalionis
675 1370 715 1399 ΙΙ.
733 1378 832 1407 papa.
851 1368 1063 1406 predecessor
1079 1372 1201 1402 noster,

195 1423 400 1452 dex'oliol‘lelli
419 1432 518 1461 quam
539 1422 626 1452 clare
648 1421 806 1451 memorie
827 1420 901 1455 Ph„
924 1430 979 1450 rex
1001 1421 1203 1450 Francorum

194 1475 346 1504 illustris.
377 1475 416 1505 ad
446 1476 629 1505 Romanam
653 1474 835 1504 Ecclesiam
863 1473 995 1503 habuit.
1025 1472 1202 1511 diligenter

195 1528 379 1557 attendens.
398 1537 471 1557 runi
484 1527 603 1557 dilecto
616 1527 684 1556 filio
701 1527 750 1556 P..
764 1525 972 1556 thesaurario
989 1525 1101 1555 Sancti
1118 1526 1202 1554 Mar-

195 1582 255 1610 tini
279 1581 500 1610 Turonensis.
526 1585 603 1610 nato
618 1579 706 1617 regis
727 1579 892 1617 ejusdem,
911 1578 1053 1614 benig-'ne
1072 1578 1202 1608 duxerit

194 1635 455 1673 dispensandum
476 1640 526 1664 ut.
551 1644 588 1664 eo
611 1643 676 1664 non
697 1634 847 1663 obstante
864 1633 951 1671 quod
973 1633 1011 1662 de
1031 1642 1096 1662 non
1118 1633 1202 1671 legi-

194 1689 273 1717 timo
291 1689 501 1717 matrimonio
523 1688 645 1717 dieitur
664 1691 871 1725 procreatus,
889 1690 997 1724 posset
1019 1687 1144 1715 assumi
1162 1686 1202 1716 ad

193 1741 359 1779 quodlibet
384 1741 582 1770 lienvticium
604 1739 819 1778 prebendale,
844 1738 934 1768 nulla
961 1739 1201 1769 consuetudine

193 1794 333 1832 alicujus
350 1794 488 1823 ‹ferles-ie
504 1793 691 1823 resistente.
710 1793 738 1822 si
755 1792 855 1822 etiam
867 1792 1056 1830 juramento
1072 1793 1201 1821 firmata

192 1847 303 1876 suerit.
323 1846 371 1874 w]
390 1846 584 1875 auri-»ritate
601 1845 695 1875 Sedis
711 1843 899 1882 Apostolice
916 1845 1126 1879 confirmata,
1145 1854 1201 1874 vo-

193 1899 309 1936 bisque
332 1898 457 1927 ‹lmlerit
483 1899 516 1927 in
539 1897 704 1927 mandatis
725 1901 759 1926 ut
783 1896 870 1935 quod
892 1905 991 1934 super
1017 1896 1077 1926 hoc
1100 1896 1140 1926 ab
1163 1906 1200 1927 eo

192 1957 352 1981 statutum
369 1957 448 1981 erat.
466 1951 618 1981 laceretis
639 1950 778 1980 tirmiter
793 1950 963 1980 observari
980 1959 986 1978 z
1004 1950 1200 1980 mandamus

191 2010 355 2043 quat-nus
373 2014 471 2042 super
492 2005 562 2043 ejus
579 2003 826 2037 observatione,
841 2003 933 2042 juxta
957 2002 1105 2041 ejusdem
1124 2012 1200 2041 pre-

190 2056 373 2085 ‹leressoris
404 2055 509 2084 nostri
538 2055 724 2084 litterarum
761 2053 1016 2087 continentiam,
1049 2053 1200 2083 submoto

190 2108 365 2146 cujuslibet
397 2107 668 2137 contradictionis
698 2111 729 2136 et
759 2106 990 2145 appellationis
1016 2105 1197 2142 obstaculo,

190 2161 386 2199 procedatis.
419 2160 512 2196 Quod
541 2160 569 2189 si
599 2168 664 2189 non
694 2168 808 2189 omnes
835 2162 897 2188 etc.
928 2159 1001 2188 Dat.
1032 2159 1196 2195 Anagnie,

190 2214 253 2243 XII
271 2213 428 2242 kalendas
446 2212 640 2245 decembris,
659 2220 746 2241 anno
762 2216 864 2241 sexto.
882 2223 894 2237 »

260 2370 347 2398 98ss

225 2431 315 2458 Priori
332 2436 359 2457 et
376 2431 512 2457 fratribus
527 2429 650 2456 Sanctae
665 2429 814 2456 Trinitatis
827 2429 862 2456 de
874 2429 1056 2464 Campaniola
1067 2429 1197 2464 indulget

190 2487 220 2507 ut
236 2482 332 2507 nullus
347 2488 399 2510 eis,
421 2484 536 2514 propter
552 2482 748 2513 paupertatem
767 2486 882 2512 eorum,
899 2478 1034 2505 collectas
1050 2479 1196 2513 imponere

189 2530 231 2555 vel
251 2528 468 2564 procurationes
488 2528 523 2553 ab
539 2535 582 2553 eis
597 2531 769 2561 extorquere
787 2530 962 2561 praesumat,
980 2526 1035 2552 nisi
1051 2527 1136 2561 legati
1151 2528 1195 2553 vel

189 2579 280 2604 nuntii
295 2577 378 2603 Sedis
394 2576 580 2611 apostolicae
593 2575 627 2601 ab
638 2575 681 2601 eis
694 2582 745 2609 pro
757 2576 819 2601 suis
831 2574 1004 2601 necessariis
1015 2575 1119 2609 aliquid
1131 2583 1192 2610 spe-

187 2626 300 2652 cialiter
321 2624 455 2651 duxerint
476 2623 663 2658 exigendum.
679 2637 714 2643 —
736 2622 820 2656 (Rau.
839 2622 886 2656 16,
909 2622 928 2649 f.
946 2622 978 2649 53
996 2629 1040 2655 νος
1058 2631 1124 2650 ann.
1146 2622 1193 2655 VI,

187 2682 213 2700 c.
233 2674 303 2706 ¹74.)

704 2368 831 2403 Anagni,
848 2368 863 2394 2
879 2368 1030 2394 decembre
1047 2369 1124 2396 1232.

230 2788 234 2796 ι
263 2775 399 2812 ..priori
415 2779 439 2801 el
456 2773 607 2809 fratribus
622 2773 730 2802 Sancte
749 2773 910 2801 Trinitatis
925 2772 959 2800 cle
981 2773 1189 2809 Campaniam.

924 228 1164 259 nnoisrnns
1185 227 1241 258 DE
1263 220 1485 259 GREGOIRE
1509 230 1566 260 ix.

1243 293 1246 388 ⁴

1244 481 1246 546 l

1243 578 1246 737 l

188 2828 234 2857 Ad
252 2826 453 2865 paupertati>
471 2830 578 2855 vestre
594 2842 642 2853 —.
660 2825 733 2855 Dat.
751 2824 916 2862 Anagnie,
933 2825 1001 2854 IIII
1017 2833 1121 2854 nonas
1137 2825 1193 2854 de·
1234 2845 1236 2870 ἦ

186 2880 338 2909 eemliris.
357 2888 443 2908 anno
459 2882 560 2908 sexto.
580 2890 592 2904 ι,

2236 233 2292 263 572

1779 296 1956 331 An·1gni‚29
1973 297 2126 323 novembre
2143 297 2221 326 1232.

1322 366 1510 399 Iudmicum,
1529 377 1625 402 regem
1649 368 1832 403 Francorum
1849 370 1899 404 qui
1914 369 2164 404 archiepiscopum
2182 369 2292 398 Romo-

1286 423 1451 449 magensem
1468 417 1603 444 inducere
1615 418 1752 449 voluerat,
1766 421 1796 444 ut.
1811 426 1899 453 supet
1909 426 1943 444 eo
1956 418 2031 452 quod
2048 419 2074 444 in
2087 419 2227 452 quosdam
2243 428 2293 446 ex-

1286 465 1555 491 communicationis
1576 466 1747 492 sententiam
1771 467 2016 500 promulgaveiffat
2033 467 2088 493 sub
2110 467 2202 501 ipsius
2222 475 2291 494 exa-

1286 511 1363 537 mine
1379 513 1574 546 responden-,et
1592 516 1619 539 et
1636 514 1741 548 ipsum,
1759 513 1784 540 id
1801 514 1911 540 efficere
1928 514 2128 548 denegantem,
2145 515 2290 547 domibus,

1286 560 1369 589 villis.
1388 562 1486 595 terris,
1504 561 1661 588 redditibus
1677 566 1705 588 et
1721 562 1956 597 possessionibus
1972 563 2004 589 ad
2028 562 2291 598 Rothomagensem

1285 608 1436 635 ecclesiam
1459 610 1658 643 spectantibus
1679 611 1859 645 spoliaverat,
1880 615 1976 638 monet
2000 615 2027 637 et
2048 610 2128 646 rogat
2149 615 2293 647 quatenus

1286 657 1356 683 liaeo
1381 658 1475 684 omnii
1501 658 1644 692 pinedicto
1667 659 1886 694 archiepiscopo
1911 660 2054 687 restituat.
2080 675 2113 680 —
2139 660 2221 693 (Rro.
2248 661 2290 694 16,

1285 705 1304 731 f.
1323 705 1352 731 54
1370 712 1411 736 10·‚
1429 714 1495 732 ann.
1514 705 1562 737 VI,
1581 714 1605 733 c.
1627 707 1690 739 1753
1703 721 1736 727 —
1754 707 1871 734 Motu-:au
1890 708 1966 739 1187,
1980 708 1999 734 f.
2016 707 2082 739 354;
2101 708 2177 740 ibid„
2191 708 2289 743 f.;358

1284 767 1321 774 —
1337 753 1482 781 Ροττιηετ
1498 754 1576 782 9001.
1581 756 1587 787 )

1328 895 1339 908 (ι
1358 883 1400 912 L..
1426 884 1542 911 illustri
1559 885 1621 920 reyi
1640 885 1840 913 Francorum.
1862 884 2014 915 Utinam,
2034 883 2080 913 lili
2102 884 2290 919 karissime,

1285 935 1371 964 sicut
1390 939 1421 964 et
1438 944 1496 965 nos
1517 940 1678 974 optamus,
1697 946 1714 966 a
1731 937 1877 975 primevo
1900 936 2120 967 adolescentie
2144 941 2198 967 tue
2214 936 2292 967 flore

1286 988 1490 1017 assuefacias
1503 992 1599 1018 temet
1614 989 1723 1027 ipsum
1732 989 1843 1018 timori
1857 989 1961 1019 divini
1972 989 2116 1019 nominis
2131 993 2161 1019 et
2175 989 2290 1024 amori,

1286 1049 1322 1069 ac
1334 1039 1626 1079 persistasjugiter
1639 1041 1673 1070 in
1686 1041 1811 1078 eodem,
1823 1045 1870 1077 ut„
1887 1041 1924 1071 Ei
1939 1041 2088 1071 serviens
2102 1041 2155 1070 cui
2167 1041 2292 1071 servire

1285 1100 1424 1129 regnare
1440 1096 1500 1128 est,
1519 1102 1594 1122 vere
1610 1102 1739 1131 regnes,
1758 1097 1789 1123 et
1804 1097 1876 1131 post
1891 1093 2056 1131 presentis
2072 1093 2138 1122 vite
2155 1093 2292 1123 inevita-

1285 1144 1385 1174 bilem
1401 1145 1524 1174 exitum
1541 1154 1679 1182 regnum
1696 1146 1874 1184 temporale
1889 1150 2070 1176 commutes
2092 1145 2182 1175 felici
2204 1154 2292 1176 com-

1285 1197 1408 1226 mercio
1431 1197 1465 1226 in
1485 1202 1652 1234 eternum,
1677 1207 1714 1228 ac
1736 1199 1775 1228 de
1796 1203 1843 1234 te,
1868 1199 1953 1229 sicut
1976 1198 2014 1228 de
2031 1198 2117 1228 clare
2134 1198 2290 1228 memorie

1284 1249 1551 1287 piogenitoribus
1568 1250 1651 1285 tuis,
1672 1259 1746 1281 vere
1769 1250 1877 1281 valeat
1892 1251 2056 1289 predicari
2076 1251 2163 1289 quod
2184 1250 2291 1281 chris-

1285 1302 1493 1332 tianissimus
1515 1312 1548 1333 es
1571 1303 1658 1333 inter
1677 1303 1843 1342 principes
1864 1303 2078 1337 christianos,
2097 1307 2131 1332 ut
2153 1312 2170 1332 a
2192 1303 2291 1333 devo-

1285 1355 1373 1385 tione
1390 1355 1546 1385 Ecclesie.
1565 1356 1680 1385 matris
1696 1360 1761 1391 tue,
1780 1355 1870 1385 nullo
1886 1365 2031 1394 unquam
2049 1356 2211 1385 movearis
2227 1356 2290 1385 im-

1284 1407 1399 1446 pulsu,
1417 1407 1475 1437 sed
1491 1417 1579 1443 eam,
1597 1417 1661 1447 que
1677 1412 1707 1438 te
1724 1408 1853 1438 sincero
1870 1408 1977 1438 cordis
2000 1408 2117 1437 affectu
2135 1407 2244 1445 diligit
2259 1412 2290 1438 et

1284 1460 1440 1495 honorat,
1460 1465 1493 1490 tu
1510 1470 1640 1499 quoque
1655 1461 1709 1499 pio
1725 1461 1910 1491 devotionis
1925 1461 2092 1499 proposito
2108 1460 2288 1496 venereris,

1283 1517 1319 1542 ut
1347 1517 1457 1551 preter
1488 1513 1619 1543 laudem
1655 1513 1827 1543 hominum
1862 1513 2047 1543 mercedem
2076 1512 2290 1551 consequaris

1284 1565 1449 1595 eternam!
1467 1566 1608 1595 Gravem
1625 1566 1789 1604 siquidem
1802 1565 2002 1596 venerabilis
2018 1566 2132 1595 fratris
2146 1565 2251 1595 nostri
2269 1588 2288 1594 ..

1284 1617 1562 1655 Rothomagensis
1587 1618 1826 1657 archiepiscopi
1851 1618 2035 1657 recepimus
2063 1618 2287 1656 questionem,

1284 1671 1381 1709 quod,
1395 1680 1469 1700 cum
1483 1671 1517 1700 in
1529 1671 1760 1709 spiritualibus
1776 1676 1807 1701 et
1823 1670 2059 1710 temporalibus
2075 1670 2203 1699 nullum
2218 1674 2291 1709 post

1283 1724 1389 1754 Deum
1405 1728 1514 1762 preter
1525 1733 1583 1754 nos
1596 1724 1741 1762 judicem
1758 1723 1888 1759 haheat,
1907 1723 1945 1753 de
1962 1723 2097 1761 antiqua
2114 1722 2290 1752 Rothoma-

1283 1776 1395 1813 gensis
1415 1776 1553 1806 ecclesie
1575 1776 1727 1806 libertate
1745 1785 1781 1806 ac
1797 1776 1903 1814 ipsius
1919 1775 2157 1805 consuetudine
2177 1774 2291 1805 hacte-

1284 1837 1346 1857 nus
1368 1828 1551 1858 observata.
1577 1833 1622 1861 tu,
1647 1829 1853 1867 quorundam
1878 1829 1995 1858 ductus
2018 1832 2049 1857 et
2070 1828 2200 1857 utinam
2224 1835 2289 1857 non

1283 1880 1438 1909 seductus
1463 1880 1629 1915 consiliis,
1656 1885 1769 1911 eontra
1793 1881 2016 1919 predictorum
2042 1880 2290 1919 progenitorum

1282 1936 1413 1962 tuorum
1430 1934 1715 1969 consuetudinem,
1731 1933 1787 1972 qui
1802 1933 1958 1964 ecclesias
1971 1937 2001 1963 ct
2016 1933 2103 1962 viros
2120 1932 2292 1963 ecclesias-

1281 1986 1363 2016 ticos
1393 1987 1446 2025 pio
1477 1996 1606 2025 semper
1638 1992 1669 2017 et
1697 1991 1846 2026 prompto
1877 1986 2121 2017 venerabantur
2151 1985 2287 2020 affectu,

1281 2038 1389 2077 ipsum
1407 2039 1447 2068 ad
1463 2043 1553 2069 tuam
1574 2039 1776 2077 presentiam
1793 2048 1950 2075 evocans,
1969 2048 2043 2068 eum
2059 2038 2216 2068 inducere
2232 2045 2289 2067 vo-

1280 2090 1385 2125 luisti,
1404 2096 1438 2121 ut
1453 2100 1551 2130 super
1563 2100 1599 2121 eo
1613 2092 1701 2131 quod
1713 2092 1747 2121 in
1764 2091 1924 2131 quosdam
1938 2089 2288 2121 excommunicationis

1281 2145 1481 2175 sententiam
1503 2145 1741 2183 promulgarat,
1766 2154 1803 2175 ao
1825 2144 2024 2183 quibusdam
2044 2143 2120 2174 aliis
2138 2142 2296 2173 articulis·

1280 2197 1341 2225 sub
1358 2201 1413 2226 tuo
1429 2197 1579 2227 examine
1595 2197 1824 2236 responderet;
1839 2197 1917 2236 quia
1930 2197 2012 2235 ipse,
2027 2206 2090 2226 non
2103 2196 2210 2226 solum
2220 2195 2289 2234 juri

1280 2257 1340 2279 suo
1364 2249 1563 2287 periculum,
1594 2259 1709 2279 verum
1734 2250 1834 2280 etiam
1861 2250 2111 2280 subversionem
2136 2253 2288 2278 metuens

1280 2301 1503 2332 ecclesiastice
1518 2301 1694 2337 libertatis,
1707 2302 1741 2332 id
1751 2302 1879 2332 efficere
1895 2302 2080 2339 denegavit,
2099 2310 2133 2331 se
2150 2310 2187 2330 ac
2202 2301 2288 2331 bona

1278 2353 1384 2392 ipsius
1396 2353 1534 2384 ecclesie
1546 2355 1741 2392 protectioni
1753 2354 1848 2385 Sedis
1859 2354 2046 2393 Apostolice
2059 2353 2285 2391 supponendo,

1278 2412 1387 2438 motus
1412 2417 1449 2438 ex
1476 2408 1537 2438 boc
1562 2409 1705 2445 graviter
1730 2413 1843 2439 contra
1868 2418 1960 2443 eum,
1987 2408 2095 2447 ipsum
2121 2408 2284 2443 domibus,

1277 2459 1378 2495 villis,
1397 2461 1505 2495 terris,
1524 2461 1708 2491 redditibus
1727 2465 1759 2492 et
1771 2461 2039 2500 possessionibus
2055 2460 2093 2490 ad
2111 2459 2285 2490 ecclesiam

1278 2522 1371 2542 suam
1386 2514 1622 2551 spectantibus,
1636 2523 1694 2552 pro
1707 2518 1760 2544 tue
1774 2513 1953 2544 voluntatis
1968 2513 2105 2543 arbitrio
2122 2513 2284 2551 spoliasti,

1277 2573 1315 2594 ea
1337 2574 1394 2603 per
1414 2565 1585 2595 ministros
1608 2570 1680 2596 tuos
1700 2566 1826 2597 faciens
1853 2565 1995 2596 detineri
2021 2575 2026 2594 :
2050 2565 2084 2594 in
2107 2574 2171 2603 quo
2195 2569 2284 2595 tanto

1277 2617 1354 2652 tibi,
1374 2621 1540 2656 tamquam
1554 2618 1621 2648 iilio
1638 2619 1784 2649 Ecclesie
1800 2618 1953 2657 speciali,
1971 2617 2120 2648 dolemus
2137 2622 2168 2647 et
2189 2617 2285 2648 time-

1277 2678 1350 2699 mus
1364 2670 1516 2709 amplius,
1533 2676 1655 2710 quanto
1668 2681 1842 2710 personam
1857 2676 1947 2701 tuam
1958 2671 2046 2701 inter
2057 2675 2182 2700 ceteros
2196 2670 2283 2709 prin-

1234 2750 1236 2755 .
1276 2722 1365 2760 cipes
1387 2723 1587 2754 christianos
1610 2725 1813 2755 sinceritatis
1841 2724 1988 2754 brachiis
2012 2723 2189 2762 specialius
2212 2731 2284 2753 am-

1275 2774 1455 2813 plexamur,
1474 2785 1547 2805 cum
1564 2786 1703 2815 regnum
1716 2778 1927 2812 Francorum,
1943 2776 2153 2807 benedictum
2170 2784 2188 2805 a
2201 2776 2280 2810 Deo,

1276 2836 1405 2866 semper
1420 2829 1454 2858 in
1477 2830 1663 2867 Apostolice
1686 2830 1780 2860 Sedis
1803 2830 1975 2860 devotione
1995 2827 2232 2867 permanserit,
2250 2831 2282 2857 et

1234 2875 1236 2882 ’
1276 2880 1316 2909 ab
1333 2889 1369 2910 ea
1387 2881 1476 2911 nullo
1494 2891 1657 2921 unquam,
1675 2883 1761 2913 sicut
1781 2882 1962 2917 credimuS,
1982 2881 2023 2912 sit
2046 2885 2191 2919 tempore
2213 2879 2284 2910 dis-
