2498 3242
204 276 275 309 1241
1053 273 1270 311 Hm'rlEME
1291 273 1451 311 ANNEE.
2229 289 2303 319 1242

201 346 290 376 modi
312 347 536 385 exceptionem
559 348 732 378 admittere
755 353 869 378 contra
890 349 1056 388 justitiam
1077 356 1212 378 recusa-

200 399 280 433 rint.
303 405 409 430 rector
422 401 589 439 predictus
605 410 718 431 vocem
735 402 774 431 ad
797 411 856 431 nos
877 401 1110 440 appellationis
1129 402 1212 431 emi-

201 452 255 486 sit,
273 456 399 482 certum
418 453 633 492 appellationi
651 463 709 484 sue
733 455 910 484 terminum
928 454 1130 493 preti-gendo.
1148 454 1213 484 Sed

200 505 349 542 prefatus
368 506 640 539 archidiaconus,
661 507 771 545 ipsum
792 507 826 537 in
850 508 964 538 eodem
988 508 1130 537 termino
1155 516 1212 545 per

202 566 258 587 sex
272 566 404 588 menses
421 563 452 588 et
471 559 614 597 amplius
630 561 846 598 preveniens,
866 570 965 598 super
981 560 1094 590 eodem
1112 568 1212 597 nego-

204 610 249 640 tio
272 620 336 649 11110
360 611 399 641 ab
426 621 463 641 eo
487 613 587 643 fuerit
611 613 828 652 appellatum,
854 613 892 643 de
914 613 1134 652 appellatione
1154 622 1213 642 sua

203 663 294 693 nulla
311 674 446 702 prorsus
462 665 576 695 habita
595 666 775 700 mentione,
794 666 834 695 ad
853 690 871 695 ..
889 666 1041 696 abbatem
1058 666 1096 696 de
1114 665 1213 695 Boxle

203 725 347 755 5110511110
359 718 549 756 conjudices
562 722 692 748 nostras
704 719 849 749 obtinuit
860 718 988 748 litteras
1000 722 1114 748 contra
1126 727 1210 748 eum.

203 770 322 801 Coram
340 771 462 809 1111111115
482 781 500 801 a
522 776 734 810 procuratore
755 772 892 802 rectoris
913 772 1019 810 ipsius
1041 772 1104 801 fuit
1127 771 1215 801 exci-

203 824 325 862 piendo
342 825 546 863 propositum
562 826 742 863 premissas
758 825 899 859 litteras,
914 826 949 854 in
966 825 1088 864 quibus
1104 825 1142 854 de
1162 833 1214 862 ap-

204 876 382 915 pellatione
399 881 428 906 01
443 878 564 915 pretixo
581 878 610 907 ei
631 878 771 908 termino
788 878 912 907 mentio
931 887 995 907 11011
1013 877 1122 909 fiebat,
1141 881 1214 907 tan-

204 938 303 968 quam
327 930 520 968 impetratas
543 930 682 960 veritate
707 931 822 960 tacita.
849 939 912 959 non
937 930 1058 960 valere.
1078 931 1117 960 Et
1136 930 1214 968 quia

203 981 282 1011 dicti
296 982 426 1020 judices
445 983 670 1021 exceptionem
694 982 886 1021 hujusmodi
907 982 1080 1012 admittere
1098 981 1214 1011 nolue-

201 1039 290 1064 runt.
310 1035 396 1064 idem
409 1039 601 1073 procurator
611 1035 866 1073 appellationem
879 1035 970 1073 prius
983 1035 1213 1073 interpositam

200 1087 389 1121 innovavit;
407 1088 502 1126 cujus
519 1087 739 1126 appellatione
757 1091 953 1126 contempta,
970 1087 1070 1117 iidem
1083 1087 1214 1126 judices

200 1139 237 1168 in
262 1140 402 1170 eundem
431 1144 611 1175 rectorem,
639 1139 894 1178 appellationem
919 1140 1099 1178 predictam
1128 1139 1214 1178 apud

201 1192 319 1223 Sedem
337 1192 559 1230 Apostolicam
578 1197 844 1230 prosequentem,
860 1192 1213 1222 excommunicationis

200 1245 403 1275 sententiam
419 1245 653 1275 fulminarunt.
667 1245 816 1283 Cumque
830 1245 1037 1283 postmodum
1050 1245 1120 1283 ipse
1135 1254 1214 1275 cau-

200 1306 270 1328 sam
286 1297 521 1336 appellationis
535 1297 681 1335 predicte
696 1297 821 1335 prolate
835 1297 870 1326 in
885 1306 971 1333 eum,
988 1298 1214 1328 excommuni-

201 1350 343 1380 cationis
364 1350 502 1387 ignarus
517 1349 582 1388 [ad]
601 1372 620 1378 ..
639 1349 801 1379 decanum
817 1349 1061 1380 Cicestrensem
1083 1354 1113 1380 et
1136 1359 1213 1380 suos

199 1403 391 1442 conjudices
409 1402 611 1432 obtinuisset
627 1411 644 1432 a
662 1402 744 1432 Sede
761 1402 951 1441 Apostolica
967 1403 1124 1441 delegari,
1138 1412 1213 1441 pars

201 1455 305 1486 altera
320 1459 435 1485 contra
453 1463 529 1484 eum
544 1454 739 1492 excipiendo
756 1455 927 1493 proposuit
944 1455 1054 1493 ipsum
1075 1456 1215 1485 audien-

201 1507 280 1538 dum
297 1516 362 1537 non
379 1515 463 1542 esse,
482 1515 541 1545 pro
554 1515 592 1537 οο
608 1507 696 1545 1111011
715 1511 859 1545 1011111010
875 1507 1043 1545 impetrati
1060 1508 1214 1546 rescripti

200 1560 310 1590 fuerat
326 1559 460 1590 vinculo
477 1559 830 1590 excommunicationis
849 1560 1017 1595 astrictus,
1036 1569 1072 1590 eo
1090 1561 1126 1590 in
1141 1570 1215 1591 con-

200 1613 343 1643 trarium
358 1612 540 1651 replicante
556 1612 664 1651 ipsam
679 1613 1056 1643 excommunicationem
1075 1614 1140 1644 sibi
1157 1624 1215 1653 pe·-

202 1665 295 1696 nitus
312 1674 377 1695 non
394 1665 546 1701 obstare,
568 1674 626 1703 pro
645 1674 682 1695 eo
699 1664 787 1704 quod
805 1669 878 1703 post
901 1665 1157 1704 appellationem
1174 1667 1214 1697 ab

203 1727 241 1750 eo
257 1719 298 1749 ad
316 1727 376 1748 nos
399 1718 548 1756 legitime
567 1718 791 1757 interjectam,
811 1722 907 1757 prout
923 1719 1077 1757 superius
1094 1724 1143 1750 est
1160 1730 1215 1751 ex-

201 1781 371 1812 pressum,
389 1772 498 1802 fuerat
514 1771 739 1810 promulgata,
763 1775 794 1802 et
819 1771 906 1802 sicut
926 1772 959 1801 in
981 1773 1214 1811 appellationis

202 1834 304 1856 causa
313 1825 597 1855 excommunicato
606 1824 819 1855 defensiones
830 1824 978 1863 legitime
987 1831 1211 1864 reservantur,

202 1878 251 1910 510
266 1882 298 1908 01
316 1886 416 1916 super
437 1876 658 1915 appellatione
679 1885 740 1907 sua
760 1877 825 1907 sibi
847 1877 1040 1908 conceditur
1059 1888 1096 1909 eo
1115 1880 1214 1910 tacito

201 1931 398 1970 impetrare3
416 1939 516 1969 quam
529 1930 780 1968 replicationem
797 1939 872 1960 cum
888 1930 953 1969 ipsi
965 1931 1096 1970 judices
1112 1932 1214 1962 ratio-

201 1984 360 2015 nabiliter
373 1983 598 2017 admittentes,
615 1983 739 2013 dictum
752 1988 914 2013 rectorem
926 1983 1129 2013 audiendum
1141 1993 1214 2014 esse

200 2038 237 2068 in
253 2046 353 2068 causa
369 2036 499 2071 eadem,
523 2035 864 2066 excommunicatione
886 2044 950 2065 non
971 2036 1123 2066 obstante
1139 2045 1214 2075 pre-

201 2090 300 2124 dicta,
320 2098 378 2128 per
400 2088 687 2119 interlocutoriam
709 2087 950 2123 declarassent,
975 2098 1051 2126 pars
1075 2089 1214 2118 adversa

200 2141 413 2173 frustratorie
430 2141 470 2170 ab
487 2141 535 2171 eis
554 2140 594 2170 ad
611 2140 844 2178 appellationis
864 2140 1042 2178 diffugium
1060 2141 1214 2171 convola-

201 2195 266 2230 vit3
289 2194 384 2233 cujus
408 2193 664 2232 appellationem
689 2192 753 2231 ipsi
771 2192 901 2231 judices
924 2193 1094 2228 frivolam,
1118 2198 1214 2232 prout

202 2252 283 2283 erat,
302 2246 437 2286 penitus
458 2250 666 2284 reputantes,
684 2245 852 2284 prioribus
870 2245 1041 2284 judicibus
1057 2245 1214 2277 inhibue-

201 2305 281 2331 runt
309 2307 463 2338 expresse
492 2307 533 2328 ne
564 2298 597 2327 in
625 2298 758 2335 negotio
782 2298 998 2336 procederent
1020 2303 1212 2334 memorato,

201 2354 305 2384 donee
322 2352 360 2382 de
381 2351 511 2382 meritis
534 2351 767 2389 appellationis
792 2351 898 2389 ipsius
922 2351 1126 2381 discuterent
1144 2351 1214 2390 plc-

201 2406 280 2436 nius
294 2413 404 2435 coram
421 2404 516 2442 ipsis.
530 2403 593 2433 Sed
610 2403 689 2442 quia
700 2403 978 2442 prioresjudices,
992 2403 1213 2433 secundorum

201 2458 405 2489 inhibitione
429 2460 627 2494 contempta,
654 2456 688 2484 in
714 2456 846 2493 negotio
874 2456 945 2494 ipso
973 2455 1213 2498 nichilominus

201 2510 444 2551 procedebant,
470 2508 658 2547 sepedictus
688 2512 796 2538 rector
825 2509 994 2547 proposuit
1020 2514 1134 2539 contra
1159 2518 1213 2539 005

202 2563 309 2603 quod,
328 2571 403 2592 01110
420 2565 532 2591 essent
551 2560 684 2590 vinculo
703 2561 1056 2591 excommunicationis
1073 2561 1212 2596 astricti,

201 2620 298 2656 prout
315 2619 385 2645 erat
401 2614 517 2644 docere
537 2617 683 2652 paratus,
709 2622 818 2643 coram
840 2613 922 2652 ipsis
948 2613 1147 2652 respondere
1163 2613 1215 2643 vel

203 2677 301 2707 agere
315 2667 453 2697 minime
471 2666 656 2697 tenebatur.
676 2666 713 2695 Et
734 2666 811 2704 quia
829 2675 928 2704 super
944 2666 1006 2695 hoc
1022 2666 1137 2696 audire
1156 2675 1215 2696 no-

202 2721 339 2751 luerunt
362 2719 521 2751 eundem,
547 2728 583 2749 cx
608 2718 668 2748 hoc
691 2719 840 2748 sentiens
861 2728 895 2748 se
917 2718 1063 2755 gravari,
1082 2718 1122 2747 ad
1139 2727 1216 2748 nos-

203 2778 289 2803 tram
307 2772 511 2802 audientiam
533 2771 720 2810 appellavit.
744 2772 782 2800 At
803 2771 882 2809 ipsi,
901 2770 1049 2808 legitima
1071 2771 1141 2810 ejus
1159 2780 1216 2809 ap-

203 2825 384 2866 pellatione
416 2828 622 2862 contempta,
655 2824 688 2852 in
719 2833 794 2853 011111
822 2827 851 2853 01
883 2832 1090 2862 quocumque
1122 2823 1216 2852 modo

205 2877 490 2909 communicantes
507 2876 625 2911 eidem,
644 2886 679 2905 ac
697 2877 729 2905 in
748 2876 992 2914 dictosjudices
1009 2881 1159 2914 optentos
1176 2875 1216 2905 ab

205 2940 255 2967 eo,
273 2931 306 2960 in
324 2938 418 2969 111105,
436 2934 593 2968 tanquam
611 2929 644 2958 in
661 2938 768 2967 pares.
785 2928 913 2958 nullum
931 2929 1095 2959 habebant
1116 2929 1216 2967 impe—

1294 345 1392 381 rium,
1411 350 1764 380 excommunicationis
1781 353 1980 381 sententiam
1997 353 2035 383 de
2052 354 2153 387 facto,
2173 364 2246 384 cum
2263 356 2303 385 de

1290 398 1364 437 jure
1380 401 1603 438 nequiverint,
1622 403 1884 441 promulgarunt.
1904 406 2116 435 Postmodum
2131 417 2206 437 vero
2223 408 2302 438 dicti

1295 451 1549 483 archidiaconus
1574 459 1602 483 et
1625 456 1800 491 otticiales,
1825 467 1923 495 super
1943 459 2056 487 00110111
2077 469 2140 489 non
2159 461 2244 490 sacta
2263 461 2302 490 110

1296 505 1468 541 premissis
1486 505 1597 544 aliqua
1617 509 1801 544 mentione,
1823 510 1981 548 quasdam
1999 511 2038 540 ad
2057 535 2076 540 ..
2095 512 2247 542 abbatem
2263 513 2303 542 de

1296 557 1504 595 NYauthaDn]
1529 563 1557 588 et
1585 568 1661 589 suos
1684 560 1844 597 collegas,
1872 567 1901 592 et
1931 563 2012 592 alias
2040 565 2079 593 ad
2111 588 2130 593 ..
2158 566 2302 603 priorem

1297 609 1415 639 Sancte
1440 611 1614 642 Trinitatis
1640 613 1883 644 Lontloniensis
1908 620 1937 645 et
1963 626 2040 646 suos
2068 618 2257 656 conjudices
2285 628 2304 647 a

1297 663 1392 692 001115
1420 663 1547 693 litteras
1572 666 1808 703 impetrarunt,
1828 678 1968 706 quarum
1993 671 2187 701 auctoritate
2214 680 2303 701 nunc

1297 724 1406 744 coram
1423 715 1507 751 illis,
1527 725 1613 746 nuuc
1630 727 1739 748 coram
1758 720 1849 755 aliis,
1866 725 1960 758 prout
1977 722 2106 754 volunt,
2126 723 2302 753 molestant

1297 768 1456 803 0110110111;
1484 773 1534 803 ut,
1564 770 1612 799 sic
1641 771 1800 809 fatigatus
1832 772 2001 803 laboribus
2034 779 2063 803 et
2091 776 2244 813 expensis
2272 780 2304 806 ct

1296 820 1331 848 in
1363 820 1493 851 diversa
1523 822 1716 859 distractus,
1747 834 1763 853 a
1786 825 1873 864 juris
1903 827 1954 855 5111
1987 828 2217 864 prosecutione
2247 828 2305 858 de-

1297 873 1415 903 sistere
1443 875 1659 913 compellatur
1686 877 1824 907 invitus.
1854 879 1960 914 Unde,
1991 889 2063 909 cum
2093 885 2224 919 propter
2250 889 2306 910 ca-

1297 925 1486 957 villationes
1517 932 1547 957 et
1581 930 1874 965 tergiversationes
1907 933 2009 970 partis
2039 933 2177 964 alterius
2205 943 2307 965 causa¹

1296 978 1369 1016 ipsa
1399 979 1441 1008 sit
1474 980 1542 1010 sere
1574 990 1632 1019 per
1662 982 1850 1013 triennium,
1871 989 2061 1022 proi-(gata,
2092 995 2151 1016 nec
2181 996 2238 1025 per
2266 996 2305 1018 ea

1297 1040 1360 1069 que
1384 1032 1468 1069 [acta
1495 1035 1584 1070 sunt]
1607 1035 1615 1054 ¹
1641 1043 1750 1064 coram
1775 1036 1894 1066 dilecto
1918 1037 1985 1066 filio
2010 1043 2120 1068 nostro
2144 1040 2189 1075 S.,
2214 1039 2305 1069 tituli

1297 1083 1409 1113 Sancti
1428 1085 1599 1115 Laurentii
1619 1087 1652 1115 in
1674 1087 1798 1117 Lucina
1815 1089 1998 1127 presbitero
2014 1091 2187 1127 cardinali,
2206 1102 2305 1131 quem

1297 1136 1403 1165 eidem
1434 1138 1553 1167 rectori
1582 1143 1611 1168 et
1642 1140 1726 1177 parti
1755 1140 1851 1170 alteri
1879 1142 1962 1180 apud
1992 1144 2109 1174 Sedem
2137 1145 2306 1183 Apostoli-

1297 1197 1367 1217 cam
1391 1190 1581 1220 constitutis
1605 1200 1704 1229 super
1726 1194 1899 1230 premissis
1927 1195 2078 1225 dedimus
2107 1197 2302 1233 auditorem,

1297 1242 1486 1280 nequiverit
1516 1244 1706 1280 terminari,
1740 1246 1835 1276 nobis
1870 1247 1956 1277 idem
1996 1254 2101 1279 rcctor
2132 1250 2306 1280 humiliter

1297 1294 1495 1332 supplicavit
1529 1299 1580 1330 ut,
1620 1305 1659 1326 110
1696 1306 1796 1328 causa
1828 1299 1941 1329 eadem
1976 1302 2138 1331 ciliciatur
2172 1304 2306 1341 penitus

1296 1346 1511 1382 immortalis,
1551 1349 1615 1378 sibi
1646 1359 1745 1388 super
1773 1350 1833 1381 hoc
1869 1352 2083 1390 dignaremur
2115 1356 2307 1386 misericor-

1297 1398 1382 1429 diter
1405 1400 1588 1438 providere.
1611 1402 1750 1438 Verum,
1774 1412 1848 1433 cum
1873 1406 1999 1443 prefato
2027 1408 2146 1437 rectori
2170 1418 2227 1447 per
2253 1409 2305 1438 di-

1296 1450 1418 1481 lectum
1442 1453 1547 1482 tilium
1574 1477 1593 1483 ..
1615 1456 1889 1493 penitentiarium
1910 1463 2061 1488 nostrum
2084 1460 2232 1499 impendi
2255 1461 2305 1492 fe-

1297 1505 1441 1535 cerimus
1469 1506 1689 1537 absolutionis
1713 1508 1911 1539 heneficium
1937 1511 1977 1540 ad
1999 1513 2177 1549 cautelam,
2201 1515 2241 1545 ab
2266 1525 2304 1547 eo

1296 1558 1390 1596 prius
1406 1558 1525 1588 idonea
1541 1560 1693 1590 cautione
1708 1567 1837 1600 recepta
1851 1563 1937 1601 quod
1951 1573 2049 1603 super
2062 1565 2140 1601 hiis,
2158 1576 2216 1605 pro
2229 1569 2306 1607 qui-

1297 1611 1359 1641 bus
1375 1611 1410 1640 in
1433 1620 1509 1641 cum
1528 1613 1654 1650 prefate
1675 1616 2027 1647 excommunicationis
2046 1620 2210 1650 sententie
2229 1630 2306 1659 pro-

1297 1663 1363 1694 late
1391 1664 1545 1700 fuerunt,
1578 1665 1606 1695 si
1633 1674 1688 1695 eas
1718 1667 1963 1699 rationabiliter
1986 1670 2092 1701 fuisse
2120 1673 2308 1704 constiterit

1297 1715 1542 1754 promulgatas,
1579 1717 1842 1749 satisfactionem
1878 1729 1988 1751 coram
2023 1723 2116 1753 vohis
2153 1725 2308 1756 exhibeat

1298 1774 1550 1808 competentem,
1568 1772 1764 1803 mandamus
1781 1778 1956 1812 quatenus,
1975 1776 2002 1805 si
2019 1777 2164 1814 prefatas
2181 1787 2308 1809 excom-

1297 1823 1536 1854 municationis
1553 1825 1736 1855 sententias
1752 1831 1825 1864 post
1847 1827 2102 1866 appellationem
2122 1830 2306 1869 legitimam

1297 1875 1338 1904 ab
1354 1875 1426 1913 ipso
1444 1880 1570 1906 rectore
1586 1877 1627 1906 ad
1647 1878 1765 1908 Sedem
1781 1880 2004 1918 Apostolicam
2026 1882 2234 1922 interjectam
2252 1885 2307 1914 in-

1296 1928 1458 1957 veneritis
1486 1937 1558 1958 esse
1587 1929 1691 1965 latas,
1722 1939 1777 1960 eas
1804 1931 2039 1963 denuntiantes
2069 1936 2202 1973 penitus
2232 1945 2306 1967 esse

1297 1980 1422 2013 nullas.
1447 1982 1608 2012 revocetis
1624 1983 1658 2012 111
1676 1987 1797 2013 statum
1814 1984 1961 2015 debitum
1979 1987 2138 2026 quicquid
2159 1993 2230 2027 post
2248 1999 2307 2028 ap-

1296 2033 1510 2072 pellationem
1538 2034 1729 2074 hujusmodi
1756 2037 1955 2068 inveneritis
1982 2043 2103 2071 temere
2131 2046 2308 2080 attempta-

1296 2089 1378 2115 tum.
1409 2087 1444 2117 Si
1474 2096 1550 2117 vero
1582 2088 1715 2118 easdem
1741 2091 2093 2123 excommanicationis
2122 2095 2307 2125 sententias

1296 2139 1390 2169 vobis
1402 2140 1647 2171 rationabiliter
1663 2142 1849 2172 constiterit
1866 2152 1938 2173 esse
1950 2143 2034 2174 latas
2044 2147 2066 2181 ²,
2086 2147 2226 2177 eundem
2239 2156 2308 2178 rec-

1296 2195 1400 2221 torem
1419 2192 1459 2221 ad
1479 2193 1754 2223 satisfaciendum
1773 2195 1866 2234 juxta
1888 2197 2075 2227 cautionem
2094 2199 2304 2236 111-0111155001,

1296 2243 1504 2275 districtione
1521 2255 1585 2284 qua
1602 2247 1804 2282 convenerit,
1820 2248 2041 2286 appellatione
2059 2256 2193 2286 remota,
2212 2261 2305 2291 coga-

1296 2296 1350 2331 tis,
1369 2301 1399 2326 et
1414 2297 1574 2328 facientes
1589 2299 1682 2329 vobis
1696 2301 1903 2338 postmodum
1920 2301 2048 2332 litteras
2063 2303 2214 2335 obtentas
2229 2304 2308 2335 hinc

1296 2348 1374 2379 inde
1396 2353 1427 2378 et.
1450 2359 1624 2387 processus
1646 2360 1704 2389 per
1726 2360 1781 2382 eas
1805 2352 1936 2383 habitos
1960 2354 2121 2390 exhiberi,
2143 2360 2171 2385 et
2190 2365 2308 2395 supra—

1296 2401 1394 2431 dictis
1411 2402 1581 2441 judicibus
1604 2403 1796 2435 inhibentes
1820 2414 1860 2435 ne
1880 2406 2022 2436 ulterius
2045 2416 2102 2445 per
2120 2417 2175 2438 eas
2193 2418 2307 2447 proce-

1297 2453 1386 2490 dant,
1405 2463 1539 2485 causam
1556 2456 1712 2492 audiatis,
1725 2462 1757 2487 et
1773 2467 1856 2493 eam,
1875 2459 1903 2488 si
1920 2458 1958 2489 de
1976 2460 2119 2497 partium
2138 2461 2306 2492 voluntate

1296 2508 1513 2545 processerit,
1531 2508 1596 2539 fine
1615 2509 1726 2539 debito
1741 2510 1919 2541 decidatis.
1943 2512 2105 2542 facientes
2122 2518 2202 2545 etc.:
2223 2514 2307 2544 alio-

1297 2559 1378 2598 quin
1395 2560 1501 2598 ipsam
1524 2561 1565 2590 ad
1584 2570 1642 2591 nos
1665 2563 1843 2593 remittatis
1866 2565 2070 2595 sullicienter
2090 2566 2304 2602 instructam,

1297 2613 1497 2650 111-0113οο105
1513 2618 1587 2649 etc.9
1604 2624 1708 2653 11511110
1727 2625 1733 2644 z
1752 2620 1934 2654 receptare.
1954 2618 2068 2647 Testes
2086 2623 2146 2648 etc.
2167 2619 2259 2655 Quod
2278 2621 2307 2650 si

1299 2674 1363 2694 non
1382 2674 1496 2695 omnes
1514 2671 1574 2696 ete.
1593 2667 1666 2696 Non
1683 2667 1834 2699 obstante
1854 2669 2063 2707 indulgentia
2079 2680 2177 2709 quam
2197 2677 2241 2707 tu,
2261 2673 2307 2702 tili

1299 2717 1398 2755 prior,
1423 2717 1545 2749 habere
1570 2719 1691 2749 diceris
1715 2728 1755 2750 ne
1778 2720 1816 2750 de
1837 2722 1948 2751 causis
1970 2722 2010 2751 ab
2037 2723 2226 2761 Apostolica
2247 2725 2307 2754 tibi

1333 2848 1352 2873 1.
1369 2850 1417 2871 Ms.
1435 2857 1441 2872 .·
1457 2856 1518 2872 cum
1535 2856 1585 2872 nec
1607 2856 1654 2879 per
1672 2856 1703 2873 ea
1725 2857 1779 2880 11110
1795 2858 1901 2877 coram:
1923 2853 1946 2875 te
1962 2856 2036 2876 texte
2055 2855 2097 2877 cst
2116 2854 2150 2877 ici
2171 2855 2309 2879 00110100-

1301 2894 1374 2914 ment
1391 2891 1486 2915 altere.

1331 2934 1354 2958 ¹2.
1372 2937 1419 2958 Ms.
1437 2943 1442 2958 .·
1457 2935 1584 2965 prolatas.
1599 2936 1655 2966 11111,
1669 2943 1737 2966 pour
1749 2937 1773 2959 lc
1786 2938 1902 2967 rythmo,
1915 2942 1955 2961 est
1970 2942 2028 2961 111111
2042 2939 2057 2961 a
2070 2939 2117 2962 tait
2132 2939 2308 2966 nlesoctueux.
