2498 3242
169 193 207 222 6¹

772 274 887 307 Latrun‚
907 276 940 302 30
957 275 1015 301 111111
1036 276 1111 301 ¹227.

244 277 256 307 Ι
265 276 312 307 23

208 358 346 386 Abbatem
372 358 510 385 ecclesiae
534 358 630 385 Sum-ti
653 359 782 385 Andreae
810 359 998 385 vercellensis
1023 359 1182 393 fratresque

171 407 232 443 ejus
246 408 299 434 sub
313 407 388 434 beati
404 407 479 434 l'etri
499 408 525 433 et
540 415 591 433 sua
609 407 784 441 protectione
799 407 930 442 suscipit,
947 416 1104 442 eorumque
1121 416 1183 442 pos-

171 456 313 483 sessiones
329 456 494 482 confirmat.
517 470 550 474 —
574 456 651 489 (Rue.
676 456 714 487 11,
738 456 757 482 t'.
784 457 813 482 ¹9
829 458 873 487 v⁰;
895 464 963 483 anu.
984 457 1004 487 l,
1022 465 1046 483 c.
1068 458 1129 488 ¹233
1150 471 1183 475 —-

172 505 288 532 ⁴Wlonmu
309 506 382 537 1185,
398 504 416 532 l'.
439 507 501 538 ¹1¹3
520 520 552 524 —-
568 505 709 531 l‘orrnasr
726 505 818 538 7924.)

214 664 227 677 «
255 674 274 681 ..
293 650 397 680 abbati
419 650 538 680 ecclesie
561 650 671 680 Sancti
696 651 816 680 :indi-ee
849 651 1036 681 torcellensis
1060 652 1184 692 ejusque

170 704 322 743 fratribus
349 710 409 733 lam
432 704 622 743 presentibus
646 714 734 743 quam
760 705 876 741 fizlttris
900 704 1068 743 reqularem
1091 705 1182 734 vitam

168 757 314 797 professis
341 758 371 785 in
397 762 591 796 perpetuum.
623 757 827 795 Religiosam
855 759 954 787 vitam
983 758 1183 795 eligentibus

172 812 233 841 etc.
249 819 354 849 usque
371 810 539 847 infringat.
558 811 751 849 Eupropter.
768 810 878 840 dilecti
897 811 930 840 in
948 810 1091 841 Domino
1110 812 1180 845 tilii,
1211 833 1212 841 1

172 863 291 894 vestris
311 863 412 901 justis
432 863 714 901 postulationibus
736 863 915 893 clementer
937 863 1129 898 annuimus,
1152 866 1184 895 et

1008 185 1240 222 PREMIERE
1265 187 1428 224 ,xxxiiii

1210 786 1212 826 l

169 916 349 955 predictam
367 915 539 946 ecelesiam
557 915 668 946 Sancti
688 916 819 946 Andree
838 918 897 946 etc.
914 925 1020 955 usque
1037 925 1182 947 commu·
1210 948 1211 953 ,

171 968 293 998 nimus.
312 968 347 997 11]
358 968 477 1006 primis
490 968 656 1006 siqnidem
670 969 850 998 statuentes
864 971 897 999 ut
913 969 992 999 ordo
1003 971 1182 1000 canonicus

170 1021 228 1059 qui
251 1020 433 1051 secundum
462 1021 570 1050 Deum
600 1022 630 1050 et
654 1021 740 1051 beati
769 1022 949 1059 Augustini
976 1023 1122 1061 regulam
1149 1024 1182 1054 in

169 1073 309 1104 ecclesia
323 1075 431 1102 vestra
450 1073 621 1103 institutus
637 1082 709 1103 esse
725 1073 919 1109 dinoscitur,
937 1076 1105 1113 perpetuis
1120 1078 1180 1107 etc.
1210 1109 1211 1119 ¹

1210 1122 1211 1134 ³
1240 1122 1327 1152 dere.
1345 1123 1486 1153 Licitum
1505 1126 1652 1163 preterea
1672 1125 1713 1156 sit
1730 1127 1825 1157 vobis
1843 1127 1876 1157 in
1898 1129 2007 1158 causis
2026 1131 2168 1168 propriis
2187 1133 2246 1161 etc.

1210 1172 1211 1183 ¹
1241 1184 1344 1214 usque
1370 1177 1476 1206 valeat
1499 1177 1661 1215 deperire..
1691 1179 1829 1218 lnsuper
1852 1181 2043 1212 anctoritate
2069 1184 2248 1221 apostolica

169 1134 275 1164 usque
291 1125 497 1156 observetur.
520 1126 673 1156 Preterea
689 1135 916 1165 quascumque
938 1129 1180 1165 possessiones.

169 1187 376 1218 quecumque
399 1178 486 1209 bona
507 1179 622 1209 eadem
643 1179 783 1209 ecclesia
806 1188 846 1209 ex
869 1180 1046 1210 donatione
1070 1182 1181 1212 dilecti

170 1232 231 1262 filii
247 1232 352 1262 nostri
368 1232 511 1269 (tual[e],
530 1232 617 1270 tituli
636 1232 746 1262 Sancti
764 1232 899 1262 Martini
919 1234 1094 1271 presbiteri
1111 1244 1179 1265 car·
1210 1239 1211 1263 ἒ

168 1285 302 1318 dimitis,
321 1285 469 1323 ejusdem
497 1285 632 1316 ecclesie
657 1284 855 1320 fundatoris,
884 1286 936 1316 vel
959 1286 1039 1316 alias
1061 1287 1180 1326 impre-

169 1338 352 1368 sentiarum
373 1338 461 1377 juste
488 1339 518 1368 et
543 1338 701 1368 canonice
728 1338 878 1376 possidet
898 1356 936 1360 ——
962 1339 1089 1370 illibata
1112 1350 1181 1379 per-

168 1393 336 1422 maneant.
363 1392 400 1421 In
416 1391 539 1430 quibus
561 1391 621 1421 hec
638 1392 698 1421 ete.
724 1400 829 1430 usque
848 1392 1032 1422 vocabulis.
1057 1393 1180 1423 Locum

169 1445 280 1483 ipsum
298 1444 331 1474 iu
357 1453 420 1483 quo
443 1444 589 1483 predicta
605 1444 744 1475 ecclesia
766 1444 830 1475 sita
847 1445 909 1480 est,
931 1454 1006 1475 cum
1024 1446 1180 1476 domibus

170 1498 328 1528 omnibus
342 1499 372 1528 et
385 1497 595 1537 pertinentiis
616 1498 702 1533 suis;
719 1499 864 1528 castrum
880 1499 912 1528 et
931 1499 1048 1529 villam
1069 1500 1178 1530 Sancti

169 1550 338 1581 Germani.
363 1559 439 1581 01111]
467 1551 622 1581 omnibus
640 1551 774 1590 juribus
799 1553 830 1581 01
857 1552 1067 1590 pertinentiis
1092 1553 1177 1587 suis;

168 1605 313 1634 castrum
334 1606 366 1634 et
380 1605 496 1635 villain
518 1604 754 1635 Constantiane
777 1613 852 1635 cum
874 1605 1029 1636 omnibus
1046 1606 1180 1645 juribus

167 1658 199 1688 et
212 1658 424 1696 pertinentiis
440 1658 527 1688 suis:
544 1658 671 1692 domos,
690 1658 865 1693 sedimina,
882 1659 1000 1694 terras,
1018 1660 1132 1690 vineas
1149 1662 1180 1690 et

164 1711 395 1750 possessiones
412 1720 526 1742 omnes
543 1720 619 1742 cum
636 1711 792 1742 omnibus
804 1712 937 1750 juribus
954 1722 990 1742 ac
1008 1713 1178 1752 pertinen-

163 1763 220 1794 tiis
242 1765 324 1799 suis,
347 1773 429 1803 quas
460 1765 494 1795 in
512 1765 689 1795 Carixiane
707 1766 739 1795 et
762 1765 911 1795 Veuroni
935 1766 1064 1801 castris,
1088 1767 1179 1797 villis

165 1818 196 1848 et
220 1817 408 1853 territoriis,
434 1826 509 1847 cum
534 1818 692 1856 predictis
721 1818 877 1848 omnibus
903 1819 1041 1849 ecclesie
1071 1821 1178 1851 vestre

163 1870 251 1900 idem
278 1867 416 1901 contissit
442 1870 635 1906 cardinalisg
663 1871 824 1909 hospitale
848 1872 936 1910 quod
961 1872 1047 1902 idem
1072 1874 1177 1903 cardi·
1206 1909 1207 1915 ἵ

164 1921 251 1953 nalis
264 1930 366 1961 prope
382 1922 555 1952 ecclesiam
570 1923 713 1952 vestram
726 1922 880 1952 fundavit
893 1923 925 1952 et
938 1925 1046 1953 vestre
1059 1924 1176 1961 guber-

166 1975 292 2006 nationi
309 1984 344 2005 ac
360 1975 547 2014 provisioni
563 1975 746 2011 commisit,
763 1976 806 2005 ita
823 1976 933 2006 tamen
946 1977 1034 2014 quod
1049 1977 1089 2006 de
1105 1986 1177 2015 pos-

163 2028 372 2060 sessionibus
389 2030 419 2058 et
436 2029 533 2058 bonis
548 2028 655 2067 ipsius
669 2028 850 2058 mobilibus
867 2028 919 2058 vel
935 2029 1175 2065 immobilibus,

165 2091 222 2121 per
237 2081 438 2112 cardinalem
454 2081 639 2120 predictum
653 2081 706 2111 vel
719 2090 948 2120 quoscumque
963 2082 1047 2112 alios
1061 2082 1176 2113 fideles

161 2135 291 2166 collatis
307 2135 360 2165 vel
375 2134 587 2165 conterendis
600 2134 717 2170 cidem,
734 2134 781 2164 nil
795 2134 892 2165 vobis
908 2135 1004 2165 liceat
1018 2135 1175 2170 alienare,

161 2189 324 2223 minuere,
349 2197 521 2226 occupare,
549 2196 608 2218 seu
633 2187 754 2218 vestris
778 2187 896 2217 usibus
919 2187 1096 2227 applicare,
1119 2189 1176 2218 sed

158 2241 230 2272 sola
245 2241 351 2280 ipsius
368 2241 543 2280 hospitalis
559 2240 749 2271 visitatione
761 2250 797 2271 ac
812 2240 957 2279 regulari
973 2241 1175 2272 correctione
1205 2251 1206 2257 ¹

158 2294 316 2331 contenti,
351 2294 541 2324 ministrum
573 2293 727 2324 idoneum
758 2302 833 2323 cum
863 2293 1001 2323 fratrum
1026 2294 1176 2333 ejusdem
1204 2286 1205 2325 s

159 2347 336 2387 hospitalis
359 2346 500 2376 consilio
518 2346 696 2385 preficiatis
718 2345 853 2381 ibidem,
873 2346 930 2384 qui
950 2346 1038 2376 bona
1055 2355 1176 2385 paupe-

159 2407 234 2430 rum
250 2400 390 2430 fideliter
405 2399 625 2434 administret,
643 2400 673 2429 01
689 2399 877 2438 generalem
895 2399 1175 2438 computationem

159 2453 274 2484 reddat
290 2453 330 2483 de
352 2453 509 2483 omnibus
531 2454 579 2482 ter
598 2452 633 2482 in
650 2460 737 2482 anno
758 2452 870 2482 abbati
887 2455 997 2483 vestro
1015 2454 1045 2483 et
1066 2453 1174 2483 fratri-

159 2505 222 2536 bus
239 2505 412 2545 hospitalis
428 2505 588 2543 eiusdem,
608 2505 737 2544 ipsique
756 2504 866 2535 abbati
884 2506 1007 2544 prestet
1023 2505 1175 2536 obedien-

157 2559 238 2590 tiam
264 2560 295 2590 et
320 2558 540 2590 reverentiam
569 2566 645 2588 cuni
669 2558 825 2588 omnibus
851 2558 927 2588 aliis
954 2558 1114 2589 fratribus
1144 2560 1175 2589 et

160 2612 342 2647 sororibus,
359 2620 400 2642 ex
415 2611 538 2651 quibus
556 2611 624 2650 ipse
640 2611 794 2641 minister
805 2611 935 2641 nullum
952 2611 1100 2650 recipiat,
1115 2612 1174 2642 sed
1202 2636 1203 2639 ,

158 2673 217 2704 per
243 2665 396 2696 abbatem
424 2664 567 2695 eundem
594 2659 800 2703 recipiantur
824 2664 957 2694 nomine
986 2663 1173 2703 hospitalis,

159 2717 290 2757 quoties
312 2717 411 2748 fuerit
428 2718 641 2756 oportunum,
660 2725 736 2747 eum
761 2717 908 2747 ministri
929 2718 1038 2747 tamen
1058 2719 1089 2747 et
1106 2725 1173 2748 om-

159 2769 252 2800 nium
278 2769 430 2804 fratrum,
456 2769 509 2800 vel
534 2769 670 2808 majoris
697 2769 801 2809 partis
822 2769 971 2808 ejusdem
998 2769 1172 2808 hospitalis

159 2822 299 2855 consilio
321 2824 353 2853 et
377 2830 558 2858 consensu;
589 2822 751 2862 capellam
777 2822 888 2854 Sancti
914 2822 1047 2853 Andree
1073 2823 1172 2852 sitam

155 2876 252 2915 Juxta
268 2875 443 2906 ecclesiam
459 2876 605 2904 vestram
622 2882 698 2905 cum
714 2874 871 2905 omnibus
889 2875 1169 2914 possessionibus,
1198 2898 1199 2901 1

2213 208 2255 235 62

1238 276 1372 314 juribus
1401 279 1432 307 ct
1461 279 1669 317 pertinentiis
1699 280 1781 315 suis,
1810 284 1956 321 exceptis
1985 287 2251 323 possessionibus

1241 337 1324 366 quas
1341 329 1426 359 idem
1446 331 1624 361 cardinalis
1643 332 1719 362 dieti
1739 333 1912 372 hospitalis
1931 336 2047 366 usibus
2065 338 2249 377 deputavit:

1242 381 1414 412 ecelesiam
1435 384 1544 413 Sancti
1564 385 1695 415 Andree
1711 385 1750 415 de
1772 386 1968 422 Cast1·et0n.‚
1990 390 2166 427 llelyensis
2182 393 2250 421 dio—

1241 433 1338 469 cesis,
1355 443 1414 472 per
1434 436 1644 466 carissimum
1664 437 1695 467 in
1719 439 1851 468 Christo
1870 440 1974 470 tilium
1998 446 2144 473 'vistrum
2164 445 2248 474 Hen-

1243 486 1361 521 rirum,
1384 487 1545 519 illustrem
1561 498 1671 527 regem
1693 491 1812 529 Anglie
1827 494 1858 522 et
1874 493 1945 531 ejus
1963 496 2182 532 consiliarius,
2202 507 2250 527 ec-

1243 539 1341 569 clesie
1374 542 1492 575 vestre,
1524 542 1645 572 intuitu
1672 544 1850 574 cardinalis
1876 546 2012 584 predicti
2041 548 2071 577 111
2100 550 2251 588 proprios

1243 600 1335 626 usus,
1353 593 1520 624 diocesani
1543 594 1605 624 loci
1628 597 1657 625 et
1680 597 1814 634 capituli
1833 598 1885 627 sui
1908 608 2046 629 assensu
2065 602 2248 632 accestente.

1241 645 1408 680 collatam,
1419 648 1450 677 et
1461 648 1671 685 postmodum
1686 650 1877 680 auctoritate
1890 653 2068 690 apostolica
2080 656 2250 685 eontirma-

1241 699 1415 729 tants-ano
1435 700 1604 730 novalium
1627 703 2249 744 vestrorum—extorquerepresumat.

1240 751 1351 782 Liceat
1371 752 1467 782 vobis-
1487 762 1618 792 quoque
1636 755 1773 785 clericos
1795 758 1825 786 et
1844 756 1946 787 laicos
1966 759 2025 787 etc.
2046 768 2151 797 usque
2173 761 2250 790 reti-

1241 813 1329 834 nere.
1356 805 1577 836 Prohibemus
1596 807 1733 846 insuper
1754 810 1789 838 ut
1805 809 1888 839 nulli
1913 810 2050 841 fratrum
2067 814 2126 842 etc.
2149 822 2251 851 usque

1241 858 1359 888 audeat
1377 858 1527 889 retinere.
1540 861 1635 895 Quod
1648 861 1676 890 si
1691 862 1765 899 quis
1777 862 1915 893 retinere
1926 865 1986 893 etr.
1999 873 2102 903 usque
2120 868 2249 896 senten-

1242 910 1321 940 tiam
1338 912 1558 951 promulgare..
1578 913 1664 943 Illud
1682 914 1865 945 districtius
1884 916 2071 947 inhibentes
2093 927 2131 948 ne
2149 921 2250 949 terras

1240 965 1301 994 etc.
1319 972 1424 1003 usque
1441 974 1626 996 censemus
1645 967 1696 996 Ad
1713 967 1770 997 bec
1787 969 1885 998 etiam
1903 969 2119 1008 prohibemus
2135 981 2174 1002 ne
2190 972 2249 1002 ali-

1241 1017 1316 1055 quis
1337 1018 1517 1048 canonicus
1536 1019 1606 1049 sive
1628 1028 1809 1051 conversus
1833 1022 1894 1052 sub
1913 1023 2119 1061 professione
2144 1028 2250 1055 vestr-f

1240 1070 1358 1100 domus
1374 1071 1529 1102 astrictus
1547 1074 1606 1102 ete.
1628 1081 1734 1111 usque
1751 1083 1809 1112 pro
1829 1075 1869 1104 iis
1888 1075 2097 1114 aliquatenus
2114 1087 2247 1117 respon-

1239 1227 1430 1259 inhibemus
1447 1239 1485 1259 ne
1502 1230 1590 1260 ullus
1605 1231 1781 1270 episeopus
1798 1233 1850 1262 vel
1866 1233 1930 1264 alia
1947 1235 2090 1272 quelibet
2107 1244 2247 1274 persona

1240 1281 1279 1309 ad
1298 1282 1456 1319 synodos,
1479 1282 1531 1311 vel
1553 1286 1736 1314 conventus
1759 1294 1816 1314 seu
1840 1286 1993 1324 capitula,
2018 1288 2079 1317 nisi
2103 1289 2142 1318 ad
2167 1292 2246 1318 trav-

1238 1334 1337 1363 tanda
1354 1335 1552 1372 spirituaHa,
1572 1337 1697 1371 vosire,
1716 1337 1768 1367 vel
1781 1338 1907 1375 judicio
1926 1340 2067 1370 seculari
2081 1342 2119 1370 111-
2141 1344 2249 1372 vestra

1240 1387 1373 1426 propria
1390 1388 1573 1418 substantia
1587 1389 1639 1419 vel
1656 1391 1928 1428 possessionibus
1943 1393 2062 1423 vestris
2079 1394 2246 1433 subjacen¹

1239 1440 1428 1479 compellat:
1456 1450 1515 1472 nec
1538 1442 1577 1471 ad
1600 1443 1715 1472 domos
1737 1446 1864 1474 vestras
1885 1453 1984 1475 causa
2007 1447 2138 1477 ordines·
2164 1448 2245 1477 eele-

1239 1494 1369 1529 brancti,
1381 1504 1499 1525 causas
1512 1496 1684 1530 tractandi,
1696 1497 1748 1527 vel
1758 1499 1942 1528 conventus
1955 1499 2085 1537 aliquos
2096 1501 2150 1539 pul
2159 1501 2247 1530 »licos-

1238 1548 1455 1583 convocandi‚
1479 1548 1574 1578 vobis
1603 1550 1904 1580 contradicentibus
1931 1552 1962 1580 et
1985 1551 2110 1587 invitis,
2136 1554 2247 1583 venire

1238 1602 1417 1639 presumat,
1437 1610 1495 1631 1100
1511 1602 1696 1640 regularem
1716 1602 1845 1633 abbatis
1862 1604 1961 1633 vestri
1977 1605 2170 1635 electionem
2191 1607 2248 1636 im—

1237 1654 1358 1692 pediat,
1375 1655 1430 1683 aut
1443 1654 1482 1684 de
1498 1663 1536 1684 ea
1551 1657 1665 1685 contra
1678 1656 1799 1685 statuta.
1813 1657 1915 1686 vestri
1931 1657 2058 1688 ordinis
2073 1667 2107 1688 se
2122 1659 2247 1697 aliqua-

1236 1708 1333 1737 tenus
1357 1707 1562 1738 intromittat.
1586 1708 1735 1738 0110111111Ἰ
1760 1717 1838 1739 vero
1861 1711 1891 1739 te
1913 1711 1973 1741 ete.
1999 1720 2103 1749 usque
2127 1712 2248 1751 eligen—

1237 1760 1326 1790 dum.
1358 1761 1492 1790 Electus
1522 1762 1632 1791 autem
1664 1770 1683 1791 a
1715 1762 1810 1791 vobis
1841 1764 1997 1793 canonice
2030 1765 2065 1794 in
2096 1765 2247 1795 abbatem

1237 1813 1414 1843 diocesano
1435 1814 1589 1853 episcopo
1611 1815 1712 1844 semel
1737 1816 1767 1845 et
1791 1815 1909 1846 iterum
1929 1825 1986 1855 per
2008 1817 2123 1847 fratres
2148 1819 2247 1848 vestri

1237 1866 1364 1896 ordinis
1380 1866 1549 1896 humiliter
1564 1869 1786 1906 presentatus,
1803 1868 1831 1898 si
1847 1869 1887 1898 ab
1904 1877 1941 1898 eo
1960 1870 2246 1901 confirmationem

1237 1921 1267 1949 et
1283 1920 1545 1950 benedictionem
1561 1929 1624 1950 non
1636 1921 1779 1959 potuerit
1796 1921 1955 1957 obtinere,
1970 1931 2008 1953 ne
2022 1924 2161 1953 ecclesia
2176 1933 2266 1960 vesu,

1235 1974 1285 2002 tra
1300 1973 1456 2002 destituta
1471 1973 1610 2003 consilio
1629 1973 1841 2011 periclitetur,
1860 1974 1969 2004 officio
1986 1977 2015 2005 et
2032 1975 2102 2006 loro
2117 1976 2246 2007 abbatis

1236 2025 1383 2063 plenarie
1400 2026 1557 2063 fungatur
1577 2025 1610 2055 in
1622 2034 1659 2056 ea
1671 2027 1736 2055 tam
1752 2026 1784 2055 in
1798 2027 2017 2057 exterioribus
2028 2029 2244 2067 providendis

1235 2087 1334 2117 quam
1354 2078 1386 2108 iu
1405 2078 1617 2108 interioribus
1632 2079 1847 2117 corrigendis,
1861 2080 1973 2116 donee,
1987 2083 2042 2110 aut
2058 2082 2244 2113 interventu

1236 2133 1345 2161 vestro
1362 2132 1418 2161 aut
1438 2133 1591 2170 precepto
1609 2131 1752 2161 Romani
1772 2132 1945 2163 Pontilicis
1966 2143 2025 2163 seu
2044 2135 2235 2173 metropoli-

1237 2184 1314 2219 tani‚
1334 2184 1620 2214 confirmationem
1641 2185 1672 2214 et
1689 2184 1952 2215 benedictionem
1970 2186 2127 2217 obtineat.
2142 2188 2244 2218 Porro

1235 2237 1325 2267 11111111
1348 2245 1491 2275 persona
1515 2245 1572 2275 pro
1595 2237 1819 2267 benediCendo
1840 2238 1956 2268 abbate
1979 2239 2031 2269 vel
2053 2240 2244 2270 deducendo

1237 2290 1268 2319 in
1293 2289 1404 2319 sedem
1426 2298 1521 2319 suam
1540 2289 1664 2328 aliquid
1687 2299 1704 2319 a
1728 2290 1823 2320 vobis
1843 2291 1985 2330 exigere,
2009 2292 2122 2322 nullus
2144 2293 2244 2324 etiam

1235 2344 1394 2378 vestrum,
1417 2343 1446 2373 si
1462 2342 1623 2381 exigatur,
1645 2343 1722 2373 dare
1743 2346 1915 2383 presumat
1936 2346 1996 2375 ete.
2015 2354 2120 2383 usque
2140 2346 2243 2376 invol-

1235 2397 1299 2426 vet.
1324 2396 1411 2426 Illud
1435 2396 1615 2426 adicientes
1640 2397 1673 2425 ut
1700 2396 1732 2426 in
1755 2397 1954 2435 recipiendis
1978 2399 2244 2436 professionibus

1204 2461 1205 2468 ¹
1235 2458 1298 2488 que
1318 2458 1336 2479 a
1356 2449 1537 2480 benedictis
1560 2448 1613 2479 vel
1633 2448 1868 2479 benedicendis
1885 2450 2062 2480 abbatibus
2084 2451 2243 2481 exbiben-

1235 2502 1297 2537 tur,
1315 2510 1353 2532 ea
1374 2502 1414 2532 sit
1432 2501 1629 2532 diocesanus
1648 2501 1754 2532 forma
1773 2503 1804 2532 et
1821 2503 2034 2541 expressione
2057 2505 2242 2540 contentus,

1235 2556 1269 2585 ut
1289 2555 1415 2585 scilicet
1436 2554 1572 2585 abbates
1593 2554 1657 2593 ipsi
1680 2555 1772 2585 salvo
1795 2555 1909 2585 ordine
1933 2564 1992 2586 suo
2017 2556 2163 2595 profiteri
2189 2557 2243 2586 de-

1233 2608 1343 2644 bcant,
1354 2609 1385 2638 et
1396 2609 1509 2638 contra
1524 2608 1645 2638 statuta
1657 2607 1786 2638 ordinis
1802 2608 1854 2638 sui
1865 2608 1988 2639 nullam
2000 2609 2241 2647 professionem

1202 2676 1203 2686 1
1232 2662 1339 2692 facere
1354 2661 1606 2700 compellantur.
1626 2662 1710 2690 Cum
1724 2661 1834 2692 autem
1859 2662 2012 2700 generale
2031 2662 2241 2692 interdictum

1232 2716 1294 2746 etc.
1312 2724 1417 2754 usque
1431 2715 1608 2746 celebrare.
1627 2714 1757 2744 Crisma
1783 2723 1860 2745 vero
1875 2716 1935 2745 ete.
1952 2724 2056 2754 usque
2072 2715 2240 2751 exhibere,

1232 2768 1382 2807 alioquin
1398 2767 1494 2799 liceat
1505 2767 1599 2797 vobis
1608 2767 2080 2807 ote.usqucimpendat.Quod
2099 2769 2128 2798 si
2146 2768 2241 2798 sedes

1231 2821 1399 2851 diocesani
1419 2820 1565 2860 episcopi
1587 2821 1648 2850 etc.
1666 2828 1772 2859 usque
1790 2829 1831 2851 ex
1854 2820 1914 2851 hoe
1933 2820 1966 2851 in
1984 2822 2151 2860 posterum
2169 2829 2240 2860 pro-

1230 2874 1303 2913 prio
1319 2874 1474 2914 episcopo
1492 2873 1620 2904 nullum
1642 2873 1861 2912 prejudicium
1879 2876 2063 2912 generetur.
2083 2874 2239 2904 Infirmos
