2498 3242
196 230 250 258 383
922 229 1159 259 REGISTRES
1182 229 1237 259 DE
1259 223 1481 261 GREGoan
1504 232 1562 261 ix.
2234 233 2292 265 584

193 296 289 324 clesia,
309 309 340 314 —
359 294 383 319 in
402 302 466 327 qna,
482 294 516 319 de
538 294 670 320 mandato
688 295 772 321 Sedis
790 295 974 330 Apostolicae
991 303 1023 321 ac
1039 295 1197 329 legatorum

194 343 296 375 ipsius,
314 348 378 368 octo
396 342 483 368 Italici
499 344 688 369 canonicatus
703 347 731 369 et
752 343 929 378 praebendas
950 343 1132 373 obtinebant,
1150 342 1198 377 qui

195 391 298 416 ibidem
322 400 375 416 non
399 390 575 420 resiliebant,
600 391 675 417 unde
696 392 819 417 ecclesia
841 392 902 426 ipsa
924 400 978 417 non
1003 391 1147 418 modicum
1171 391 1199 417 in

194 440 298 465 divinis
315 439 464 472 obsequiis
475 440 637 466 sustinebat
648 440 866 473 detrimentum,
882 455 914 460 —
933 440 1041 466 nullum
1059 448 1108 474 per
1123 441 1200 466 litte-

195 497 239 513 ras
256 488 428 522 apostolicas
445 487 479 513 de
499 488 641 521 praesenti
659 488 835 521 indulgentia
852 496 906 514 non
925 488 1061 515 facientes
1077 489 1199 514 mentio-

195 544 268 567 nem,
287 544 312 561 in
335 536 504 561 canonicum
524 537 650 571 recipere
670 540 811 563 teneatur.
828 550 864 557 —
879 536 962 569 (lieo.
989 537 1032 567 16,
1058 536 1077 562 f.
1099 537 1131 563 58
1153 543 1198 570 νος

192 594 256 610 ιι,111.
276 584 326 614 Yl,
344 593 368 609 e.
391 584 453 616 ¹9st
471 599 503 603 —
521 584 638 611 >lonast
660 586 734 614 list.
754 585 771 610 f.
790 585 862 617 371.)

268 709 285 713 ..
304 688 435 723 ‹pilo-qim
452 692 476 714 cl
493 687 626 722 stipitum
646 687 876 714 ,¹10r1'11c11s1'l1115.
899 686 985 715 Licet
1005 685 1200 715 clericorum

192 739 370 776 provisioni
388 755 436 766 —.
457 739 527 767 Dat.
548 738 712 774 Anagnie.
734 739 781 767 III
803 738 876 767 idus
893 738 1093 768 decembris.
1113 746 1199 767 anno

194 797 294 820 &With
314 805 323 812 ¹*

261 963 348 990 993
706 962 829 995 Anagni‚
847 961 863 988 9
879 961 1030 988 decembre
1048 961 1125 988 1232.

228 1024 455 1057 Arebiepiscopo
477 1023 657 1049 Messanensi
677 1023 809 1049 concedit
829 1027 858 1049 ut
878 1023 974 1049 crucis
992 1023 1126 1049 vexillum
1147 1030 1199 1057 per

191 1081 270 1097 suani
289 1073 463 1105 provinciam
480 1076 544 1097 ante
561 1080 591 1097 se
608 1072 702 1106 ipsum
720 1072 803 1098 saciat
819 1071 936 1101 deferri,
956 1072 1010 1098 nisi
1027 1080 1093 1098 cum
1109 1079 1197 1105 apos-

190 1121 295 1146 tolicus
312 1121 423 1147 legatus
441 1122 467 1146 in
484 1120 583 1146 eadem
600 1121 747 1155 provincia
763 1121 857 1147 suerit.
873 1120 1002 1153 —(Rm.
1018 1120 1060 1154 16,
1072 1120 1092 1146 s.
1105 1121 1138 1147 58
1152 1126 1196 1152 νος

189 1178 255 1195 ann.
277 1168 325 1197 Vl.
342 1177 365 1195 c.
389 1169 449 1199 w&
470 1184 501 1188 —
520 1168 665 1195 I'orwasr
680 1169 760 1202 9057,
778 1170 876 1195 omisso
894 1170 997 1201 initio.)

263 1294 281 1298 ..
300 1271 371 1298 arr-111
380 1272 522 1307 ixpisvnpo
538 1271 729 1299 ,tscssanensi.
745 1270 895 1307 Snpcrna
912 1274 943 1300 et
954 1269 1136 1300 ineffabilis
1146 1288 1196 1301 —.

191 1325 262 1353 liat.
279 1324 440 1361 Anagnie.
460 1324 486 1352 V
502 1323 576 1353 idus
593 1322 788 1357 decembris,
808 1332 894 1353 anno
909 1327 1011 1353 sexto.
1029 1335 1042 1350 »

259 1495 347 1523 994

224 1557 345 1583 Sanctae
371 1557 524 1583 Anastasis
546 1561 574 1583 et
596 1556 768 1583 Sanctorum
792 1557 988 1591 Quadraginta
1012 1559 1144 1594 decanis,
1169 1563 1197 1587 et

191 1607 353 1640 praeposito
380 1604 503 1631 Sanctae
530 1606 683 1632 Anastasis
708 1605 1056 1642 Constantinopolitanae,
1081 1608 1197 1635 mandat

702 1495 829 1529 Anagni,
846 1497 860 1522 7
877 1496 1029 1523 decembre
1046 1497 1124 1525 1232.

188 1661 331 1688 quatenus
358 1654 542 1686 Tlieodome,
569 1655 686 1688 pauperi
714 1655 824 1680 mulieri
852 1654 1194 1689 Constantinopolitanae,

188 1716 223 1722 —
233 1710 314 1737 quae.
328 1711 392 1727 cuin
408 1702 451 1731 13..
465 1702 556 1728 virum
569 1710 665 1736 suum,
678 1703 769 1728 civem
782 1702 1142 1740 Constantinopolitanum‚
1160 1706 1196 1733 de

188 1759 245 1784 quo
261 1752 366 1785 proiem
384 1755 532 1783 genuerat,
548 1751 582 1776 ab
596 1759 692 1777 errore
709 1751 836 1777 haeresis
852 1752 988 1779 reducere
1006 1755 1193 1788 nequivisset,

188 1804 215 1825 et
227 1799 260 1825 ab
277 1808 320 1829 eo,
334 1800 382 1833 qui
400 1799 489 1833 ipsam
507 1808 555 1833 per
572 1800 667 1833 plures
682 1808 772 1825 annos
789 1801 990 1828 eucharistiam
1007 1810 1122 1829 sumere
1139 1811 1195 1830 non

189 1847 366 1881 permiserat,
385 1847 580 1880 discessisset,
597 1856 631 1873 ex
646 1856 704 1882 quo
719 1848 814 1874 dictus
830 1847 863 1875 B.
881 1849 936 1883 ipsi
953 1850 1112 1883 periculum
1130 1860 1195 1886 per-

189 1904 275 1921 sonae
296 1896 533 1926 comminabatur,
556 1896 795 1930 supplicationem
815 1897 848 1923 ad
870 1898 974 1924 Sedem
995 1899 1194 1933 Apostolicam

188 1945 339 1973 direxerat,
358 1959 390 1962 —
411 1944 445 1969 de
472 1944 555 1970 bonis
579 1949 707 1979 tempore
729 1945 902 1972 matrimonii
924 1948 1090 1982 acquisitis,
1111 1957 1195 1983 quae,

186 1992 346 2018 secundum
370 1992 423 2018 loci
444 1992 700 2024 consuetudinem,
724 1994 865 2020 debebant
889 1995 1002 2030 utrique
1025 2004 1091 2022 esse
1114 2005 1195 2024 com-

188 2041 297 2067 munia.
325 2041 430 2066 saciant
454 2041 481 2066 in
508 2041 582 2067 vitae
607 2043 779 2069 necessariis
800 2044 953 2078 provideri.
976 2059 1009 2065 -
1033 2045 1124 2081 (Rue.
1147 2046 1193 2078 16,

187 2090 205 2114 t'.
227 2089 315 2120 591&
334 2098 401 2116 ann.
420 2089 469 2123 VI,
486 2098 510 2115 c.
532 2090 602 2124 199.)

262 2214 280 2218 ..
299 2193 406 2219 >virwo-
422 2194 585 2229 .tmzslasys
601 2198 626 2221 et
643 2216 661 2220 ..
681 2193 866 2223 Sanc-lorum
882 2195 1094 2233 Quadraqinea
1110 2198 1194 2228 deca-

188 2256 194 2269 ι
212 2246 243 2271 ιᾉῃ
266 2250 289 2271 ε(
308 2267 326 2271 ..
344 2246 492 2281 pscpoxito
514 2246 622 2274 Sancte
641 2247 798 2275 Anasmsis
821 2248 1192 2288 Constantinopoffitane}

185 2296 364 2325 Theodora.
390 2306 513 2334 [61111101-
534 2297 653 2327 mulier
675 2316 723 2327 —.
747 2300 820 2328 Dat.
845 2301 1011 2338 Anagnie,
1035 2303 1098 2332 VII
1119 2303 1193 2333 idus

186 2348 380 2377 decennia-is.
397 2358 483 2377 anno
500 2354 601 2378 sexto.
624 2365 635 2375 »ι

257 2524 344 2552 995
685 2527 811 2562 Anagni,
830 2529 857 2554 11
875 2529 1026 2556 decembre
1046 2531 1121 2558 1232.

221 2585 381 2621 Episcopo,
409 2587 587 2613 thesaurario
613 2592 641 2614 et
670 2588 722 2623 G.,
746 2590 885 2616 canonico
914 2592 1191 2627 Osnaburgensibus

186 2634 299 2661 mandat
316 2640 458 2669 quatenus
473 2635 516 2668 C.‚
534 2638 704 2663 canonicum
719 2638 858 2665 ecclesiae
875 2640 972 2667 Sancti
990 2642 1123 2669 Andreae
1139 2642 1195 2669 Co-

186 2684 338 2717 10016ηεί5,
356 2684 420 2718 qui,
436 2684 558 2711 ecclesia
576 2685 611 2711 de
629 2685 810 2721 Dhorenspic
825 2696 858 2714 ac
876 2689 1006 2722 pluribus
1024 2690 1087 2716 aliis
1105 2691 1194 2718 bene-

184 2732 266 2761 ficiis,
284 2740 355 2765 quae
367 2732 430 2757 sine
441 2732 656 2766 dispensatione
667 2734 853 2768 Apostolicae
869 2736 952 2763 Sedis
968 2737 1121 2771 detinebat,
1137 2748 1192 2766 non

183 2784 346 2814 contentus,
358 2781 509 2807 ecclesiam
526 2781 561 2807 de
577 2781 789 2810 Ludenohusen
807 2786 849 2817 (·=
865 2784 1111 2821 Ludinghausen),
1130 2788 1193 2815 Μο-

183 2828 371 2855 nasteriensis
395 2829 553 2860 dioecesis,
579 2835 643 2865 post
663 2833 796 2866 generale
813 2833 968 2860 concilium
985 2835 1112 2870 recipere
1136 2845 1192 2863 non

184 2876 402 2907 formidaverat,
424 2878 547 2904 ecclesia
569 2879 669 2905 ultimo
691 2884 805 2914 recepta
828 2889 943 2908 manere
963 2886 1131 2910 contentum
1151 2884 1194 2911 fa-

1282 296 1373 325 ciant,
1401 297 1465 322 aliis
1489 298 1553 331 ejus
1575 297 1722 324 beneficiis
1752 299 1883 332 personis
1905 298 2017 325 idoneis
2039 299 2232 327 conferendis.
2255 313 2292 321 -
2340 304 2342 306 '

1283 344 1365 374 (Rieu.
1387 345 1431 378 16,
1449 346 1468 373 f.
1486 346 1518 372 59
1535 353 1574 380 r⁰;
1591 354 1656 373 ann.
1679 346 1730 378 Vl,
1747 355 1771 373 c.
1789 347 1864 379 ⁴200.)

1326 460 1337 473 κ
1359 469 1378 474 ..
1394 447 1536 484 episcopo,
1556 469 1575 475 ..
1597 447 1788 476 thesaurario
1804 453 1829 477 et
1846 448 1889 483 G.,
1909 450 2055 478 canonico
2077 449 2291 487 Osnaburyen-

1282 500 1371 527 sibus.
1393 499 1442 528 Ad
1459 503 1604 528 nostram
1625 499 1784 529 noveritis
1801 517 1849 529 —-.
1868 501 1941 530 Dat.
1962 501 2130 539 Anagnie,
2148 502 2199 532 III
2214 501 2289 531 idus

1283 552 1477 587 decembris,
1497 561 1583 581 anno
1599 556 1700 582 sexto.
1720 564 1733 579 υ

1353 736 1442 765 996

1320 798 1548 832 Areliiepiscopo
1565 798 1792 834 Rothomagensi
1810 800 1924 826 mandat
1938 803 2090 834 quatenus,
2108 809 2173 827 cum
2189 800 2217 827 in
2234 808 2292 827 ma-

1282 848 1390 882 gistros
1406 848 1566 874 Get-ardum
1581 852 1609 874 et
1626 848 1655 875 L.
1669 848 1704 874 de
1721 848 1838 883 Bullly]‚
1856 849 2012 875 canonicos
2028 849 2289 884 ltotbomagenses,

1281 895 1315 921 ad
1333 895 1484 921 ecclesiam
1502 895 1582 922 horis
1599 896 1748 923 matutinis
1762 896 1944 931 accedentes,
1960 897 2075 931 quidam
2092 897 2292 924 malefactores

1281 944 1477 978 insurgerent,
1491 948 1629 971 eteorum
1645 945 1765 971 alterum
1782 945 1993 976 verberassent.
2011 949 2126 981 propter
2141 946 2217 980 quod
2234 947 2291 981 ipsi

1282 1001 1337 1019 non
1352 993 1496 1019 audebant
1510 994 1661 1020 ecclesiam
1678 996 1819 1020 nocturno
1835 997 1963 1029 tempore
1980 994 2106 1025 visitare,
2123 994 2158 1020 de
2173 994 2230 1021 illis
2245 1002 2291 1021 sa-

1281 1041 1396 1075 crilegis
1426 1041 1551 1076 inquirat
1580 1041 1702 1076 illosque
1731 1042 1880 1068 denuntiet
1908 1043 2174 1069 excommunicatos
2199 1043 2291 1070 donec

1282 1091 1377 1124 passis
1394 1089 1529 1124 injuriam
1550 1090 1759 1123 satisfecerint;
1777 1091 1996 1118 distributiones
2012 1099 2127 1126 quoque
2138 1099 2211 1126 quas
2230 1091 2290 1118 Ro-

1281 1139 1471 1172 thomagense
1487 1139 1646 1174 capitulum
1668 1139 1823 1174 praedictis
1839 1139 1874 1167 G.
1891 1143 1919 1166 et
1935 1139 1965 1166 L.
1987 1140 2121 1172 faciebat,
2145 1140 2196 1167 sed
2216 1148 2290 1175 quae

1281 1187 1336 1213 illis
1352 1187 1550 1214 tantummodo
1565 1187 1744 1215 debebantur
1759 1189 1807 1222 qui
1823 1188 1914 1215 officio
1930 1189 2027 1216 divino
2044 1189 2123 1216 horis
2139 1189 2287 1216 matutinis

1281 1236 1447 1270 intererant,
1466 1244 1522 1262 non
1542 1237 1667 1271 patiatur
1682 1237 1835 1272 praedictis
1849 1236 1884 1264 G.
1901 1240 1929 1264 et
1946 1237 1977 1265 L.
1998 1246 2030 1264 ea
2046 1238 2198 1265 occasione
2218 1237 2289 1264 sub-

1280 1284 1364 1312 tralii.
1382 1299 1413 1304 -
1431 1284 1517 1320 (Rae.
1537 1284 1578 1318 16,
1595 1285 1614 1312 f.
1632 1285 1665 1312 59
1681 1292 1727 1319 νος
1744 1293 1812 1312 ann.
1828 1284 1878 1317 VI,
1894 1285 2002 1317 c.201;
2019 1301 2053 1306 —
2070 1285 2189 1314 Monam
2208 1286 2287 1322 1187,

1280 1333 1299 1361 f.
1318 1333 1392 1366 370.)

1795 737 1921 772 Anagni,
1940 738 1956 765 9
1972 738 2123 765 decembre
2142 738 2219 766 1232.

1321 1447 1334 1461 «
1348 1436 1601 1473 ..archiepiscopo
1614 1436 1854 1473 Roihomayensi.
1870 1435 1990 1466 Dilecti
2003 1436 2064 1466 filii
2075 1436 2228 1475 magistri
2236 1453 2285 1466 —.

1279 1488 1352 1517 Dat.
1371 1488 1533 1526 Anagnie,
1550 1488 1579 1519 V
1593 1488 1668 1518 idus
1685 1488 1883 1524 decembris,
1900 1498 1987 1519 anno
2003 1493 2104 1519 sexto.
2125 1502 2138 1516 »

1350 1673 1436 1701 99³2
1772 1672 1897 1706 Anagni,
1917 1671 1948 1699 13
1966 1672 2118 1699 decembre
2135 1673 2213 1700 1232.

1314 1734 1543 1768 Rotbomagensi
1571 1734 1798 1768 archiepiscopo,
1826 1734 1962 1768 episcopo
1993 1734 2228 1762 Autisiodorensi
2257 1738 2286 1762 et

1278 1783 1479 1810 archidiacono
1505 1781 1666 1808 Senonensi
1693 1782 1807 1808 mandat
1832 1786 1976 1816 quatenus
2000 1782 2154 1817 Hugonem
2180 1782 2285 1811 Pasto-

1279 1832 1374 1862 ralem,
1389 1831 1562 1865 burgensem
1578 1830 1613 1856 de
1629 1830 1762 1864 Caritate,
1774 1830 1824 1865 qui
1834 1830 1987 1864 quemdam
2001 1831 2146 1858 hominem
2161 1832 2233 1859 falso
2249 1832 2284 1859 de

1277 1881 1431 1907 haereseos
1454 1880 1515 1906 labe
1541 1884 1721 1914 suspectum,
1746 1879 1837 1914 primo
1860 1883 1986 1914 ceperat,
2010 1880 2194 1920 postmodum
2218 1889 2285 1908 vero

1277 1929 1389 1956 occulte
1401 1929 1580 1962 liberaverat,
1594 1937 1609 1954 a
1621 1929 1733 1954 nemine
1749 1927 1894 1954 molestari
1909 1929 2085 1963 permittant.
2098 1943 2130 1949 —
2142 1929 2226 1962 (Rea.
2242 1930 2285 1962 16,

1277 1978 1297 2006 f.
1315 1977 1347 2005 59
1364 1984 1406 2011 v⁰;
1424 1985 1490 2003 ann.
1509 1975 1559 2008 VI,
1577 1984 1602 2003 cl
1619 1976 1687 2009 202;
1706 1991 1739 1995 -
1755 1976 1875 2003 Monam
1893 1976 1971 2012 1187,
1989 1977 2009 2005 f.
2027 1976 2098 2009 372.)

1319 2105 1332 2119 «
1358 2115 1377 2121 ..
1400 2093 1630 2129 Rothomayensi
1650 2092 1891 2129 archiepiscopo,
1915 2114 1934 2120 ..
1961 2093 2094 2129 episcopo
2113 2092 2288 2122 Autisiodo-

1276 2148 1360 2175 rensi
1375 2151 1400 2175 ct
1417 2169 1435 2174 ..
1455 2145 1672 2175 archidiacono
1687 2145 1862 2174 Senonensi.
1880 2144 2088 2175 Constitutus
2103 2144 2139 2174 in
2154 2153 2287 2183 presen-

1277 2198 1323 2228 tia
1352 2202 1465 2228 nostra
1494 2198 1589 2235 Hugo
1620 2196 1802 2227 Pastoralis
1817 2219 1823 2232 ,
1850 2196 2027 2234 burgensis
2054 2197 2093 2227 de
2120 2196 2284 2233 Caritate,

1276 2250 1397 2280 humili
1413 2250 1508 2280 nobis
1524 2249 1685 2279 relatione
1700 2249 1897 2279 monstravit
1912 2249 1999 2288 quod
2009 2272 2016 2285 ,
2034 2258 2109 2279 cum
2123 2249 2212 2280 idem
2226 2249 2288 2280 ho-

1277 2303 1401 2333 minem
1418 2302 1600 2342 quendam,
1622 2311 1721 2341 quem
1742 2302 1918 2332 inimicum
1940 2311 2037 2332 suum
2060 2302 2223 2338 credebat,
2247 2302 2287 2332 de

1277 2360 1371 2386 nocte
1383 2356 1535 2394 cepisset,
1546 2355 1754 2394 postmodum
1765 2364 1842 2385 vero
1854 2364 1919 2385 non
1931 2364 2003 2385 esse
2018 2363 2117 2393 quem
2128 2355 2288 2394 querebat

1276 2417 1516 2446 recognoscens
1537 2408 1693 2443 eundem,
1711 2407 1848 2443 occulte,
1866 2416 1924 2445 per
1942 2407 2095 2437 timorem
2112 2407 2286 2446 potestatis

1276 2461 1340 2491 1061
1356 2461 1515 2500 ejusdem,
1531 2460 1625 2490 illum
1643 2469 1741 2498 quem
1758 2460 1830 2490 sine
1842 2469 1942 2490 causa
1954 2464 2095 2498 ceperat,
2112 2459 2285 2497 liberavit;

1275 2513 1512 2552 propterquod
1533 2512 1618 2543 bone
1640 2512 1798 2543 memorie
1823 2535 1842 2541 ..
1864 2512 2086 2542 Bituricensis
2103 2512 2288 2551 archiepis—

1276 2576 1376 2605 copus
1399 2575 1435 2596 ac
1450 2570 1502 2600 111,
1521 2566 1624 2595 frater
1643 2565 1810 2604 episcope,
1832 2565 2019 2603 predictum
2038 2565 2209 2595 hominem
2230 2565 2289 2605 qui

1276 2619 1387 2649 taliter
1403 2623 1517 2657 captus
1534 2622 1565 2648 et
1581 2618 1741 2648 liberatus
1758 2619 1867 2648 suerat
1883 2618 1923 2647 ab
1947 2618 2078 2654 eodem,
2102 2617 2289 2649 hereticum

1277 2680 1350 2701 esse
1379 2671 1537 2706 (licentes,
1569 2670 1655 2709 quod
1683 2670 1771 2700 idem
1802 2671 1844 2700 H.
1874 2670 2007 2709 penitus
2036 2670 2226 2708 ignorabat,
2257 2674 2289 2701 et

1275 2728 1408 2762 propter
1424 2724 1485 2754 hoc
1501 2733 1577 2754 eum
1592 2724 1740 2754 indebite
1751 2723 1976 2760 molestantes,
1989 2723 2074 2754 falso
2087 2723 2117 2754 ei
2132 2723 2288 2762 imposito

1276 2776 1363 2815 quod
1379 2785 1455 2805 eum
1471 2785 1528 2814 pro
1544 2776 1684 2814 pecunia
1700 2775 1890 2812 liberasset,
1908 2776 2020 2814 ipsum
2040 2776 2081 2806 ad
2101 2775 2288 2806 exeundum

1277 2829 1315 2858 de
1332 2837 1433 2866 regno
1450 2829 1599 2864 Francie,
1612 2829 1708 2859 bonis
1720 2829 1792 2868 ejus
1806 2833 1920 2858 contra
1927 2829 2094 2868 justitiam
2106 2828 2284 2867 occupatis,

1276 2881 1448 2918 occasione
1473 2881 1663 2920 hujusmodi
1694 2881 1973 2920 condempnastis.
2004 2881 2113 2918 Quare
2143 2890 2161 2911 a
2190 2880 2287 2911 nohis
