2498 3242
254 344 304 373 53¹
980 347 1218 377 REGtsTREs
1241 346 1296 376 DE
1320 340 1542 379 GREGoIRE
1565 350 1623 380 IX.
2295 351 2350 383 532

249 414 332 445 juxta
360 411 508 436 facultates
533 418 602 436 suas
626 419 675 444 pro
699 419 827 445 congrua
852 412 1042 438 sustinatione
1063 411 1156 446 ipsius
1178 412 1261 438 saciat

256 458 408 493 provideri.
425 472 460 478 —
476 457 558 490 tRm.
581 458 619 490 16,
638 459 655 484 s.
673 458 704 485 3⁴
723 465 763 490 r⁰;
781 468 847 486 ann.
866 459 916 492 vl„
933 468 958 486 c.
976 460 1031 488 89.)

296 578 305 585 .,
328 583 346 587 ..
366 559 568 588 liras-haretici
583 560 815 598 archiepiscopo.
839 560 1050 590 Venerabilis
1067 561 1168 591 frater
1185 570 1261 590 nos-

253 620 301 641 ιοϊ
326 629 373 640 -.
401 613 474 641 Dat.
507 613 675 649 Anas-vnio.
702 614 768 644 XII
795 613 954 643 kalendas
982 614 1143 644 octobris.
1174 623 1260 644 anno

252 671 354 695 §0510-
376 678 386 686 *¹

320 840 407 868 87⁴
739 838 865 872 Anagni,
886 838 916 864 ¹9
931 837 1093 872 septembre
1113 836 1188 864 1232.

288 900 432 927 Dccanuui
449 905 475 926 et
496 900 652 933 capitulum
672 899 871 926 Bituricenses
887 905 983 926 monet
1001 904 1029 926 et
1047 900 1174 926 bortatur
1189 907 1259 933 qua-

251 957 334 976 tenus
358 948 526 974 Gauii-idum
549 948 583 973 de
605 947 710 974 Sancto
732 947 864 973 valerico
883 947 1054 979 diaconum,
1076 956 1126 982 pro
1148 948 1259 982 magnis

248 1000 312 1032 ejus
335 998 360 1023 in
384 996 580 1022 Bturicenscs
601 996 851 1030 archiepiscopum
869 1001 896 1021 et
920 996 1071 1022 ecclesiam
1091 996 1207 1025 officiis.
1231 996 1258 1022 in

249 1048 361 1073 fratrem
393 1051 420 1071 et
449 1045 618 1071 canonicum
645 1044 806 1071 adnuttant.
838 1059 869 1064 -
901 1045 989 1077 (Rea.
1021 1045 1065 1078 16,
1096 1045 1114 1070 s.
1147 1045 1178 1071 34
1208 1051 1256 1077 νη

247 1103 313 1121 ann.
334 1094 380 1122 VI,
398 1102 423 1120 c.
440 1093 490 1124 9ος
510 1108 541 1112 -
559 1092 677 1119 Monsm
699 1093 774 1121 1187.
794 1093 812 1118 f.
830 1092 902 1124 319.)

292 1227 299 1233 „
324 1231 342 1236 ..
361 1208 471 1235 ‹in-ana
484 1212 508 1235 c!
523 1207 658 1244 capitulo
675 1207 924 1235 Bimricensihns.
945 1206 978 1235 Si
994 1206 1041 1235 eis
1056 1206 1112 1245 qui
1129 1210 1203 1236 sunt
1221 1206 1256 1236 in

248 1260 424 1289 commisso
438 1257 550 1288 tideles
570 1258 732 1296 premium
751 1258 920 1294 debeatur,
934 1258 1174 1288 dilectusiilius
1191 1268 1256 1288 ma-

247 1314 349 1347 gister
371 1310 554 1341 Gausridus
578 1310 616 1339 de
643 1310 762 1341 Sancto
784 1310 938 1341 Valerico
960 1311 1133 1346 diaconus,
1157 1320 1255 1350 quem

246 1375 345 1403 sup-31·
365 1364 553 1394 commissis
576 1363 639 1392 sihi
657 1374 673 1393 a
690 1363 774 1393 hone
792 1364 951 1393 memorie
970 1387 989 1393 ..
1008 1363 1254 1403 archiepiscopo

246 1416 448 1447 Bituricensi
467 1416 624 1451 negotiis.
647 1416 754 1454 ipsum
772 1425 808 1445 ac
825 1420 967 1445 vestram
986 1416 1160 1446 ecclesiam
1176 1425 1254 1446 con-

245 1469 462 1507 tingentiluis.
476 1468 669 1505 diligentem
684 1468 836 1498 novimus
849 1473 879 1498 et
891 1468 1032 1505 fidelem,
1046 1469 1144 1506 digne
1158 1468 1254 1499 debet

244 1522 329 1560 apud
354 1531 408 1551 vos
430 1522 576 1551 savorem
599 1526 628 1551 et
651 1521 791 1559 gratiam
814 1521 978 1551 invenire.
1003 1521 1094 1551 Idem
1116 1530 1195 1551 sane
1217 1521 1252 1550 in

246 1581 354 1605 nostra
368 1574 534 1613 proposuit
549 1574 714 1612 presentia
731 1574 930 1603 constitutus
945 1574 1041 1613 quod,
1057 1582 1130 1603 cum
1145 1573 1252 1603 dictus

244 1627 528 1665 archiepiscopus.
557 1627 609 1655 cui
635 1635 693 1664 per
718 1635 773 1655 sex
800 1627 868 1656 sere
895 1635 998 1655 annos
1024 1625 1108 1664 apud
1134 1626 1251 1656 Sedem

244 1679 464 1718 Apostolicam
483 1678 624 1708 fideliter
640 1683 668 1707 et
686 1678 801 1708 devote
818 1678 965 1714 servivit,
983 1679 1054 1717 ejus
1068 1683 1097 1708 et
1113 1678 1250 1709 ecclesie

243 1737 350 1762 vestre
373 1731 502 1767 nes-‘otia
526 1730 666 1760 sollicite
687 1730 907 1769 procurando,
930 1731 1103 1769 impetrata
1121 1730 1250 1761 anobis

244 1785 347 1821 gratia
364 1789 396 1812 ut
418 1783 498 1812 sihi.
517 1788 629 1821 parato
646 1783 816 1821 resignare
832 1783 993 1813 beneficia
1009 1793 1072 1822 que
1090 1783 1247 1819 habebat,

243 1838 280 1866 ulo·
309 1837 473 1875 prul-unda
502 1836 748 1866 I„·2¹inovicensis
775 1836 914 1866 ecclesie
941 1846 1014 1865 cum
1043 1836 1248 1874 plenitudine

239 1891 324 1927 juris
346 1889 496 1918 canonici
520 1889 720 1926 provideret.
745 1898 817 1918 eam
839 1889 904 1927 ipsi
923 1889 1053 1918 duwrit.
1075 1890 1249 1919 confercn-

241 1943 330 1971 dam.
352 1966 370 1970 ..
389 1942 533 1971 ‹lm-anus
550 1947 578 1971 ct
597 1941 777 1979 capitulum
797 1941 944 1980 ejusdem
961 1942 1115 1975 ecclesie,
1136 1951 1170 1971 se
1191 1951 1248 1980 op-

241 2000 399 2033 ponentes
424 1994 545 2023 eidem.
573 1999 601 2022 ct
629 1994 776 2023 dicentes
800 1994 886 2024 inter
913 1994 977 2023 alia
1005 1994 1090 2032 quod
1117 1999 1248 2033 propter

240 2047 396 2085 capitale-s
416 2046 610 2075 inimicitias
628 2047 699 2076 sine
716 2046 863 2084 periculo
879 2047 1024 2084 corporis
1039 2046 1083 2075 ihi
1100 2046 1246 2077 residere

240 2110 304 2129 uon
322 2104 446 2138 [mss-ft.
466 2099 585 2128 dictam
603 2099 803 2137 prehendam
820 2104 849 2129 et
867 2099 1097 2129 canonicatum
1116 2099 1246 2129 cuidam

239 2152 341 2182 nobili
364 2152 584 2181 ··‹·1‘1tul»3¹1·unt.
606 2151 700 2181 Isnde
721 2160 810 2185 cum,
832 2152 959 2190 prefato
981 2151 1243 2190 archiepiscopo,

239 2206 310 2244 qui.
327 2210 359 2233 ut
381 2205 516 2234 dicitur.
534 2204 673 2242 propriis
692 2204 952 2243 prosequel.›atur
968 2204 1155 2243 sumptibus
1171 2214 1246 2242 gra-

240 2260 316 2288 tiam
342 2259 405 2287 sibi
427 2260 543 2287 factam
566 2268 582 2287 a
605 2258 715 2287 nobis.
737 2258 776 2287 al)
797 2257 857 2287 hac
878 2257 950 2288 luce
973 2258 1154 2287 subtracto.
1175 2258 1245 2297 ipsc

238 2311 329 2340 illam
346 2311 498 2349 prosequi
523 2311 594 2339 sine
616 2310 761 2348 periculo
778 2315 807 2340 et
825 2310 977 2348 expensis
998 2310 1168 2347 gravibus,
1187 2311 1245 2340 oh-

239 2364 376 2393 sistentr·
406 2363 510 2401 ipsius
540 2363 661 2393 nobilis
688 2363 833 2401 potentia
864 2367 894 2393 et
922 2363 1078 2392 antedicti
1109 2363 1244 2401 capituli

238 2416 376 2445 duritia.
401 2416 468 2454 jam
495 2425 558 2444 non
583 2415 700 2453 possit.
726 2415 898 2445 humiliter
925 2415 1119 2453 supplicavit
1147 2420 1183 2445 ut
1210 2416 1242 2445 in

238 2468 376 2498 ecsdesia
392 2473 511 2497 vestra.
526 2467 576 2496 cui
592 2467 715 2496 tamdiu
730 2467 858 2496 fidelem
873 2476 908 2496 ac
925 2467 1078 2497 devotum
1095 2467 1241 2497 exhibuit

237 2520 452 2550 famulatum.
480 2524 680 2548 ‹1⁴01n11'lulal·s:
708 2519 897 2558 hujusmodi
926 2520 1064 2557 gratiam
1089 2520 1244 2557 dignare-

236 2583 321 2603 mur.
345 2573 518 2611 presertim
540 2581 612 2601 cum
637 2572 748 2601 nullus
770 2572 802 2601 in
827 2582 862 2601 ea
883 2582 941 2610 per
963 2572 1090 2602 litteras
1114 2577 1243 2603 nostras

235 2626 435 2664 provisionis
449 2626 588 2663 gratiam
602 2630 830 2663 proserpiatur.
846 2625 910 2654 nisi
923 2625 1007 2663 quod
1021 2625 1106 2655 idem
1119 2625 1243 2656 archie-

235 2679 404 2717 piscopus.
424 2678 618 2707 auctoritate
639 2678 809 2717 eujusdam
826 2677 1047 2715 indulgentie.
1066 2687 1128 2716 qua
1146 2679 1243 2708 insti-

236 2731 350 2761 tuendi
373 2731 520 2770 quinque
538 2730 705 2768 theologos
726 2731 759 2760 in
777 2730 925 2769 quinque
947 2730 1097 2761 eeclesiis
1115 2731 1146 2761 ei
1166 2740 1243 2761 con-

236 2785 397 2814 cessimus
415 2783 616 2818 facultatem,
631 2783 828 2821 magistrum
841 2783 879 2813 Β.
894 2783 1083 2819 theolog-'um
1098 2783 1243 2813 instituit

235 2836 269 2865 in
291 2836 416 2865 eadem.
441 2836 508 2865 Nos
530 2835 642 2873 igitur.
665 2835 745 2865 moti
765 2835 1004 2873 compassionis
1024 2835 1134 2865 animo
1156 2835 1243 2865 circa

235 2888 359 2926 ipsum.
382 2888 437 2927 qui
460 2892 569 2926 preter
587 2888 769 2918 anxietates
791 2892 821 2917 et
843 2887 1029 2925 angustias,
1051 2896 1109 2926 pro
1129 2887 1243 2917 eodem

234 2941 482 2979 archiepiscopo
508 2945 537 2970 et
565 2940 705 2970 ecclesia
732 2944 913 2970 memorata
939 2940 1135 2969 inimicitias
1163 2940 1242 2970 adeo

235 3002 350 3030 (graves
372 2993 527 3022 incurrit.
550 2993 637 3031 quod
658 2993 692 3022 in
715 2992 865 3031 partibus
888 2993 973 3027 suis,
996 2993 1081 3022 sicut
1103 2993 1242 3023 firmiter

1345 413 1517 449 asseritur,
1545 423 1660 446 secure
1688 416 1809 446 morari
1835 425 1899 446 non
1924 420 2048 454 posset,
2078 416 2189 447 divine
2215 417 2349 456 pietatis

1343 465 1495 501 obtentu,
1514 475 1551 497 ac
1566 467 1691 498 intuitu
1713 468 1861 507 ejusdem
1879 468 2135 507 archiepiscopi,
2153 469 2247 509 cujus
2264 469 2350 509 apud

1344 526 1403 547 nos
1433 519 1593 549 memoria
1615 527 1690 549 cum
1715 520 1886 551 decidente
1913 529 1978 551 non
2007 521 2144 557 decidit,
2171 521 2350 560 specialem

1343 569 1483 607 gratiam
1499 571 1607 601 facere
1626 571 1850 608 intendentes,
1869 573 2120 603 universitatem
2136 578 2279 604 vestram
2295 583 2349 605 ro-

1343 630 1459 657 gamus
1473 627 1503 652 et
1517 622 1688 653 hortamur
1704 627 1838 660 attente,
1856 633 1914 662 per
1930 625 2107 663 apostolica
2121 625 2213 655 vohis
2227 626 2349 666 scripta

1343 674 1538 705 mandantes
1561 679 1724 714 quatenus
1747 676 1871 715 ipsum,
1889 677 1976 707 dicta
1996 677 2157 707 beneficia,
2178 678 2348 716 resignare

1342 731 1508 764 paratum,
1539 736 1603 757 non
1633 728 1785 759 obstante
1810 729 1989 759 constituto
2014 729 2048 758 in
2075 729 2215 760 ecclesia
2238 735 2348 762 vestra

1342 788 1480 810 numero
1496 781 1745 817 canonicorum,
1763 781 1884 811 vallato
1896 782 2084 821 juramento
2097 782 2149 813 vel
2164 783 2229 813 alia
2244 783 2349 814 firmi-

1342 836 1420 863 tate,
1436 842 1472 862 ac
1491 842 1550 871 per
1566 833 1684 864 Sedem
1702 834 1925 873 Apostolicam
1941 835 2143 871 confirmato,
2161 835 2195 865 in
2212 836 2349 867 fratrem

1342 889 1371 914 et
1396 885 1592 915 canonicum
1615 886 1813 923 admittatis,
1839 887 2049 925 assignantes
2071 888 2135 917 sibi
2158 887 2292 918 stallum
2312 888 2348 918 in

1341 937 1440 967 choro
1457 942 1487 967 et
1503 937 1610 968 locum
1627 939 1661 968 in
1677 939 1831 978 capitulo,
1850 948 1887 970 ac
1903 939 1941 970 de
1957 939 2135 978 prebenda,
2153 941 2181 970 si
2198 945 2291 971 vacat
2307 941 2349 971 ad

1340 999 1489 1028 presenS,
1505 990 1557 1021 vel
1571 1000 1644 1021 curn
1657 992 1764 1030 primo
1778 1001 1813 1022 se
1826 992 1966 1022 facultas
1983 992 2150 1028 obtulerit,
2165 992 2349 1024 liberaliter

1340 1042 1567 1081 providentes,
1590 1043 1636 1073 ita
1656 1044 1757 1082 quod,
1780 1054 1854 1075 cum
1876 1053 1940 1074 non
1962 1053 2183 1083 proponamus
2203 1045 2290 1085 quod
2308 1045 2348 1076 de

1340 1096 1412 1134 ipso
1428 1095 1625 1134 incepimus,
1642 1096 1832 1136 relinquere
1847 1097 2088 1136 imperfectum,
2104 1106 2160 1127 vos
2176 1097 2238 1128 hoc
2253 1106 2346 1137 spon-

1341 1149 1430 1179 tanei
1452 1149 1613 1180 facientes
1637 1150 1730 1180 vobis
1753 1150 1870 1180 exinde
1892 1151 2062 1187 meritum,
2089 1150 2176 1190 quod
2200 1150 2347 1182 necessi-

1339 1205 1390 1231 tas
1412 1202 1592 1232 coactionis
1615 1202 1817 1238 excludeiet,
1841 1203 2049 1241 comparetis.
2075 1203 2148 1233 Dat.
2176 1203 2343 1242 Anagnis,

1337 1254 1422 1285 XIII
1435 1254 1595 1285 kalendas
1606 1255 1760 1291 octobris,
1773 1256 1984 1294 pontificatus
1996 1256 2100 1286 nostri
2112 1264 2198 1286 anno
2209 1259 2311 1287 sexto.
2328 1267 2342 1283 υ

1373 1377 1451 1402 8ἵ5.
1473 1389 1505 1393 -
1526 1374 1558 1401 In
1580 1374 1703 1401 eundem
1723 1375 1782 1402 fere
1802 1374 1917 1402 modum
1934 1375 2071 1410 scriptum
2089 1378 2134 1402 est
2149 1383 2237 1409 super
2251 1375 2306 1402 hoc
2321 1394 2341 1404 ..

1333 1423 1469 1457 preposito
1485 1423 1619 1454 lirinensi,
1637 1423 1826 1450 Lemovicensis
1841 1423 1962 1453 diocesis.
1980 1423 2141 1450 monitorie.

1405 1589 1492 1618 8⁸2ss

1368 1651 1546 1678 Consulibus
1555 1654 1583 1678 et
1591 1651 1697 1686 populo
1707 1651 1857 1679 Perusinis
1867 1660 1950 1679 suam
1966 1651 2202 1686 ingratitudinem
2212 1650 2282 1679 vitio
2292 1651 2342 1679 dat

1332 1700 1433 1734 eisque
1449 1699 1563 1726 mandat
1578 1703 1737 1734 quatenus,
1754 1708 1821 1727 cum
1837 1699 2016 1734 Rlainaldus]
2030 1721 2036 1734 ‚
2054 1699 2198 1726 Ostiensis
2218 1699 2338 1734 electus,

1331 1747 1405 1782 ipsis
1421 1747 1596 1774 inhibuisset
1612 1755 1647 1773 nc
1663 1747 1690 1774 in
1707 1747 1778 1774 locis
1799 1747 1847 1774 ubi
1863 1747 1968 1774 dicitur
1983 1747 2060 1773 Colle
2071 1768 2077 1778 ,
2101 1747 2284 1773 aedificarent
2302 1746 2338 1773 de

1332 1804 1423 1827 novo,
1450 1795 1582 1830 illamque
1610 1796 1810 1823 inhibitionem
1838 1796 2103 1830 contempsissent,
2132 1794 2270 1830 quidquid
2297 1794 2337 1821 ibi

1331 1844 1510 1871 aedificatum
1529 1844 1631 1878 suerat,
1649 1844 1754 1870 saciant
1769 1844 1918 1876 demoliri¹
1937 1843 2061 1878 alioquin
2080 1843 2182 1870 civitas
2199 1842 2338 1870 Perusina

1330 1893 1528 1920 ecclesiastico
1553 1896 1734 1928 supponatur
1758 1893 1920 1919 interdicto.
1945 1906 1981 1913 —
2005 1892 2089 1925 (Rm.
2118 1891 2165 1925 16,
2191 1892 2210 1918 f.
2237 1891 2270 1919 35
2294 1897 2336 1923 τος

1330 1941 1470 1973 ann.V1‚
1486 1949 1511 1969 c,
1529 1941 1584 1975 91.)

1815 1589 1941 1625 Anagni‚
1958 1589 1992 1617 22
2007 1590 2171 1625 septembre
2189 1589 2267 1616 1232.

1372 2056 1385 2070 «
1404 2044 1583 2074 Consulibus
1598 2049 1624 2072 et
1636 2044 1747 2081 populo
1762 2043 1919 2072 Perusinis
1934 2043 2082 2080 spiritum
2101 2043 2224 2071 consilii
2238 2042 2338 2071 sanio-

1329 2098 1384 2125 ris.
1402 2096 1567 2133 Quoniam
1583 2096 1641 2135 qui
1656 2095 1798 2126 multum
1813 2095 1923 2133 diligit,
1934 2113 1983 2125 —.
1996 2095 2110 2125 Nostis
2126 2094 2292 2133 siquidem
2307 2097 2339 2124 et

1329 2149 1433 2179 menti
1453 2153 1562 2179 vestre
1585 2148 1750 2179 credimus
1766 2148 1813 2178 sic
1829 2148 1968 2178 infixum
1979 2170 1986 2184 ,
2003 2151 2039 2177 ut
2056 2156 2074 2177 a
2088 2151 2198 2177 vestra
2213 2155 2338 2177 memo-

1328 2202 1379 2231 ria
1394 2201 1487 2232 nulla
1502 2202 1534 2231 id
1550 2201 1655 2240 possit
1671 2200 1873 2231 diuturnitas
1894 2193 2051 2238 temporis
2068 2199 2215 2235 abolere,
2234 2198 2335 2238 quod,

1328 2264 1403 2285 cum
1425 2255 1503 2285 olim
1525 2254 1643 2285 essetis
1665 2254 1700 2283 in
1720 2262 1839 2292 magno
1860 2253 2053 2283 discrimine
2079 2252 2266 2287 constituti,
2290 2251 2338 2282 ita

1328 2308 1415 2346 quod
1427 2311 1499 2346 post
1515 2308 1657 2345 dampna
1671 2315 1797 2342 rerum,
1819 2300 1946 2343 strages
1963 2314 2136 2344 corporum
2158 2309 2188 2335 et
2209 2305 2337 2335 anima-

1327 2370 1401 2390 rum
1417 2360 1578 2399 pericula,
1597 2360 1661 2399 ipsi
1678 2360 1778 2390 etiam
1799 2359 1926 2389 civitati
1947 2358 2112 2389 excidium
2127 2358 2334 2394 immineret,

1327 2415 1477 2443 Romana
1502 2413 1669 2447 Ecclesia,
1696 2412 1798 2442 veluti
1825 2412 1881 2450 pia
1904 2416 2024 2446 mater,
2051 2420 2115 2450 que
2140 2420 2206 2441 non
2229 2414 2337 2449 potest

1327 2466 1471 2495 tiliorum
1501 2466 1553 2495 sui
1584 2465 1670 2495 uteri
1697 2464 1869 2499 oblivisci,
1901 2473 2000 2502 super
2029 2463 2198 2493 attritione
2226 2467 2336 2494 vestra

1327 2518 1545 2556 compatiens,
1564 2522 1594 2547 et
1611 2517 1763 2556 aperiens
1784 2517 1872 2546 circa
1893 2526 1949 2546 vos
1966 2525 2024 2546 sue
2040 2516 2168 2546 viscera
2183 2515 2316 2554 pietatis
2327 2538 2334 2551 ,

1327 2572 1366 2600 ad
1396 2571 1627 2601 liberationem
1656 2574 1800 2600 vestram
1829 2569 1957 2599 invenit
1986 2569 2174 2605 consilium,
2200 2577 2337 2599 manum

1327 2623 1493 2663 apposuit.
1512 2627 1543 2653 et
1562 2623 1695 2652 tandem
1715 2622 1898 2652 remedium
1917 2622 2120 2660 procuravit,
2139 2622 2231 2651 misit
2246 2621 2336 2652 litte-

1326 2685 1391 2711 ras,
1411 2676 1545 2705 nuntios
1557 2675 1747 2709 destinavit,
1765 2684 1801 2704 ac
1818 2675 1961 2710 demum,
1980 2674 2148 2713 quoniam,
2161 2678 2197 2704 ut
2209 2675 2336 2705 ferrum

1324 2738 1383 2768 per
1399 2738 1454 2759 eos
1473 2728 1722 2758 abstraheretur
1741 2727 1780 2758 de
1795 2727 1948 2763 vulnere,
1967 2727 2114 2757 nondum
2126 2727 2268 2766 desuper
2282 2726 2336 2757 da-

1325 2786 1395 2811 tum
1412 2781 1492 2817 fuit,
1512 2790 1546 2811 se
1565 2781 1671 2819 ipsam
1687 2780 1852 2815 exhihuit,
1871 2780 1911 2810 ad
1927 2789 1983 2810 vos
2003 2779 2223 2819 personaliter
2242 2787 2336 2810 acce-

1326 2834 1442 2869 dendo,
1461 2838 1492 2864 et
1508 2833 1604 2873 quasi
1621 2833 1846 2872 exponendam
1863 2841 1897 2863 se
1911 2833 2017 2869 ducit,
2036 2836 2072 2862 ut
2089 2832 2176 2871 quod
2191 2832 2225 2862 in
2241 2831 2335 2863 vohis

1326 2887 1531 2917 confractum
1551 2887 1674 2921 fuerat,
1693 2885 1857 2923 alligaret.
1874 2885 1939 2916 Sed
1953 2894 2028 2921 vos,
2047 2888 2208 2924 quantum
2223 2884 2267 2915 sit
2281 2885 2336 2914 in—

1326 2939 1540 2978 gratitudinis
1556 2939 1674 2969 vitium
1690 2938 1828 2968 minime
1844 2937 2063 2973 attendentes,
2081 2936 2336 2968 retributionem

1326 2992 1417 3022 illam
1436 2992 1531 3022 nobis
1549 2991 1748 3030 rependitis,
1767 2999 1867 3030 quam
1882 2999 1956 3020 mus
1971 2990 2007 3020 in
2022 2998 2120 3029 pera,
2139 2998 2275 3028 serpens
2296 2989 2334 3019 in
