2498 3242
236 282 308 312 1130

232 357 333 383 gruum
356 347 532 382 impendant.
555 363 586 366 —
609 347 692 380 (Rau.
714 348 753 379 17,
775 347 793 374 f.
811 347 861 374 212
879 354 920 378 r⁰;
938 356 1004 374 ann,
1024 347 1106 380 VIII,
1124 355 1150 373 c.
1168 346 1237 378 2·’13;

232 411 268 417 -
283 396 400 423 mensu·
420 395 494 423 1159.
514 397 532 421 i.
553 395 616 423 169:
635 411 663 414 —
685 395 830 422 Porrmsr
847 395 938 429 9722.)

274 510 285 522 «ι
317 520 336 525 ..
358 497 535 534 pusi-iurem
561 498 753 534 Aquilcycnsi
775 503 800 525 εἰ
827 520 847 525 ..
874 498 1098 534 archiepiscopo
1120 497 1238 534 811190-

234 551 344 579 nicusi.
364 549 483 578 DIIOCII
505 549 564 578 filii
584 573 600 577 ..

232 602 386 633 octobris.
405 602 615 640 pontificatus
631 603 734 633 nostri
754 612 840 633 anno
856 608 980 634 octavo.
1001 616 1013 629 n

304 766 425 794 2¹¹4

267 826 410 861 Episcopo
424 827 645 858 Ilildesemonsi,
659 832 685 853 ct
701 828 735 854 de
748 827 828 854 Valle
844 828 940 855 Sancti
958 829 1075 863 Georgii
1089 831 1131 862 (2
1147 829 1238 855 Geor-

753 766 889 795 Pei-cuso,
910 767 936 793 11
956 768 1072 793 octobre
1091 767 1165 794 1234.

232 876 359 910 gentlial)
384 881 410 901 et
436 875 624 902 IIerwedensi
649 880 694 908 (=
719 876 928 909 Hei-sfoldensi)
950 877 1102 903 abbatibus
1125 878 1239 904 mandat
1278 885 1279 892 ¹

231 931 375 958 quatenus
401 925 617 958 inquisitionem
638 933 722 958 quam
748 926 783 951 de
810 926 955 952 miraculis
979 926 1076 952 beatae
1102 925 1238 952 recorda-
1277 945 1279 956 <

231 973 317 999 tionis
333 972 494 1000 Elisabeth.
513 973 686 1007 lantgraviae
703 973 893 1007 Tburingiae,
917 983 967 1009 per
987 975 1237 1009 archiepiscopum

231 1020 431 1055 Maguntinum
453 1026 479 1046 et
500 1021 591 1047 bonne
615 1022 770 1048 memoriae
790 1021 951 1048 Conradum
968 1023 1003 1049 de
1021 1022 1156 1057 Mai-burg
1176 1023 1237 1049 fieri

231 1069 424 1096 mandaverat.
442 1069 513 1095 infra
529 1069 657 1103 quinque
676 1078 792 1096 menses
808 1071 862 1097 sibi
879 1071 1008 1102 mittant3
1026 1071 1050 1097 si
1067 1071 1138 1097 forte
1155 1079 1238 1105 prae-

230 1118 286 1144 sata
304 1117 452 1151 inquisitio
475 1126 541 1151 prae
561 1118 694 1144 manibus
715 1126 770 1144 non
793 1118 940 1147 habeatur,
962 1119 1017 1153 ipsi
1039 1127 1100 1145 eam
1122 1119 1235 1146 saciant.

230 1180 263 1186 —
280 1165 361 1199 (Rae.
383 1166 422 1195 17,
443 1165 461 1192 f.
479 1166 529 1192 212
546 1173 589 1194 v⁰:
607 1174 672 1192 ann.
692 1165 777 1194 VIII.
799 1174 825 1194 c.
842 1167 909 1199 244;
930 1181 966 1187 -
988 1167 1135 1194 Pori-ussi·
1149 1167 1236 1200 9721;

228 1229 264 1235 -
279 1214 447 1241 Ronsxni-:no
464 1214 538 1246 599.)

271 1329 284 1343 α
306 1339 323 1344 ..
341 1317 474 1353 episcopo
490 1316 692 1351 Ildesemensi,
706 1322 732 1346 et
746 1339 767 1345 ..
782 1317 816 1345 de
833 1318 911 1346 Valle
923 1317 1030 1349 Sancti
1044 1318 1163 1355 Georyii
1174 1323 1200 1348 et
1215 1341 1234 1347 ..

228 1369 419 1398 Her-zmirnsi
442 1369 615 1403 abbatibus,
643 1369 822 1406 illayuntine
841 1369 976 1399 diocesis.
1000 1370 1049 1400 Ne
1070 1371 1236 1408 possimus

231 1422 325 1460 argui
343 1439 389 1450 ——.
410 1423 482 1451 Dat.
500 1426 661 1460 utsupra.
683 1434 695 1448 n

300 1581 352 1608 2¹
365 1580 420 1608 15
733 1563 884 1612 ”Pero’usffi
906 1581 931 1607 1¹
951 1581 1068 1607 octobre
1085 1581 1162 1608 1234.

265 1641 409 1676 Episcopo
433 1646 461 1668 et
483 1643 607 1676 capitulo
630 1643 857 1669 Hamerensihus
877 1643 1022 1676 significat
1041 1651 1073 1669 se
1096 1644 1236 1671 ecclesiae

231 1689 418 1716 Hanierensis
443 1691 558 1716 tutelam
583 1691 745 1725 suscipere,
769 1692 892 1725 ejusque
915 1691 1072 1724 libertates,
1097 1693 1236 1719 immuni-

229 1743 318 1765 tates,
347 1740 551 1772 possessiones
581 1744 609 1765 et
639 1739 692 1765 alia
717 1740 790 1765 bona
814 1740 993 1766 confirmare.
1018 1755 1054 1761 --
1082 1741 1164 1773 (Risu.
1194 1742 1235 1775 17,

229 1787 247 1814 1,
265 1787 315 1813 212
333 1792 379 1813 vo:
397 1796 463 1812 ann.
484 1786 562 1818 vul,
578 1795 603 1813 c.
621 1788 689 1818 *2453
706 1802 740 1807 —
757 1787 904 1819 Porrfflsr
920 1788 1010 1822 9723.)

271 1900 283 1913 <1
310 1911 328 1916 ..
354 1890 487 1925 episcopo
507 1894 532 1917 e!
556 1889 690 1926 capitulo
711 1889 958 1918 Hamerensibus.
985 1890 1093 1920 Justis
1120 1894 1236 1928 peten-

230 1941 313 1970 tium
327 1945 388 1970 etc*
403 1958 451 1968 —.
469 1941 543 1970 Dat.
562 1941 704 1975 Pei-usu,
722 1941 750 1970 V
761 1941 836 1971 idus
851 1941 1006 1977 octobris,
1024 1942 1236 1980 pontificatus

231 1993 336 2023 nostri
353 2002 440 2022 anno
455 1997 581 2023 octavo.
602 2005 614 2019 1>

301 2151 421 2180 2¹¹8

267 2215 497 2249 Archiepiscopo
512 2213 706 2248 Nidrosiensi,
724 2218 753 2241 et
768 2214 910 2249 Bergensi
925 2220 953 2242 et
969 2216 1105 2242 Asloensi
1123 2217 1236 2251 episco-

229 2263 273 2298 pis
290 2263 403 2289 mandat
420 2267 564 2297 quatenus
579 2264 820 2298 compositionem
836 2264 910 2290 inter
930 2264 1115 2298 [Sculonem],
1133 2265 1236 2292 ducem

746 2152 884 2184 ffirouse,
903 2153 932 2179 11
951 2153 1069 2179 octobre
1087 2153 1165 2182 1234.

229 2312 408 2347 Nora-agiae,
427 2318 455 2339 et
469 2312 665 2348 [Haquinum]‚
679 2313 849 2348 Norwagiae
865 2322 973 2348 regem,
991 2323 1078 2349 super
1094 2315 1236 2342 divisione

230 2362 310 2395 regni
329 2362 427 2387 initam
439 2383 445 2393 ‚
468 2370 518 2396 per
539 2370 691 2388 censuram
713 2362 940 2389 ecclesiasticam
959 2363 1105 2390 observari
1121 2364 1235 2392 faciant.

228 2423 264 2430 —
278 2409 361 2441 (Rso.
383 2411 423 2441 17,
440 2411 459 2436 s.
476 2410 527 2436 212
544 2416 589 2442 v0;
606 2419 673 2438 ann.
692 2409 777 2442 VIII,
794 2419 819 2437 c.
837 2411 904 2442 2463
927 2426 962 2430 —
982 2411 1129 2439 Porrmsr
1143 2412 1235 2446 9724.)

272 2522 284 2535 u
303 2533 322 2538 ..
349 2511 574 2549 archiepiscopo
598 2512 805 2548 Nidrosiensi,
831 2518 857 2541 et
881 2536 897 2541 ..
922 2514 1064 2550 Beryensi
1085 2519 1111 2543 et
1137 2537 1156 2542 ..
1180 2516 1236 2544 As-

231 2563 488 2600 loensiepiscopis.
506 2563 551 2593 Ex
567 2568 659 2602 parte
675 2564 788 2594 dilecti
806 2581 854 2593 —.
872 2565 945 2595 Dat.
963 2565 1107 2600 PerusiL
1122 2566 1235 2597 Vidus

229 2615 383 2651 octobris,
402 2624 488 2646 anno
505 2620 629 2646 octavo.
648 2630 660 2643 γ,

300 2781 417 2808 211ῒ

265 2841 452 2867 Noviomensi
474 2843 611 2876 episcopo
632 2846 659 2868 et
679 2842 773 2869 abbati
798 2843 905 2876 [Sancti
930 2842 1062 2876 Cornelii]
1089 2842 1235 2878 Compen-

229 2889 339 2916 diensis
364 2890 478 2916 mandat
498 2894 641 2924 quatenus
663 2891 792 2918 redditus
811 2891 846 2918 ab
862 2892 1024 2926 Arnulpbo,
1047 2891 1235 2918 Noviomensi

229 2939 378 2970 canonic0‚
396 2938 423 2964 in
442 2937 629 2965 Noviomensi
650 2943 678 2966 et
698 2939 796 2966 Sancti
817 2939 974 2966 Clementis
994 2938 1234 2974 compendiensis

746 2780 885 2813 Perouse,
904 2781 934 2808 12
951 2782 1069 2808 octobre
1087 2781 1164 2809 1234.

621 550 779 587 magister
795 567 843 579 —t
861 551 934 580 Dat.
954 550 1102 586 Perusii,
1120 551 1147 580 V
1163 549 1238 580 idus
1278 545 1280 577 l

1278 622 1279 627 ,
1319 598 1469 627 sionensis
1495 599 1629 628 dioc-esis.
1658 600 1739 630 Cum
1771 600 1823 638 pie
1849 600 2007 631 memorie
2032 602 2084 637 H„
2115 601 2327 640 predecessor

958 281 1196 312 REG1srn13s
1218 281 1274 311 DE
1297 273 1518 312 GREGOIRE
1542 283 1600 313 1x.

2253 287 2327 316 1140

1278 348 1281 356 '
1321 346 1454 373 ecclesiis
1472 352 1638 382 perceptos,
1656 358 1729 383 quos
1746 349 1809 384 ipse
1827 359 1898 385 papa
1917 351 1946 377 in
1966 352 2111 385 sequestri
2127 352 2193 386 poni
2210 352 2327 378 manda-

1273 2955 1277 2976 1

1321 400 1410 429 verat,
1427 396 1520 422 eidem
1540 397 1689 432 Arnulpho
1703 398 1858 425 ministrari
1869 398 1983 426 faciant.
1997 414 2029 418 —
2041 399 2122 432 (Rso.
2138 401 2178 432 17,
2192 400 2210 428 s.
2223 400 2273 427 213
2285 405 2325 432 ιό;

1278 430 1281 440 ¹
1320 451 1386 469 ann.
1406 443 1484 475 vlu,
1502 453 1527 471 c.
1544 444 1618 478 ⁴247.)

1362 557 1375 570 «
1396 567 1414 573 ..
1432 546 1626 575 Noviomensi
1639 547 1772 585 episcopo
1785 552 1810 576 et
1829 570 1846 576 ..
1865 548 1966 577 abbati
1980 548 2226 586 Compendiensi‚
2241 550 2326 579 Sues-

1322 654 1443 685 noster,
1461 655 1492 680 et
1511 660 1570 681 nos
1588 652 1661 690 ipsi,
1680 658 1715 683 ut
1731 653 1864 689 dicitur,
1884 653 2032 683 redditus
2052 663 2133 692 quos
2149 654 2184 683 in
2203 655 2327 685 Novio-

1320 703 1427 732 mensi
1443 707 1473 733 et
1490 703 1602 734 Sancti
1619 704 1800 736 Clementis
1817 706 2092 744 Compendiensis
2109 707 2260 737 ecclesiis
2276 707 2326 736 di-

1321 755 1425 785 lectus
1445 756 1534 787 iilius
1555 757 1767 796 Arnulphus,
1794 759 2029 789 Noviomensis
2050 760 2244 796 canonicus,
2266 759 2326 790 ha—

1321 808 1398 838 bere
1412 809 1606 844 dinoscitur,
1623 820 1680 848 pro
1695 820 1794 841 causa
1809 821 1871 850 que
1888 812 1975 842 inter
1991 812 2100 850 ipsum
2116 816 2147 842 et
2161 813 2326 851 quondam

1321 861 1500 891 Robertum
1526 862 1649 892 dictum
1677 863 1762 893 Male
1787 864 1821 893 in
1846 864 1972 902 Capite,
1999 864 2104 894 civem
2127 866 2324 900 Romanum,

1320 923 1419 952 super
1442 915 1582 953 quadam
1605 917 1744 953 pecunie
1772 926 1901 946 summa
1922 917 2122 949 vertebatur.
2148 917 2326 956 provideri-

1320 975 1393 996 mus
1410 967 1677 1006 sequestrandos,
1696 968 1779 999 bone
1796 970 1955 1000 memorie
1972 993 1992 999 ..
2010 970 2227 1000 Noviomensi
2244 971 2327 1009 epis-

1320 1028 1399 1058 copo
1425 1029 1462 1049 ac
1487 1043 1506 1048 ..
1529 1020 1640 1050 abbati
1663 1021 1921 1060 Compendiensi
1946 1026 1976 1052 et
2001 1023 2210 1060 postmodum
2233 1023 2327 1054 vobis

1319 1072 1516 1102 mandantes
1540 1077 1595 1108 ut,
1625 1082 1680 1103 eos
1702 1074 1737 1103 in
1767 1075 1932 1113 sequestri
1953 1079 2126 1113 ponentesy
2150 1075 2327 1113 diligenter

1320 1125 1480 1155 custodiri
1496 1126 1650 1156 faceretis
1666 1127 1808 1162 eosdem,
1827 1127 1930 1157 donec
1946 1128 2033 1166 quod
2046 1128 2084 1158 de
2100 1128 2182 1166 ipsis
2195 1128 2328 1159 deberet

1319 1178 1410 1214 fieri,
1435 1178 1578 1216 speciale
1600 1179 1794 1218 reciperetis
1817 1180 1857 1209 ab
1879 1180 2069 1218 Apostolica
2089 1181 2171 1211 Sede
2190 1181 2327 1211 manda-

1319 1234 1389 1260 tum
1404 1241 1409 1260 :
1426 1231 1505 1270 quia
1519 1231 1607 1261 idem
1621 1233 1660 1262 R.
1673 1236 1704 1262 et
1722 1232 1861 1263 heredes
1875 1233 1927 1263 sui
1945 1233 2149 1263 distulerunt
2165 1233 2326 1264 hactenus

1319 1285 1490 1323 negotium
1511 1285 1683 1324 prosequi,
1709 1289 1900 1324 expectante
1925 1286 1981 1315 diu
2006 1286 2092 1316 dicto
2115 1286 2274 1316 canonico
2296 1289 2328 1317 et
2368 1297 2372 1300 ·

1318 1337 1461 1376 dampna
1477 1337 1600 1375 gravia,
1620 1338 1706 1367 sicut
1724 1339 1896 1369 asseritur.
1916 1339 2113 1375 sustinente,
2134 1348 2205 1374 nos,
2224 1339 2326 1370 mise-

1317 1390 1492 1420 ricorditer
1517 1391 1754 1428 compatientes
1784 1391 1907 1426 eidem,
1937 1401 1995 1430 per
2027 1391 2206 1430 apostolica
2229 1391 2322 1422 vobis

1318 1444 1441 1482 scripta
1462 1444 1657 1473 mandamus
1681 1448 1860 1482 quatenus⁷
1885 1445 2026 1483 receptis
2049 1444 2216 1482 octoginta
2235 1453 2323 1474 mar-

1317 1496 1389 1526 chis
1415 1496 1453 1525 de
1476 1496 1573 1526 dictis
1597 1495 1827 1534 proventibus,
1851 1506 1932 1535 quas
1956 1501 2007 1532 tu,
2026 1497 2128 1526 frater
2151 1497 2320 1535 episcope,

1318 1558 1489 1588 quousque
1511 1548 1602 1578 aliud
1623 1558 1640 1578 a
1661 1549 1757 1579 nobis
1779 1549 1971 1578 mandatum
1988 1549 2168 1588 receperis,
2190 1549 2324 1580 studeas

1317 1602 1460 1632 fideliter
1478 1611 1689 1637 conservare,
1708 1601 1854 1640 reliquos
1871 1606 2049 1640 proventus
2070 1606 2137 1631 tam
2154 1606 2324 1640 perceptos

1318 1664 1416 1693 quam
1438 1655 1667 1693 percipiendos
1685 1655 1871 1684 ministrari
1892 1655 1978 1684 dicto
2002 1654 2175 1693 Arnulpho
2196 1655 2325 1693 integre

1318 1708 1467 1742 faciatis,
1494 1707 1681 1737 detentores
1708 1707 1810 1737 medii
1833 1707 1990 1745 temporis
2014 1707 2055 1736 ad
2079 1707 2324 1737 restitutionem

1318 1770 1497 1798 congruam
1514 1764 1742 1798 perceptorum
1752 1764 1783 1790 et
1799 1760 2068 1794 contradictores,
2080 1759 2108 1789 si
2120 1760 2177 1798 qui
2186 1759 2322 1795 fuerint,

1318 1818 1379 1845 etc.
1395 1813 1642 1851 compescendo.
1662 1813 1735 1842 Dat.
1751 1812 1894 1847 Perusii,
1913 1813 1980 1842 IIII
1991 1812 2066 1842 idus
2077 1811 2232 1847 octobris,
2246 1820 2324 1850 pon-

1317 1867 1461 1897 tificatus
1479 1865 1583 1896 nostri
1602 1874 1689 1895 anno
1705 1869 1830 1895 octavo.
1850 1877 1863 1892 n

1389 2039 1442 2067 21
1454 2039 1509 2067 18
1836 2036 1972 2070 Qvouse,
1992 2036 2022 2062 17
2039 2035 2156 2063 octobre
2173 2035 2251 2062 1234.

1354 2101 1498 2136 Episcopo
1527 2099 1777 2134 Nuemburgensi,
1802 2099 1966 2133 praeposito
1990 2097 2106 2124 Cicensi
2127 2099 2171 2131 (=
2188 2096 2276 2131 Zeitz)
2297 2100 2326 2124 et

1319 2150 1457 2184 magistro
1468 2148 1496 2176 J.
1506 2148 1655 2180 Cemecae,
1665 2147 1839 2174 scholastico
1851 2146 2099 2178 Halberstadensi,
2111 2145 2325 2180 inquisitionem

1317 2198 1471 2225 committit
1488 2196 1703 2223 controversiae
1723 2199 1840 2222 exortae
1854 2195 1928 2221 inter
1948 2195 2049 2221 ducem
2067 2194 2203 2220 Bavariae
2219 2197 2248 2220 et
2262 2193 2325 2221 Ma-

1318 2247 1470 2282 guntinum
1483 2245 1745 2279 archiepiscopum,
1757 2243 1805 2278 qui
1820 2243 1927 2270 dictum
1940 2243 2042 2269 ducem
2055 2243 2326 2269 excommunicave-

1318 2298 1375 2326 rat,
1393 2294 1460 2327 quia
1475 2301 1507 2319 se
1523 2295 1698 2327 opposuerat
1716 2290 1911 2317 reformationi
1928 2289 2094 2316 monasterii
2110 2289 2324 2323 Laurissenffls,

1318 2342 1504 2376 Magimtinae
1524 2340 1683 2373 dioecesis,
1706 2341 1733 2366 in
1756 2347 1813 2374 quo
1829 2339 1887 2365 dux
1904 2338 2067 2373 praedictus
2086 2339 2137 2373 jus
2158 2340 2325 2372 patronatus

1317 2395 1346 2418 et
1371 2390 1536 2417 advocatiae
1562 2390 1694 2416 babebat.
1721 2403 1753 2408 —
1779 2387 1867 2422 (Rau.
1890 2388 1939 2420 17,
1963 2387 1981 2414 f.
2008 2387 2060 2414 213
2085 2393 2126 2418 r⁰;
2150 2394 2215 2413 ann.
2236 2384 2323 2418 VIII,

1317 2449 1342 2467 c.
1359 2440 1428 2469 ‘248;
1446 2454 1478 2458 —
1496 2438 1641 2465 Por‘fflAsr
1657 2437 1766 2468 9732*;
1782 2451 1819 2457 —·
1833 2436 2003 2463 Ronsnnssno
2017 2435 2091 2468 600.)

1359 2555 1372 2569 α
1391 2565 1410 2570 ..
1428 2543 1561 2579 episcopo
1576 2539 1828 2575 Nuemburyensi,
1853 2560 1872 2566 ..
1889 2537 2039 2574 preposito
2058 2537 2192 2573 Cicensi‚
2209 2536 2323 2565 Nuem-

1317 2595 1476 2633 burgensis
1491 2594 1631 2627 diocesis,
1650 2597 1675 2622 et
1692 2592 1838 2628 mayistro
1852 2591 1880 2619 J.
1901 2590 2032 2625 emeca,
2049 2589 2204 2619 scolastico
2218 2588 2323 2618 Alber-

1316 2648 1457 2677 stadensi.
1481 2645 1595 2676 Nobili
1610 2645 1681 2674 viro
1700 2667 1718 2673 ..
1737 2643 1818 2673 duce
1840 2659 1889 2670 -.
1911 2642 1985 2671 Dat.
2004 2640 2151 2676 Perusii,
2168 2641 2248 2671 XVI
2262 2639 2322 2670 ka-

1316 2700 1431 2730 lendas
1450 2697 1651 2732 novembris,
1668 2696 1880 2735 pontificatus
1897 2693 2002 2724 nostri
2019 2702 2106 2723 anno
2122 2696 2247 2723 octavo.
2266 2704 2280 2719 s>

1388 2876 1506 2904 2119
1833 2871 1971 2904 Pei-ouse,
1990 2870 2022 2897 16
2038 2869 2154 2896 octobre
2172 2868 2250 2896 1234.

1352 2938 1495 2974 Episcopo
1517 2937 1687 2971 Agennensi
1711 2934 1903 2962 visitationem
1923 2936 1951 2959 et
1972 2931 2179 2959 correctionem
2205 2938 2322 2958 monas-
