2498 3242
172 274 248 304 1157
1026 261 1243 301 HUITIEME
1265 262 1426 299 ANNEE.
2208 272 2282 301 1158

170 344 239 370 tam
255 339 430 378 episcopus
447 343 476 369 et
493 348 569 377 pars
588 348 663 375 sua,
682 348 719 370 ex
736 343 828 378 parte
847 347 932 373 una,
953 346 1052 376 quam
1069 344 1187 374 procu-

171 396 299 422 ratores
321 391 388 427 tui‚
413 396 575 431 quantum
601 392 635 422 in
655 393 739 431 ipsis
764 392 843 427 suit,
865 400 903 421 ex
929 390 1050 425 altera,
1074 398 1131 427 pro
1157 392 1187 418 te

171 448 344 483 acceptare
379 449 555 481 curarunt,
585 444 777 480 credentes,
806 448 842 474 ut
870 443 1039 477 dicebant,
1073 441 1187 471 cadem

171 499 243 529 fore
267 507 285 528 a
306 502 338 528 te
362 497 602 528 nichilominus
626 497 837 536 acceptanda.
859 498 928 527 Nos
944 496 1064 533 igitur,
1088 495 1188 524 finem

173 550 291 581 litibus
310 551 480 589 imponere
496 551 685 589 cupientes,
712 549 917 581 fraternitati
942 553 996 579 tue
1017 558 1075 587 per
1093 556 1189 585 apos-

175 603 275 634 tolica
301 603 425 641 scripta
448 603 646 633 mandamus
671 607 836 642 quatenus
864 612 901 632 ea
930 610 993 641 que
1018 610 1076 639 pro
1104 600 1189 630 bono

175 655 328 695 pacis-ab
344 656 497 694 episcopo
520 660 597 686 sunt
619 656 772 686 ordinata
795 655 957 694 predicto,
976 653 1189 693 quantumin

178 708 334 743 tefuerit,
350 713 519 746 acceptare
532 712 560 738 et
575 708 815 738 inviolabiliter
828 708 1003 737 observare
1020 714 1188 744 procures.

176 762 250 791 Dat.
279 761 424 796 Perusii,
450 761 534 791 XIII
559 760 718 791 kalendas
744 760 946 795 novembris,
976 759 1190 798 pontificatus

177 813 285 843 nostri
303 822 391 843 anno
407 817 532 843 octavo.
553 825 565 839 »

239 1017 301 1059 ,ει
309 1018 368 1045 54

212 1078 375 1115 Episcopo,
405 1079 515 1106 decano
548 1083 576 1106 et
608 1079 787 1106 thesaurario
811 1078 1054 1105 Zamorrensibus
1078 1077 1193 1104 mandat

700 1016 840 1049 Pcrouse,
857 1016 890 1042 ‘25
905 1015 1024 1042 octobre
1043 1014 1119 1042 ¹234.

176 1132 455 1164 quatenus,-cum
470 1129 599 1163 plerique
613 1128 727 1155 nobiles
738 1128 824 1154 etalii
837 1127 1024 1154 Bracarensis
1037 1127 1191 1159 dioecesis,

178 1180 297 1212 propter
313 1177 428 1212 rapinas
443 1182 470 1204 et
485 1178 539 1204 alia
553 1186 627 1212 quae
644 1178 670 1204 in
689 1177 823 1204 ecclesiis
838 1180 888 1202 aut
903 1176 1088 1202 monasteriis
1103 1180 1131 1202 ct
1146 1184 1192 1202 re-

179 1226 236 1252 bus
254 1234 354 1252 eorum
375 1227 590 1259 commiserant,
612 1225 786 1252 sententiam
810 1225 1131 1258 excommunicationis,
1157 1233 1191 1250 ex

177 1274 389 1301 constitutione
404 1275 535 1309 episcopi
551 1274 732 1307 sabinensis,
750 1278 819 1300 tunc
835 1274 862 1300 in
882 1273 1011 1308 partibus
1026 1273 1081 1300 illis
1098 1273 1193 1307 Apos-

178 1324 285 1351 tulicae
302 1323 387 1350 Sedis
403 1323 500 1357 legati,
512 1323 719 1354 incurrissent,
733 1326 760 1348 et
772 1323 911 1356 magister
922 1327 949 1348 et
961 1322 1063 1349 fratres
1076 1322 1192 1348 militiae

179 1372 293 1407 Templi
309 1376 338 1399 et
353 1371 468 1406 quidam
484 1371 531 1397 alli
549 1371 678 1405 religiosi
696 1370 828 1405 ejusdem
845 1371 1000 1403 dioecesis,
1017 1370 1088 1396 tales
1105 1370 1194 1396 male—

181 1421 308 1448 factores
323 1420 372 1455 qui
393 1420 427 1446 ad
445 1421 573 1455 ipsorum
591 1419 761 1453 religionem
775 1428 807 1446 se
823 1419 1044 1452 transferebant,
1066 1418 1093 1444 in
1116 1419 1194 1453 ipso-

180 1477 245 1496 rum
267 1469 446 1495 consortium
470 1468 668 1500 admittentes,
695 1467 806 1493 illorum
832 1475 954 1502 corpora
977 1467 1194 1494 ecclesiasticae

178 1517 348 1552 sepulturae
365 1516 526 1550 traderent,
544 1531 577 1536 -·
598 1516 755 1552 praediCtis
771 1516 916 1550 religiosis
932 1516 1081 1542 inhibeant
1098 1525 1133 1542 ne
1150 1519 1195 1542 ta-

177 1566 233 1600 les,
260 1567 316 1593 nisi
342 1566 434 1601 primo
457 1566 654 1593 satisfecerim
678 1565 713 1592 de
740 1565 907 1592 commissis
932 1568 961 1591 et
982 1565 1194 1591 absolutionem

179 1615 340 1642 meruerint
355 1615 496 1645 obtinere¹
511 1615 538 1641 in
552 1623 637 1641 suum
655 1615 833 1641 consortium
847 1615 996 1649 recipiant.
1008 1613 1136 1646 —fflm
1152 1614 1194 1648 17,

178 1664 198 1691 s.
215 1664 332 1699 ‘3195'05
350 1672 416 1690 ann.
431 1663 512 1698 VIII,
530 1671 555 1690 c.
574 1663 649 1696 280.)

221 1791 236 1807 ιι
255 1802 277 1808 ..
296 1780 442 1817 episcopo,
463 1801 482 1807 ..
500 1779 612 1808 decano
630 1783 656 1807 et
678 1801 697 1807 ..
717 1779 911 1808 thesaurario
929 1778 1193 1807 Zamorrensibus.

181 1832 230 1862 Ex
249 1835 343 1870 parte
363 1831 567 1861 venerabilis
586 1849 635 1860 —.
659 1831 732 1861 Dat.
759 1831 912 1866 Perusii,
935 1831 1018 1861 VIII
1034 1830 1194 1861 kalendas

179 1883 388 1919 novembris,
403 1883 616 1922 pontificatus
633 1883 739 1913 nostri
756 1891 842 1913 anno
859 1887 984 1912 octavo.
1004 1895 1017 1909 »

250 2089 374 2117 2155

217 2152 363 2187 Episcopo
387 2151 549 2177 Tltolosano
566 2151 680 2178 mandat
696 2155 851 2186 quatenus,
869 2152 894 2178 si
916 2152 1073 2187 episcopus
1093 2151 1197 2179 Catur-

180 2201 281 2228 censis
291 2204 477 2235 praeceptum
487 2199 690 2234 apostolicum,
701 2200 835 2227 videlicet
845 2204 876 2227 ut
886 2200 1002 2235 Hugoni
1015 2201 1195 2236 presbytero,

181 2250 288 2277 rectori
308 2249 449 2275 ecelesiae
471 2248 506 2274 de
526 2247 706 2283 Bragunfin„
727 2249 776 2283 qui
797 2252 858 2276 tres
877 2250 1014 2276 mulieres
1036 2250 1197 2276 haereticas

181 2297 277 2324 eidem
300 2297 470 2323 Catnrcensi
493 2297 631 2332 episcopo
654 2296 811 2324 tradiderat
832 2297 1024 2331 judicandas,
1049 2298 1078 2324 in
1103 2299 1197 2333 aliqua

181 2346 307 2373 ccclesia
329 2346 374 2371 vel
397 2345 538 2371 beneficio
561 2345 753 2379 aequivalenti
776 2345 903 2372 civitatis
924 2354 995 2373 suae
1017 2347 1196 2380 provideret,

183 2395 346 2431 neglexerit
361 2394 528 2429 adimplere,
542 2394 568 2420 id
580 2394 643 2429 ipse
655 2398 842 2429 exsequatur.
854 2395 981 2430 —fflm
998 2396 1038 2428 ¹7,
1056 2396 1074 2422 s.
1087 2396 1139 2423 ‘219
1151 2402 1196 2428 νος

179 2452 248 2471 ann.
264 2443 344 2476 VIII,
360 2451 386 2469 c.
404 2442 476 2477 ⁶281.)

698 2088 839 2121 Pet-ouse,
857 2089 891 2116 20
909 2089 1028 2115 octobre
1047 2089 1123 2116 1-234.

224 2571 238 2586 ιι
260 2582 277 2588 ..
297 2560 432 2596 episcopo
451 2559 605 2588 Tolosano.
627 2557 777 2588 Dilectus
797 2558 887 2588 filius
906 2559 1002 2597 Ilugo
1020 2560 1195 2598 presbiter,

180 2615 290 2642 rector
307 2611 446 2641 ecclesie
467 2611 506 2641 de
525 2611 733 2648 B1·agantin.,
752 2611 786 2640 in
806 2615 919 2641 nostra
937 2612 1107 2650 proposuit
1123 2622 1198 2651 prc-

183 2665 293 2696 sentia
311 2665 513 2695 constitutus
535 2664 636 2703 quod,
659 2673 734 2694 cum
752 2664 840 2694 idem
862 2664 959 2699 olim,
980 2665 1092 2695 audito
1111 2666 1198 2704 quod

183 2717 387 2757 generaliter
402 2716 553 2747 Parisius
564 2716 733 2747 universis
745 2716 876 2747 clericis
888 2721 919 2747 et
935 2716 1030 2747 laicis
1044 2718 1198 2749 fidelihus

179 2771 293 2801 suerat
318 2770 380 2800 sub
402 2769 757 2800 excommunicationis
777 2778 863 2808 pena
885 2770 1081 2800 auctoritate
1104 2780 1199 2809 apos-

182 2823 281 2853 tolica
293 2822 528 2853 demandatum
540 2826 587 2857 ut,
600 2821 803 2861 ubicumque
819 2822 1011 2853 invenirent
1020 2822 1197 2859 hereticos,

184 2876 214 2906 si
236 2879 390 2915 possent,
411 2874 488 2905 illos
506 2878 663 2914 caperent
684 2874 736 2905 vel
761 2875 1016 2905 manifestarent
1038 2875 1197 2912 Ecclesic‚

182 2932 252 2959 tres
283 2927 443 2959 mulieres
473 2927 640 2958 hereticas
671 2927 796 2966 ceperit
825 2931 857 2958 et
888 2928 1073 2959 venerabili
1102 2930 1198 2959 fratri

1270 339 1382 365 nostro
1414 359 1432 364 ..
1465 336 1618 374 episcopo
1647 336 1859 371 Caturcensi,
1892 337 1949 375 qui
1981 337 2052 376 ejus
2085 337 2282 367 diocesanus

1270 388 1393 423 existit,
1411 389 1581 419 tradiderit
1593 389 1802 428 judicandas,
1819 389 1906 419 idem
1921 389 2105 428 episcopus,
2124 395 2195 428 post
2207 400 2283 420 exa-

1270 440 1489 471 minationem
1519 441 1729 479 diligentem,
1760 441 1835 471 illas
1867 441 2043 472 inveniens
2072 442 2105 471 in
2136 442 2285 472 heretica

1270 494 1432 532 pravitate
1457 495 1636 533 perfectas,
1659 494 1813 532 potestati
1835 494 1977 523 seculari
2001 495 2131 532 publice
2155 495 2284 524 (lenun-

1272 547 1354 577 tiare
1371 547 1499 576 curavit
1514 556 1586 577 csse
1603 547 1684 576 duas
1696 546 1830 576 illarum
1845 546 2020 581 hereticas,
2035 547 2075 576 ad
2092 548 2284 577 mandatum

1272 600 1419 630 Ecclesie
1437 600 1533 637 tertia
1556 600 1730 635 redeuntc;
1755 604 1886 637 propter
1905 600 1990 638 quod
2013 601 2124 630 eedem
2143 610 2200 638 per
2215 601 2285 630 dit--

1273 656 1341 682 tum
1360 657 1553 691 potestatem
1570 656 1778 682 concremate
1790 652 1894 682 suere.
1908 653 2016 689 Quare
2032 662 2049 682 a
2067 653 2162 683 nobis
2175 653 2286 683 humi-

1272 705 1349 735 liter
1366 705 1553 743 postulabat
1570 709 1614 739 ut,
1636 714 1709 734 cuni
1724 705 1897 735 occasione
1914 705 2105 743 hujusmodi
2122 706 2286 743 captionis

1274 758 1515 795 consanguinei
1552 758 1731 787 111ulierum
1767 757 1915 796 ipsarum
1947 762 2086 788 mortem
2117 759 2287 788 minentur

1273 811 1392 846 eidem,
1416 810 1653 849 propterquod
1679 811 1750 849 ipse
1771 810 1805 839 in
1830 810 1969 841 ecelesia
1996 820 2060 840 non
2083 811 2180 840 autlet
2197 820 2286 840 com-

1273 863 1397 893 morari
1410 864 1549 901 prefata,
1567 863 1739 901 providere
1757 863 1821 892 sibi
1836 872 1934 901 snper
1952 863 2011 893 hoc
2026 863 2064 893 dc
2081 863 2287 901 benignitate

1275 916 1370 947 Sedis
1398 916 1587 955 Apostolice
1617 916 1843 954 dignaremur.
1870 917 1953 947 Cum
1983 917 2086 954 igitur
2111 916 2287 954 indignum

1274 969 1408 1008 penitus
1426 969 1579 999 videatur
1595 973 1628 998 ut
1644 969 1824 1008 jamdictus
1841 969 1993 999 sacerdos
2011 969 2087 1000 inde
2107 969 2288 999 tlt-trimen-

1275 1027 1345 1052 tum
1366 1023 1532 1058 incurrat,
1555 1022 1643 1052 unde
1661 1022 1781 1052 mereri
1802 1022 1916 1052 debuit
1937 1032 2001 1052 non
2024 1022 2191 1051 immerito
2213 1031 2288 1060 gra—

1275 1078 1356 1107 tiam
1373 1082 1404 1108 et
1420 1078 1579 1113 favorem,
1597 1077 1704 1108 eidem
1723 1077 1876 1116 episcopo
1893 1077 2009 1107 damus
2026 1077 2149 1107 nostris
2166 1076 2288 1106 litteris

1275 1131 1311 1160 in
1334 1131 1498 1169 preceptis
1520 1135 1573 1165 ut,
1594 1131 1623 1160 si
1643 1140 1696 1161 res
1718 1130 1763 1160 ita
1787 1140 1820 1160 se
1841 1130 1956 1165 habet,
1985 1130 2091 1160 eidem
2116 1130 2150 1159 in
2176 1129 2289 1168 aliqua

1275 1183 1417 1214 ecclesia
1437 1183 1488 1214 vel
1505 1183 1666 1213 beneficio
1683 1182 1888 1221 equivalenti
1905 1183 2051 1212 civitatis
2069 1191 2143 1217 sue,
2163 1182 2190 1212 si
2208 1182 2287 1220 quid

1275 1237 1401 1266 ibidem
1433 1240 1525 1266 vacat
1552 1236 1592 1265 ad
1619 1245 1774 1274 presens,
1802 1235 1854 1266 vel
1881 1236 2048 1274 quamcito
2081 1245 2114 1265 se
2147 1235 2289 1264 facultas

1275 1289 1449 1324 obtulerit,
1469 1298 1535 1319 non
1556 1288 1688 1318 differat
1709 1288 1892 1326 providere.
1911 1288 2071 1324 Quocirca
2092 1287 2289 1317 mandamus

1277 1347 1457 1381 quatenns,
1480 1342 1509 1372 si
1531 1342 1639 1371 dictus
1658 1341 1832 1380 episcopus
1853 1345 2044 1379 preceptum
2065 1344 2213 1370 nostrum
2231 1344 2306 1369 ne-'

1277 1395 1416 1432 glexerit
1446 1394 1644 1432 adimplere,
1677 1398 1710 1423 tn
1743 1393 1938 1423 auctoritate
1973 1397 2102 1427 nostra,
2139 1392 2290 1422 submoto

1277 1447 1455 1486 cujuslibet
1470 1446 1702 1485 appellationis
1714 1446 1894 1476 obstaculo.
1909 1455 1971 1485 que
1985 1445 2199 1484 premisimus
2215 1454 2291 1475 exe-

1279 1500 1405 1539 quaris.
1423 1499 1690 1530 Contradictores
1708 1503 1768 1529 etc.
1782 1500 1855 1528 Dat.
1872 1499 2015 1533 Perusii,
2030 1499 2113 1528 XIII
2131 1497 2291 1528 kalendas

1279 1553 1481 1587 novembris,
1500 1552 1711 1591 pontificatus
1729 1552 1833 1582 nostri
1851 1561 1937 1581 anno
1954 1556 2079 1581 octavo.
2100 1564 2112 1576 n

1351 1752 1472 1780 215ss

1314 1815 1428 1849 Regem
1454 1814 1569 1846 Belam,
1596 1812 1820 1848 primogenitum
1846 1811 1925 1845 regis
1949 1811 2133 1846 Hungariae,
2160 1814 2241 1843 rogat
2266 1815 2295 1837 ct

1797 1749 1939 1781 Pet-ousae,
1957 1749 1990 1776 ‘25
2007 1749 2125 1776 octobre
2145 1748 2221 1776 1232.

1280 1867 1379 1891 monet
1405 1867 1550 1898 qnatenus
1575 1862 1714 1897 episcopo
1742 1860 1936 1887 Cumanorum
1967 1860 2119 1887 ecclesiam
2145 1865 2294 1886 construat

1280 1921 1402 1947 eamque
1425 1912 1527 1946 amplis
1548 1910 1788 1946 possessionibus
1808 1910 1898 1936 dotet.
1921 1924 1954 1928 —
1980 1909 2060 1941 (Ιὶεῦ.
2086 1909 2129 1940 17,
2148 1908 2166 1936 f.
2182 1908 2233 1934 2-20
2250 1914 2290 1934 r⁰z

1279 1970 1347 1988 ann.
1361 1960 1443 1993 VIII,
1456 1969 1480 1987 c.
1498 1960 1566 1992 2823
1583 1973 1619 1980 -
1635 1959 1753 1986 Monam
1772 1958 1849 1989 1159,
1866 1958 1885 1984 f.
1903 1957 1952 1985 ‘201
1967 1966 1972 1989 ;
1989 1971 2025 1978 —-
2042 1957 2187 1984 Pon-nist·
2203 1956 2294 1990 9:50.)

1322 2075 1335 2089 «
1366 2063 1486 2091 Illustri
1515 2062 1580 2098 reat
1606 2061 1680 2095 Hele,
1709 2060 1915 2098 primoqenito
1944 2060 2023 2095 repis
2051 2059 2191 2095 Βηθανία
2221 2057 2291 2088 Etsi

1280 2116 1443 2145 bonorum
1469 2119 1659 2144 nostrornm
1681 2130 1728 2141 ——.
1756 2113 1830 2142 Dat.
1855 2111 2005 2146 Perusii,
2027 2111 2108 2141 VIII
2133 2110 2293 2140 kalendas

1281 2167 1487 2202 novembris,
1506 2166 1717 2205 pontificatus
1734 2165 1840 2195 nostri
1856 2173 1943 2194 anno
1959 2168 2082 2194 octavo.
2105 2176 2117 2190 »

1351 2365 1470 2393 215?

1318 2428 1550 2462 Arcbiepiscopo
1566 2425 1798 2461 Compostellano
1816 2424 1931 2450 mandat
1946 2428 2090 2459 quatenus
2101 2445 2107 2455 ,
2123 2431 2188 2449 cuni
2206 2431 2294 2457 super

1281 2486 1315 2504 eo
1331 2476 1407 2512 quod
1425 2476 1487 2511 ipse
1502 2475 1739 2510 archiepiscopus
1754 2473 1790 2499 de
1806 2472 1964 2507 Stephano,
1977 2472 2115 2506 magistro
2127 2472 2291 2497 scholarum

1281 2525 1491 2553 Ulixbonensis
1514 2523 1667 2554 ecclesiae,
1692 2521 1853 2557 providerat
1869 2510 1961 2547 eidem
1983 2521 2123 2546 ecclesiae
2144 2519 2172 2545 in
2197 2523 2294 2553 pasto-

1282 2583 1341 2602 rem
1352 2597 1358 2608 ,
1377 2575 1466 2601 multa
1485 2577 1514 2600 et
1533 2572 1631 2607 gravia
1646 2574 1746 2598 essent
1761 2571 1889 2605 objecta,
1906 2569 2077 2595 ordinationi
2095 2572 2122 2595 et
2137 2575 2292 2594 consecra-

1282 2623 1352 2650 tioni
1369 2623 1500 2657 ejusdem
1517 2621 1710 2656 supersedere
1726 2622 1869 2654 procuret,
1882 2618 1974 2644 donec
1989 2617 2052 2652 ipse
2070 2625 2141 2651 papa
2156 2623 2226 2642 suae
2242 2615 2293 2641 be—

1283 2672 1458 2707 neplacitum
1486 2669 1626 2697 rescribat
1661 2667 1827 2695 voluntatis.
1861 2680 1896 2686 —
1925 2665 2009 2699 (tiso.
2042 2665 2084 2697 17,
2116 2664 2136 2691 s.
2169 2664 2220 2691 2³20
2250 2670 2292 2693 τίη

1282 2729 1348 2748 ann.
1368 2719 1448 2754 VIII,
1465 2728 1491 2747 c.
1507 2719 1582 2751 283.)

1805 2362 1943 2394 Pei-ouse,
1960 2362 1994 2388 ‘20
2010 2361 2126 2388 octobre
2145 2361 2220 2389 1234.

1325 2835 1339 2850 «ι
1359 2845 1380 2852 ..
1396 2822 1622 2859 archiepiscopo
1635 2819 1882 2857 Compostcllano.
1897 2816 1979 2847 Cum
1992 2824 2091 2853 super
2105 2823 2142 2844 eo
2153 2831 2203 2842 —.
2217 2814 2291 2843 Dat.

1284 2876 1432 2911 Pcrusii,
1449 2875 1534 2904 XIII
1555 2872 1714 2903 kalendas
1736 2869 1940 2904 novembris,
1958 2868 2170 2907 pontilicatus
2187 2865 2292 2896 nostri

1282 2938 1370 2960 anno
1385 2933 1509 2960 octavo.
1534 2938 1547 2953 υ
