2498 3242
158 307 217 338 957
1013 303 1227 340 SEPTIEME
1248 304 1409 342 ΑΝΝΕΕ.
2207 317 2266 348 958

159 373 376 404 ecclesiarum
389 374 520 412 prelati,
533 384 568 405 ac
581 384 694 406 eorum
706 376 875 411 officiales,
890 377 968 416 [tam
982 377 1016 406 in
1029 376 1172 414 Imperio

159 436 259 466 quam
278 425 312 456 in
325 433 426 465 regno
443 428 582 458 Francic
601 429 782 459 existentes
796 430 830 466 ¹],
850 430 883 459 in
901 429 1081 467 premissas
1098 438 1172 467 per-

159 476 258 511 sonas
275 484 305 510 et
325 479 420 516 alias,
441 489 504 519 que
521 481 604 519 ipsis
620 481 671 511 vel
688 482 827 512 emendo
840 491 898 512 seu
915 482 1097 515 vendendo,
1116 486 1173 511 aut

157 533 311 564 molendo
334 533 368 563 in
389 533 592 565 molendinis
609 535 660 565 vel
680 535 715 564 in
737 536 846 565 furnis
867 545 980 566 corum
1001 535 1172 574 coquendo

158 586 321 625 aliterque
337 587 599 622 communicant,
618 588 803 624 interdicti,
821 589 1053 627 suspensionis
1070 592 1100 618 ct
1117 597 1172 618 ex-

157 639 471 669 communicationis
489 640 574 670 ferrc
591 641 787 676 sententias,
805 645 919 671 contra
933 640 1062 670 indulta
1076 640 1171 671 Sedis

156 691 363 730 Apostolice,
398 693 595 723 auctoritate
628 694 778 732 propria,
811 703 851 724 ne
880 694 1030 724 dicamus
1061 693 1171 732 potius

158 744 360 780 temeritate,
378 742 594 783 presumunt,
611 750 648 776 ut
668 746 716 776 sic
737 747 903 777 sevientes
924 747 959 776 in
976 747 1076 781 istos,
1096 746 1171 776 illos

157 797 230 828 sine
252 797 347 836 culpa
367 797 578 837 culpabiliter
596 799 737 837 puniant
757 799 969 834 innocentes,
990 799 1171 829 efficientes

155 859 215 888 per
237 850 299 880 hoc
328 845 504 880 deterioris
528 852 730 881 conditionis
753 860 809 882 eos
836 861 935 891 quam
959 851 1075 890 perfidi
1104 851 1171 881 sint

155 902 266 938 Judei,
281 912 375 942 quos,
391 903 487 942 culpa
502 905 634 943 propria
648 909 806 943 perpetue
822 905 976 935 servituti
992 904 1170 943 subjectos,

156 964 194 986 ex
206 955 276 986 sola
287 956 519 987 misericordia
532 957 638 995 pietas
655 957 840 987 christiana
856 961 1012 996 receptat,
1031 957 1108 987 dum
1122 957 1171 987 eis

156 1007 358 1039 subtrahunt
386 1010 655 1040 communionem
681 1009 845 1045 fidelium,
873 1010 930 1049 qui
959 1010 999 1040 ab
1023 1010 1172 1048 ipsorum

155 1061 339 1092 Judeorum
362 1062 538 1100 participio
562 1072 627 1093 non
653 1067 819 1093 arcentur.
841 1063 925 1093 Cum
947 1063 1051 1101 igitur
1076 1062 1172 1093 nobis

154 1114 386 1153 principaliter
408 1115 565 1154 injuriari
586 1115 778 1154 probentur,
802 1115 859 1154 qui
880 1115 1056 1154 privilegia
1076 1116 1172 1146 Sedis

154 1167 344 1207 Apostolice
367 1168 419 1198 vel
435 1169 658 1199 irreverenter
675 1169 873 1207 impugnant
893 1168 959 1203 vel,
978 1169 1172 1207 superficia-

155 1221 233 1251 liter
255 1230 368 1251 eorum
393 1221 492 1251 verba
515 1225 684 1257 tenentes,
710 1225 825 1251 contra
850 1221 997 1259 ipsorum
1025 1221 1173 1258 gestiunt

155 1274 372 1309 voluntatem,
401 1277 432 1303 et
456 1274 685 1312 privilegiatos
711 1273 964 1312 privilegiorum
991 1273 1172 1303 commodis

155 1326 286 1365 privare
303 1330 468 1356 conantur
486 1336 492 1355 :
515 1326 666 1356 nolentes
690 1330 756 1356 tam
779 1326 936 1356 abusivas
957 1326 1172 1356 enormitates

156 1389 217 1410 seu
242 1384 308 1409 tam
335 1388 488 1409 enormes
513 1379 653 1414 abusus,
681 1388 746 1409 non
772 1379 897 1418 absque
924 1379 1049 1418 injuria
1076 1379 1172 1409 Sedis

156 1431 345 1471 Apostolice
364 1432 582 1469 excogitatos,
610 1432 834 1471 equanimiter
856 1431 1013 1467 tolerare,
1034 1431 1172 1461 manda-

155 1494 230 1515 mus
252 1489 436 1524 quatenus,
463 1485 627 1524 inquisita
653 1494 753 1523 super
775 1484 949 1523 premissis
975 1484 1171 1522 diligentius

154 1538 309 1573 veritate,
328 1538 532 1574 sententias,
551 1538 580 1568 si
597 1547 680 1577 quas
701 1538 736 1567 in
759 1537 976 1576 Lugdunensi
997 1541 1028 1568 et
1046 1537 1171 1567 Bisun-

153 1592 224 1622 tina
234 1592 417 1631 provinciis
433 1592 633 1622 inveneritis
650 1592 698 1622 sic
714 1591 868 1630 proferri,
886 1591 959 1622 sine
975 1591 1170 1621 difficultate

152 1644 302 1684 qualibet
317 1644 452 1683 penitus
469 1644 672 1679 relaxantes,
690 1644 766 1674 illos
785 1653 868 1683 quos
885 1653 940 1674 eas
957 1644 1075 1674 tulisse
1091 1652 1170 1673 con-

151 1697 291 1733 stiterit,
311 1697 352 1728 ad
368 1698 645 1728 satisfaciendum
662 1698 788 1728 eisdem
805 1697 982 1727 abbatibus
999 1701 1030 1727 et
1049 1697 1118 1727 hiis
1133 1697 1169 1726 in

149 1759 232 1790 quos
247 1750 314 1781 late
327 1751 466 1786 fuerint,
482 1751 521 1781 de
535 1751 688 1789 dampnis
705 1755 736 1781 et
751 1751 904 1789 expensis
916 1759 980 1789 que
996 1750 1170 1780 occasione

149 1802 343 1842 hujusmodi
368 1803 552 1839 subierint,
577 1802 786 1842 mo[nitione]
811 1803 1001 1842 pre[missa]
1023 1803 1171 1840 dis[tric-

149 1855 231 1894 tius]
248 1865 348 1895 quam
365 1856 532 1891 convenit,
549 1855 770 1894 appellatione
788 1860 926 1891 remota,
944 1856 1081 1894 cogatis,
1098 1865 1170 1894 pro-

152 1917 283 1938 cessum
309 1913 457 1939 vestrum
486 1909 582 1939 nobis
610 1908 753 1939 fideliter
781 1909 995 1947 rescripturi,
1024 1913 1059 1938 ut
1087 1908 1170 1939 alias

152 1961 349 1991 excedentes
377 1961 425 1991 sic
447 1970 530 1999 pena
555 1961 711 1999 castiget,
739 1961 826 2000 quod
851 1970 1006 1991 excessus
1029 1961 1170 1991 ulterius

153 2022 219 2044 non
242 2013 409 2051 procedat.
432 2014 505 2043 Non
531 2014 683 2044 obstante
712 2014 951 2044 constitutione
976 2014 1015 2044 de
1041 2013 1170 2044 duabus

154 2070 228 2101 etc,
248 2075 307 2097 nec
322 2067 423 2097 etiam
440 2067 527 2106 quod
545 2067 617 2102 tibi,
635 2067 682 2096 fili
701 2067 802 2097 abhas
821 2067 1066 2102 Cluniacensis,
1085 2067 1171 2096 sicut

154 2120 288 2155 dicitur,
312 2129 329 2150 a
351 2120 435 2151 Sede
456 2120 645 2158 Apostolica
669 2125 717 2150 est
735 2120 920 2155 indultum,
944 2125 980 2150 ut
1000 2120 1039 2150 de
1060 2121 1171 2150 causis

155 2173 216 2203 tihi
233 2173 273 2203 ab
292 2182 329 2203 ea
346 2173 535 2203 commissis
552 2182 751 2210 cognoscere
776 2182 842 2202 non
865 2173 1010 2203 tenearis
1031 2173 1169 2203 invitus.

155 2226 249 2262 Quod
271 2226 299 2255 si
330 2235 395 2255 non
418 2235 534 2255 omues
560 2230 621 2256 etc.
646 2227 720 2255 Dat.
748 2226 921 2261 Laterani,
952 2226 982 2255 X
1011 2225 1171 2256 kalendas

154 2279 329 2314 februarii,
348 2287 436 2308 anno
452 2279 604 2317 septimo.
625 2290 637 2305 ι)

228 2459 247 2487 Ι
256 2458 343 2487 ⁸⁷42

189 2519 358 2546 Eadmundo
368 2541 374 2552 ‚
392 2520 485 2546 electo
503 2519 703 2546 Cantuariensi
717 2541 722 2551 ,
740 2518 880 2553 sign'lficat
893 2527 925 2546 se
938 2520 1059 2554 palleum
1070 2542 1076 2553 ‚
1093 2520 1169 2555 quod

153 2578 169 2595 a
185 2568 261 2595 Sede
279 2569 448 2603 Apostolica
467 2577 517 2604 per
533 2569 649 2595 fratrem
667 2568 824 2603 Symonem
843 2568 878 2594 de
899 2568 1080 2604 Leyrcestria
1095 2570 1168 2605 (sic),

154 2618 328 2644 monachum
346 2617 488 2644 ecclesiae
509 2616 617 2644 Clu-isti
633 2616 869 2649 Cantuariensis,
889 2619 1044 2651 magistros
1063 2617 1170 2645 Henri-

153 2673 219 2692 cum
236 2665 376 2700 Tessiln1,
389 2667 561 2692 canonicum
575 2666 841 2698 Saresberiensem,
857 2671 885 2693 ct
898 2666 1049 2693 Nicolaum
1061 2667 1096 2693 de
1110 2666 1170 2694 Bu-

154 2714 293 2746 reson-dia,
311 2715 522 2748 postulaverat,
540 2724 590 2750 per
606 2723 657 2741 eos
678 2714 871 2741 Londoniensi
893 2719 921 2742 et
943 2715 1073 2742 Rolrensi
1089 2716 1170 2751 epis-

154 2762 236 2797 copis
252 2762 372 2789 duxisse
390 2763 606 2795 destinandum,
625 2767 655 2790 ut
672 2763 738 2790 illud
757 2764 811 2798 ipsi
827 2764 918 2790 electo
935 2764 1024 2790 iidem
1040 2765 1170 2800 episcopi

154 2811 320 2846 assignent,
340 2812 377 2838 ita
394 2815 424 2837 ut
440 2810 487 2838 illo
504 2812 577 2838 inu-a
594 2812 748 2838 ecclesiam
765 2820 847 2838 suam
865 2812 921 2838 illis
942 2812 1045 2839 dicbus
1063 2816 1170 2846 utetur,

728 2457 845 2489 Latran,
865 2457 879 2484 3
896 2458 1001 2484 sevi-ier
1020 2458 1096 2485 1234.

190 2932 210 2956 i.
226 2932 264 2957 Lo
278 2933 398 2956 membre
411 2933 444 2956 de
456 2933 555 2963 phrase
571 2933 696 2963 imprime
711 2933 745 2956 ici
757 2935 835 2957 entre
846 2934 972 2958 crochets
984 2934 991 2965 [
1004 2933 1012 2965 ]
1026 2942 1041 2958 a
1051 2934 1094 2959 ete
1107 2935 1171 2959 biffe

157 2976 226 3000 dans
243 2977 268 3000 lo
282 2977 406 3006 Reyistre
422 2979 449 3000 et
465 2976 566 3000 annulo
583 2984 631 3007 par
647 2984 685 3000 un
702 2980 804 3002 ua-cal.

1254 377 1303 411 qui
1325 378 1351 404 in
1373 378 1514 405 ecclesiae
1534 387 1605 406 suae
1629 380 1788 415 privilegiis
1813 388 1952 415 expresse
1978 382 2210 409 continebantur.
2233 398 2266 403 —

1253 424 1335 458 (Rea.
1357 427 1398 458 17,
1415 426 1432 452 f.
1452 427 1501 454 137
1513 434 1554 459 r⁰;
1571 436 1637 454 ann.
1656 427 1722 461 VII,
1739 436 1764 455 c.
1783 429 1853 459 494.)

1296 539 1308 553 α
1323 528 1519 565 Ε[ιίτιιαηάο],
1533 530 1620 558 electo
1632 529 1862 559 Cantuariensi.
1878 530 1960 560 Cum
1974 531 2118 569 palleum
2133 531 2267 570 insigne

1254 596 1302 607 —.
1321 580 1394 609 Dat.
1413 581 1579 616 Laterani,
1598 582 1648 612 III
1664 590 1769 612 nonas
1784 582 1958 617 februarii,
1974 592 2061 614 anno
2079 585 2229 623 septimo.
2251 597 2264 612 n

1329 765 1348 793 Ι
1359 766 1445 794 ⁵24³
1834 767 1947 801 Latran,
1964 769 1979 796 3
1995 770 2100 796 sevi-ier
2116 770 2194 798 ¹234.

1289 826 1484 854 Londoniensi
1509 831 1538 854 et
1562 827 1692 855 Roffensi
1716 828 1862 864 episcopis
1888 830 2003 856 mandat
2026 834 2171 865 quatenus
2193 831 2268 858 Ead-

1253 875 1374 908 mundo,
1393 877 1486 903 electo
1507 876 1724 910 Cantuariensi‚
1748 878 1871 913 palleum
1892 879 2053 914 assignent.
2071 895 2104 900 —
2123 880 2203 913 (ΠΕΟ.
2223 881 2265 914 17,

1251 924 1272 951 f.
1291 923 1340 951 137
1358 931 1401 958 v⁰;
1419 933 1484 952 ann.
1503 924 1568 958 vll,
1586 933 1611 953 c.
1632 925 1704 959 495.)

1296 1038 1310 1052 ιι
1337 1049 1356 1055 ..
1379 1027 1584 1057 Londoniensi
1605 1033 1631 1057 et
1654 1050 1673 1056 ..
1695 1028 1824 1065 Roffensi
1841 1030 1997 1068 episcopis.
2019 1029 2103 1060 Cum
2121 1030 2268 1069 palleum

1254 1082 1315 1108 etc.
1333 1096 1382 1108 -—-.
1399 1080 1474 1109 Dat.
1491 1083 1528 1110 ut
1543 1088 1654 1119 supra.
1674 1092 1687 1107 »

1329 1264 1349 1291 Ι
1359 1264 1447 1292 ’ἴ44

1290 1325 1522 1362 Archiepiscopo
1545 1326 1755 1362 Burdegalensi
1779 1328 1895 1355 mandat
1918 1333 2062 1364 quatenus
2086 1329 2268 1358 Pictavensis

1254 1374 1393 1409 episcopi,
1413 1375 1560 1402 laboribus
1577 1379 1605 1403 et
1620 1379 1715 1404 aetate
1730 1377 1879 1409 confracti,
1897 1381 1975 1404 tanta
1990 1378 2078 1404 animi
2094 1382 2122 1405 et
2137 1379 2268 1414 corporis

1252 1422 1420 1450 infirmitate
1435 1424 1556 1458 gravati,
1573 1424 1649 1460 quod
1665 1425 1812 1461 impotens
1829 1430 1907 1453 esset
1924 1426 2045 1454 effectus
2055 1427 2089 1454 ad
2105 1436 2268 1463 exsequen-

1253 1470 1321 1497 dum
1338 1471 1461 1498 officium
1478 1473 1630 1507 pastorale,
1648 1475 1811 1501 cessionem
1828 1475 1958 1510 recipiat,
1971 1479 1999 1502 et
2011 1476 2036 1502 ei
2052 1476 2087 1502 de
2103 1475 2266 1504 redditibus

1253 1520 1468 1554 episcopalibus
1487 1521 1636 1556 provideat
1659 1523 1734 1549 unde
1759 1527 1958 1558 competenter
1982 1524 2074 1551 valeat
2095 1525 2264 1552 sustentari.

1251 1582 1287 1589 —
1297 1568 1381 1601 (Rso.
1396 1569 1438 1601 17,
1451 1570 1470 1596 f.
1484 1570 1533 1597 137
1545 1577 1591 1602 v⁰;
1606 1579 1672 1597 ann.
1690 1570 1754 1604 V11,
1766 1579 1792 1599 c.
1804 1572 1854 1599 496
1867 1581 1872 1603 ;
1885 1587 1918 1592 -
1929 1572 2050 1600 Morino
2068 1573 2145 1606 1188,
2158 1574 2178 1602 f.
2190 1573 2266 1607 294.)

1802 1266 1921 1299 Ladan,
1939 1267 1969 1294 21
1984 1268 2100 1302 janvier
2117 1267 2195 1296 ¹234.

1294 1682 1308 1697 α
1323 1693 1341 1699 ..
1355 1672 1581 1710 archiepiscopo
1594 1673 1823 1711 Burdeyalensi.
1840 1674 2034 1705 Presentate
2047 1674 2144 1705 nobis
2154 1675 2267 1706 littere

1251 1740 1301 1752 —.
1319 1724 1394 1754 Dat.
1412 1725 1581 1761 Laterani,
1599 1726 1666 1756 XII
1680 1725 1841 1757 kalendas
1856 1727 2035 1764 februarii,
2052 1728 2266 1767 pontificatus

1251 1777 1359 1807 nostri
1374 1786 1461 1807 anno
1478 1778 1627 1817 septimo.
1650 1790 1662 1805 »

1327 1963 1443 1991 ¹245
1808 1964 1920 1997 Latran,
1937 1965 1967 1993 31
1982 1966 2098 2000 janvier
2114 1966 2192 1994 1234.

1288 2023 1395 2050 Abbati
1407 2027 1435 2050 et
1447 2025 1603 2051 conventui
1613 2024 1649 2052 de
1660 2026 1802 2059 Pruliaco,
1816 2026 1997 2054 Senonensis
2009 2027 2164 2062 dioecesis,
2176 2029 2266 2064 signi-

1252 2071 1319 2098 ficat
1334 2081 1366 2099 se
1387 2072 1519 2099 inhibere
1535 2082 1570 2100 ne
1586 2074 1652 2108 quis
1668 2074 1744 2101 bona
1758 2075 1827 2102 dicti
1844 2076 2025 2109 monasterii,
2042 2085 2116 2111 quae
2132 2078 2266 2105 monachi

1253 2124 1282 2146 et
1303 2121 1438 2147 conversi
1455 2121 1488 2148 ad
1511 2123 1653 2149 tumultus
1669 2124 1834 2150 saeculares
1850 2124 1996 2158 fugientes
2011 2133 2113 2152 secum
2128 2130 2265 2161 exporta-

1253 2169 1357 2200 verint,
1374 2174 1487 2204 praeter
1498 2171 1628 2206 ipsorum
1644 2180 1798 2199 assensum
1817 2173 1941 2200 retinere
1952 2174 2066 2202 audeat.
2078 2175 2204 2209 ——(R.so.
2222 2175 2264 2208 17,

1252 2218 1272 2245 f.
1292 2218 1340 2245 137
1363 2225 1408 2250 v0;
1426 2227 1493 2247 anu.
1513 2219 1577 2252 vll,
1595 2229 1621 2247 c.
1639 2221 1707 2255 497;
1724 2236 1757 2241 -—
1774 2221 1921 2249 Pornnsr
1935 2222 2026 2255 9385.)

1296 2332 1309 2347 α
1333 2321 1467 2350 ..abbati
1482 2327 1508 2351 et
1524 2330 1577 2351 con
1585 2324 1689 2352 ventui
1702 2324 1736 2352 de
1748 2324 1903 2359 Pruliaco,
1917 2325 2124 2356 Cisterciensis
2133 2327 2263 2364 ordinis,

1252 2373 1435 2404 Senonetzsis
1457 2375 1592 2405 diocesis.
1616 2376 1663 2406 Ex
1687 2381 1778 2415 parte
1801 2382 1913 2408 vestra
1931 2394 1979 2407 —-.
2004 2379 2078 2409 Dat.
2098 2380 2265 2416 Laterani,

1253 2427 1286 2457 ΙΙ
1302 2427 1464 2458 kalendas
1482 2428 1655 2466 februarii,
1675 2438 1763 2460 anno
1779 2431 1930 2469 septimo.
1951 2443 1964 2458 ι»

1327 2615 1347 2642 Ι
1356 2614 1442 2643 ’246

1289 2675 1410 2710 Narj0to
1426 2676 1462 2703 de
1478 2676 1606 2709 Totinco,
1624 2677 1768 2712 quondam
1783 2677 1876 2704 balivo
1893 2677 2010 2713 Imperii
2027 2678 2199 2713 Romaniae,
2217 2682 2266 2716 qui

1254 2732 1305 2759 pro
1323 2726 1440 2760 negotio
1461 2726 1593 2760 ejusdem
1615 2726 1732 2761 Imperii
1757 2727 1863 2753 multos
1885 2727 1998 2754 labores
2017 2728 2145 2755 subierat
2167 2734 2195 2756 et
2215 2738 2267 2757 ex-

1253 2781 1371 2808 pensas,
1388 2774 1522 2801 concedit
1539 2778 1568 2801 ut
1584 2774 1680 2801 nullus
1695 2775 1723 2801 in
1741 2783 1893 2809 personam
1909 2777 1974 2810 ejus
1990 2778 2267 2806 excommunicatio-

1253 2822 1299 2849 nis
1315 2826 1344 2849 et
1358 2822 1386 2849 in
1404 2825 1508 2849 terram
1526 2824 1592 2857 ejus
1608 2823 1750 2850 interdicti
1772 2824 1933 2850 sententias
1948 2824 2052 2852 audeat
2070 2827 2265 2862 promulgare.

1252 2870 1382 2904 —<Rso.
1400 2871 1441 2904 17,
1459 2871 1478 2899 s.
1498 2872 1545 2899 137
1564 2877 1607 2903 v⁰;
1624 2880 1691 2899 ann.
1709 2871 1775 2904 VII,
1792 2880 1818 2899 c.
1836 2872 1909 2905 498.)

1809 2615 1924 2648 Lati-an,
1941 2617 1975 2644 ‘23
1987 2618 2101 2652 janvier
2116 2618 2192 2647 1234.

1298 2983 1310 2999 ε(
1328 2973 1428 3003 Nobili
1442 2975 1509 3003 viro
1520 2974 1644 3012 NarJ'oto
1659 2973 1692 3003 de.
1708 2974 1836 3005 Totiaco.
1855 2975 2009 3012 quondam
2023 2976 2122 3006 balivo
2137 2978 2267 3016 Imperii
