2498 3242
260 286 336 317 1023

260 354 303 384 tis
331 363 366 383 ac
392 353 460 383 illis
479 354 524 383 de
550 354 632 392 ipsis
658 355 790 393 juribus
816 355 890 385 sitis
915 356 1112 394 respondere
1142 355 1260 394 parati.

261 406 368 442 Quare
386 406 447 436 suit
467 416 524 444 pro
547 407 640 437 vobis
664 407 759 437 nobis
779 407 952 438 humiliter
973 408 1194 446 supplicatum
1209 412 1260 444 ut,

260 467 334 489 cum
355 464 487 496 propter
507 458 566 488 hoc
588 459 700 489 eedem
718 459 856 490 ecclesie.
876 460 996 490 debitis
1016 460 1186 499 obsequiis
1207 461 1263 492 de-

260 511 458 541 fraudentur
474 516 502 540 et
522 511 614 541 vobis
637 512 986 552 magnunrimmineat
1011 513 1261 550 detrimentum,

260 563 431 601 providere
449 573 547 601 snper
567 564 631 594 hiis
655 565 915 595 misericorditer
935 566 1158 603 dignaremur.
1181 568 1264 597 Ves-

261 616 321 645 tris
335 616 437 653 igitur
454 616 752 655 supplicationibus
768 617 948 655 benignum
968 619 1195 657 impertientes
1212 628 1265 649 as-

261 676 411 697 sensum.
431 669 635 706 presentium
660 669 753 699 robis
777 671 971 701 auctoritate
997 671 1208 701 concedimus
1229 676 1265 702 ut

260 720 449 760 hujusmodi
464 730 622 759 personas
637 722 772 752 idoneas
789 723 925 761 prestitis
944 723 1129 753 diocesanis
1144 725 1183 754 ad
1197 734 1265 755 eas-

261 773 335 803 dem
352 773 508 803 ecclesias
527 774 620 803 vohis
642 774 735 804 liceat
757 780 961 813 presentare,
983 776 1158 807 dummodo
1181 778 1265 808 dicte

262 825 399 855 ecclesie
418 826 545 855 nullum
562 827 726 856 desectum
746 828 779 856 in
801 828 923 857 divinis
945 830 1062 858 officiis
1080 830 1263 867 patiantur,

262 882 291 908 et
309 878 347 908 de
365 879 536 916 premissis
554 880 686 917 juribus
703 880 834 910 faciatis
850 880 994 910 locorum
1017 882 1180 920 episcopis
1197 883 1266 921 ple—

263 930 355 960 narie
377 931 579 969 responderi.
604 932 696 961 Nulli
718 942 794 970 ergo
820 935 1181 965 nostre-concessionis
1204 940 1264 965 etc.

263 982 296 1012 si
314 982 388 1020 quis
406 988 514 1012 nutent
532 988 592 1013 etc.
614 985 686 1014 Dat.
705 986 876 1015 Laterani.
894 985 1004 1015 idibus
1024 987 1155 1024 aprilis,
1179 997 1266 1018 anno

260 1040 384 1065 octavo.
405 1047 417 1060 n

335 1206 449 1234 ¹825

298 1267 414 1294 Eisdem
435 1268 563 1303 indulget
586 1273 613 1294 ut
629 1270 838 1305 archicpiscopi
851 1293 857 1303 ‚
874 1273 1002 1307 episcopi
1019 1273 1109 1299 etalii
1130 1275 1266 1301 ecclesia-

262 1324 323 1342 runi
337 1316 452 1351 praelati
466 1318 492 1343 in
507 1318 639 1344 ecclesiis
656 1327 728 1352 quas
740 1320 793 1354 ipsi
808 1321 910 1347 fratres
922 1321 1075 1353 habebant,
1088 1331 1122 1348 eo
1139 1326 1267 1350 tantum-

262 1365 346 1390 modo
367 1371 424 1390 sint
442 1367 507 1398 jure
529 1368 671 1397 contenti,
695 1367 770 1401 quod
793 1368 831 1394 illi
852 1373 879 1395 et
895 1370 1006 1396 illorum
1027 1371 1267 1404 praedecessores

869 1210 980 1242 Latran,
999 1211 1013 1236 S
1029 1211 1099 1237 avril
1119 1212 1193 1238 1234.

260 1414 295 1440 ab
321 1414 393 1448 ipsis
420 1415 554 1441 tratribus
580 1421 607 1441 et
633 1418 760 1450 ipsorum
788 1417 1061 1451 praedecessoribus
1091 1420 1265 1452 habuerant;

261 1463 336 1496 quod
353 1463 377 1488 si
394 1463 432 1488 illi
457 1463 579 1496 amplius
602 1472 636 1489 ex
656 1465 741 1491 dictis
762 1466 894 1492 ecclesiis
914 1472 1011 1501 petere
1034 1469 1077 1494 vel
1096 1472 1266 1503 extorquere

262 1510 471 1536 contenderint.
492 1511 533 1536 cis
550 1511 575 1536 id
593 1512 674 1537 liceat.
689 1514 858 1539 auctoritate
877 1513 960 1539 Sedis
976 1515 1161 1549 Apostolicae
1177 1516 1266 1543 dene-

263 1565 340 1592 gare.
359 1573 390 1577 —
408 1558 489 1587 tl'oeo.
511 1560 550 1585 17.
569 1560 586 1585 s.
608 1559 653 1585 lT-'i
671 1567 714 1592 v⁶;
731 1569 797 1586 ann.
817 1560 896 1593 VIII,
915 1570 940 1588 c.
957 1562 1011 1594 34.)

304 1672 316 1685 «ι
343 1660 472 1688 Eisdem.
495 1662 579 1690 Ante
608 1660 719 1690 oculos
749 1662 870 1692 mentis
900 1681 945 1691 —.
990 1665 1063 1694 Dat.
1094 1666 1264 1703 Laterani,

259 1713 306 1742 VI
322 1712 395 1741 idus
410 1712 535 1750 asu-ilis.
554 1722 640 1742 anno
656 1719 780 1744 octavo.
801 1727 813 1741 n

332 1891 446 1918 ¹826

293 1951 418 1978 Henrico
431 1953 465 1979 de
482 1953 590 1979 Sei-bon
599 1954 629 1988 [a]
649 1954 793 1988 significat
808 1963 840 1981 se
857 1956 882 1982 ei
897 1957 1067 1983 confirmare
1083 1959 1261 1986 collationem

851 1893 963 1926 Latran,
984 1895 1012 1921 Π
1027 1896 1098 1922 avril
1118 1896 1192 1923 1231.

256 2002 311 2036 ipsi
331 2002 364 2027 ab
381 2002 517 2036 episcopo
536 2002 690 2029 Parisiensi
708 2004 810 2030 factam
827 2004 862 2031 de
883 2006 1044 2039 praebenda
1061 2010 1128 2034 tunc
1145 2013 1263 2035 vacante

256 2051 283 2076 in
301 2051 425 2076 ecclesia
442 2050 538 2077 Sancti
557 2051 681 2078 Marcelli
700 2052 881 2080 parisiensis.
903 2069 934 2074 -
953 2054 1036 2087 (ste-0.
1058 2056 1098 2088 17,
1116 2056 1134 2082 f.
1154 2057 1202 2084 175
1219 2063 1261 2084 r⁰2

256 2098 418 2125 ann.Y111.
438 2108 463 2126 (⁸.
482 2100 530 2131 :3:3;
549 2114 582 2119 —
600 2099 922 2133 ›tonm01189,f.28.)

327 2200 456 2229 lim-rico
472 2201 504 2227 [lx
522 2202 658 2235 Sci-bom,
676 2203 822 2231 canonico
839 2203 946 2232 Sancti
960 2204 1097 2233 Marcelli
1108 2206 1262 2235 Parisien-

253 2254 304 2281 sis.
318 2252 399 2282 Cum
413 2252 489 2281 olim
504 2252 695 2282 KYillelnius
709 2253 861 2284 clericus.
877 2254 1145 2287 Constantiensis
1157 2258 1261 2289 dioce-

254 2305 315 2334 sis.
339 2314 438 2342 sup-:r
458 2305 645 2342 provisione
669 2315 727 2335 sua
746 2311 811 2335 tam
830 2307 870 2335 ad
886 2308 1109 2339 venerabilem
1126 2310 1258 2341 fratrem

253 2361 401 2386 nostrum
419 2380 438 2385 ..
458 2358 681 2387 I'arisiensem
696 2359 885 2396 episcopum
899 2369 996 2398 quam
1015 2361 1054 2390 ad
1070 2367 1259 2393 executores

253 2418 351 2447 super
367 2409 426 2438 hot·
445 2410 615 2447 deputatos
634 2410 756 2440 eitlmn.
776 2412 861 2449 quod
883 2422 956 2441 eum
978 2413 1011 2442 in
1028 2413 1139 2453 aliqua
1156 2416 1259 2446 eccle-

251 2462 376 2491 siarum
393 2462 537 2491 civitatis
565 2462 613 2491 vel
634 2463 774 2493 diocesis
799 2464 1000 2495 Parisicnsis
1022 2466 1055 2494 in
1076 2468 1211 2497 fratrem
1229 2475 1256 2497 et

251 2515 446 2544 canonicum
464 2516 565 2553 recipi
585 2525 620 2545 ac
637 2516 853 2554 prebendam,
875 2526 972 2555 quam
990 2519 1054 2548 cito
1069 2530 1101 2547 st·
1119 2520 1258 2551 facultas

249 2567 392 2596 offerret.
415 2567 477 2596 sibi
497 2568 643 2597 facerent
661 2568 837 2605 assignari.
857 2578 873 2598 a
890 2570 985 2599 nobis
1003 2570 1129 2600 litteras
1148 2581 1258 2610 repor-

250 2619 336 2654 tarit,
355 2628 413 2648 nos
426 2620 556 2649 tandein
572 2620 771 2658 prebendam
783 2621 817 2650 in
833 2621 973 2651 ecclesia
987 2623 1099 2652 Sancti
1111 2624 1255 2655 Marcelli

249 2672 452 2702 Parisiensis
473 2673 628 2710 primitus
652 2677 856 2707 vacaturam,
877 2674 916 2703 ad
940 2674 1133 2705 instantiam
1151 2677 1257 2714 ipsius

247 2723 422 2754 willelmi.
446 2725 614 2754 donationi
633 2730 758 2761 nostre,
777 2727 1010 2756 conserendam
1031 2737 1170 2765 persone
1186 2729 1257 2759 ido—

248 2785 324 2806 nee.
346 2777 498 2806 duximus
518 2778 767 2814 1··;servandam;
793 2779 850 2808 sed
870 2779 1036 2817 prebenda
1059 2790 1121 2819 que
1144 2781 1178 2810 in
1204 2791 1256 2811 ec-

247 2829 348 2859 clesia
371 2830 440 2868 ipsa
463 2830 568 2868 primo
592 2831 735 2866 vacavit,
755 2831 815 2860 tibi
839 2831 1008 2861 abeodem
1025 2833 1191 2872 episcopo,
1217 2835 1257 2864 ad

247 2892 343 2921 quent
361 2883 394 2911 in
415 2892 451 2912 ea
469 2884 711 2921 pr·:ln·[nlarn1n
731 2883 862 2914 collatio
877 2885 1035 2922 pertinet,
1057 2890 1105 2915 est
1125 2886 1254 2916 collata.

245 2935 313 2965 Nos
332 2935 444 2973 igitur,
465 2936 530 2965 tuis
548 2936 847 2974 :supplicationibus
863 2937 1027 2972 inclinati,
1045 2937 1254 2969 collationem

983 290 1222 321 Rnfflsrnsss
1243 290 1299 320 DE
1321 282 1544 322 GREGOIRE
1566 292 1626 323 rx.

1345 355 1537 395 hujusmodi
1557 357 1595 388 de
1614 358 1751 397 speciali
1773 359 1880 397 gratia
1900 364 2007 390 ratam
2027 364 2058 391 et
2079 365 2206 399 gratam
2226 362 2354 393 haben·
2400 402 2406 405 .

2278 296 2354 327 1024

1345 412 1411 444 tes,
1438 409 1618 447 predictam
1645 411 1845 450 prehendam
1871 412 1931 442 tibi
1953 413 2148 445 auctoritate
2174 414 2355 453 apostolica.

1345 461 1579 492 confirmamus
1599 467 1630 493 et
1649 464 1814 501 presentis
1833 465 1948 504 scripti
1969 466 2153 504 patrocinio
2169 467 2355 497 communi-

1345 522 1419 543 mus
1449 532 1497 543 —.
1530 515 1604 544 Dat.
1641 515 1813 551 Laterani,
1849 517 1912 547 XV
1940 517 2099 548 kalendas
2128 518 2225 554 maii,
2267 527 2354 549 anno

1345 570 1469 596 octavo.
1489 579 1502 593 ν)

1421 752 1536 780 ἱδῖἵ
1938 753 2050 786 Lati-an,
2070 755 2100 780 17
2116 754 2186 781 avril
2204 754 2281 781 1234.

1385 812 1527 847 Episcopo
1551 813 1708 840 Parisiensi
1736 816 1833 840 notum
1860 814 1929 842 facit
1952 822 1983 841 se
2005 815 2177 842 sententiam
2199 815 2353 851 Olttonisl‚

1349 860 1445 887 Sancti
1460 860 1568 887 Nicolai
1582 860 1609 888 in
1624 861 1746 888 Carcere
1757 862 1886 889 Tulliano
1902 862 2014 890 dlaconi
2029 863 2192 896 cardinalis,
2205 863 2354 891 Willelmo

1350 909 1485 936 Lexoartli
1508 909 1623 942 clerico,
1649 909 1881 938 Constantiensis
1903 911 2058 944 dioecesis,
2080 919 2168 946 super
2191 912 2356 947 provisione

1349 957 1492 987 beneficii,
1511 961 1575 992 post
1592 958 1695 993 longos
1710 967 1877 993 processus,
1890 960 2036 986 silentium
2052 961 2237 994 imponentis,
2249 960 2356 988 confir-

1349 1014 1436 1032 mare.
1453 1021 1484 1025 —
1501 1006 1585 1039 (Rea.
1604 1008 1646 1040 17,
1664 1007 1682 1033 f.
1702 1007 1751 1033 175
1769 1013 1809 1040 r⁰;
1827 1015 1893 1034 ann.
1913 1007 1993 1040 VIII,
2008 1016 2033 1035 c.
2052 1008 2108 1041 36.)

1391 1120 1402 1133 t(
1431 1131 1450 1136 ..
1475 1109 1608 1146 episcopo
1631 1109 1812 1138 Parisiensi.
1834 1109 1918 1139 Cum
1942 1108 2021 1139 olim
2046 1118 2144 1148 super
2168 1109 2357 1148 provisione

1348 1160 1513 1190 &villelmi
1543 1161 1703 1190 Lexoardi
1735 1160 1868 1196 clerici,
1896 1161 2164 1192 Constantiensis
2193 1161 2354 1198 diocesis,

1350 1217 1415 1242 tani
1444 1213 1484 1242 ad
1509 1217 1539 1243 te
1566 1222 1664 1251 quam
1692 1213 1732 1243 ad
1757 1217 1946 1244 executores
1977 1223 2075 1252 super
2100 1213 2161 1244 hoc
2185 1214 2357 1252 deputatos

1349 1266 1467 1297 eidem,
1486 1265 1634 1296 diversas
1652 1265 1780 1296 litteras
1796 1266 2018 1301 misissemus,
2035 1266 2137 1296 iidem
2154 1271 2356 1304 executores,

1350 1318 1541 1348 mandatum
1562 1318 1779 1356 apostolicum
1795 1319 1912 1357 exequi
1929 1319 2110 1357 cupientes,
2131 1318 2261 1349 dilectis
2276 1318 2357 1350 filiis

1350 1371 1494 1409 capitulo
1519 1370 1657 1401 ecclesie
1680 1371 1793 1401 Sancti
1817 1371 1965 1402 Marcelli
1990 1371 2208 1408 Parisiensis‚
2234 1371 2269 1401 in
2291 1379 2358 1412 qua

1350 1424 1471 1453 dicitur
1488 1424 1527 1453 ad
1543 1427 1574 1453 te
1591 1428 1738 1462 spectare
1754 1423 1884 1454 collatio
1898 1424 2151 1463 prebendarum,
2171 1424 2241 1454 suis
2258 1424 2357 1455 dede-

1349 1482 1427 1506 runt
1440 1477 1561 1507 litteris
1575 1477 1610 1506 in
1625 1477 1790 1507 mandatis
1803 1481 1839 1507 ut
1854 1477 1905 1507 vel
1918 1486 1994 1508 eum
2006 1478 2100 1516 Juxta
2114 1478 2255 1507 formam
2266 1487 2357 1508 man-

1349 1530 1415 1559 dati
1433 1529 1604 1568 apostolici
1625 1530 1826 1568 reciperent,
1846 1529 1898 1559 vel
1914 1534 2003 1560 certa
2023 1530 2075 1560 die
2095 1530 2129 1559 in
2153 1539 2265 1560 eorum
2282 1540 2357 1569 pre-

1349 1583 1468 1618 sentia,
1483 1582 1651 1612 ostensuri
1668 1592 1768 1621 quare
1784 1582 1819 1611 id
1835 1582 1960 1612 nollent
1972 1583 2092 1618 facere,
2110 1588 2354 1621 comparerent;

1349 1644 1414 1674 qua
1430 1635 1482 1665 die
1502 1639 1566 1665 tam
1584 1635 1729 1673 ipsorum
1748 1639 1958 1673 procuratore
1975 1644 2074 1674 quam
2092 1640 2146 1666 tuo
2163 1645 2356 1674 comparen-

1349 1688 1437 1717 tibus
1458 1696 1567 1717 coram
1591 1688 1655 1722 eis,
1683 1687 1769 1716 idem
1794 1687 2002 1722 Willelmus,
2026 1684 2299 1728 proposito'quod
2319 1689 2356 1718 in

1348 1740 1494 1778 ipsorum
1513 1744 1722 1769 executorurn
1740 1740 1907 1777 presentia
1922 1740 1976 1778 jus
1993 1749 2089 1769 suum
2104 1741 2260 1779 prosequi
2282 1740 2356 1771 nol-

1347 1793 1392 1823 let
1405 1793 1557 1828 ulterius,
1572 1793 1729 1823 iteratum
1745 1792 1785 1821 ad
1801 1801 1860 1822 nos
1874 1792 2018 1822 decrevit
2033 1792 2155 1822 habere
2170 1801 2351 1823 recursum.

1347 1846 1497 1884 Cumque
1519 1854 1617 1883 super
1636 1845 1698 1875 hoc
1714 1845 1843 1875 diverse
1861 1844 1971 1874 littere
1988 1845 2132 1875 fuissent
2150 1845 2190 1875 ad
2207 1845 2355 1876 diversos

1343 1898 1473 1937 jndices
1489 1899 1673 1936 impetrate,
1693 1898 1840 1933 demum,
1860 1898 1959 1927 finem
1975 1897 2091 1928 litibus
2111 1898 2282 1936 imponere
2297 1907 2356 1929 cu-

1345 1951 1486 1990 pientes,
1508 1951 1673 1989 prefatum
1695 1951 1865 1988 negotium
1889 1950 1928 1980 ad
1951 1954 2097 1980 nostram
2120 1950 2273 1981 duximus
2295 1960 2355 1981 au-

1346 2005 1506 2035 dientiam
1531 2004 1769 2039 revocandum,
1798 2007 1829 2033 et
1856 2003 2046 2033 constitutis
2075 2003 2115 2033 oh
2148 2003 2210 2033 hoc
2238 2007 2294 2033 tuo
2323 2007 2355 2034 et

1347 2058 1494 2097 ejusdem
1508 2056 1644 2095 capituli
1657 2056 1862 2094 procuratori
1876 2057 1886 2076 ¹
1905 2055 2108 2085 sufficienter
2124 2055 2298 2090 instructo,
2315 2064 2354 2085 ex

1346 2115 1437 2149 parte
1461 2119 1545 2145 una,
1578 2114 1607 2139 et
1635 2109 1742 2139 eidem
1766 2108 1953 2144 WVillelmo,
1982 2117 2020 2138 ex
2049 2108 2167 2144 altera,
2197 2107 2354 2138 dilectum

1345 2163 1451 2193 filium
1472 2166 1622 2192 nostruin
1639 2162 1689 2196 O.,
1708 2162 1820 2191 Sancti
1836 2161 1966 2191 Nicolai
1982 2161 2015 2190 in
2041 2161 2181 2192 Carcere
2199 2160 2354 2191 Tulliano

1344 2216 1519 2245 diaconum
1538 2214 1755 2249 cardinalem,
1777 2214 2003 2244 concessimus
2022 2213 2217 2243 auditorem.
2234 2213 2354 2244 Coram

1345 2278 1408 2307 quo
1432 2269 1518 2298 idem
1544 2271 1737 2306 procurator
1760 2267 1848 2296 inter
1872 2266 1937 2296 alia
1962 2266 2153 2305 excipiendo
2181 2267 2353 2305 proposuit

1344 2321 1441 2360 quod,
1463 2330 1536 2350 cum
1553 2320 1623 2359 ipse
1648 2319 1854 2354 Willelmus,
1875 2322 2018 2357 tempore
2035 2328 2098 2358 quo
2118 2319 2242 2357 primas
2264 2319 2306 2349 ad
2319 2322 2352 2350 te

1344 2382 1442 2411 super
1458 2372 1646 2411 provisione
1668 2380 1729 2401 sua.
1750 2371 1878 2401 litteras
1899 2371 2043 2400 obtinuit
2059 2370 2255 2409 apostolicas
2276 2371 2351 2402 des-

1342 2426 1455 2460 tinari,
1471 2425 1562 2455 alind
1576 2424 1786 2459 beneficium,
1800 2424 1838 2453 de
1850 2432 1914 2462 quo
1931 2424 1965 2453 in
1981 2423 2102 2454 litteris
2119 2423 2202 2462 ipsis
2212 2424 2350 2454 mentio-

1342 2488 1417 2508 nem
1436 2488 1501 2508 non
1520 2479 1653 2513 fecerat,
1671 2476 1854 2510 habuisset,
1875 2476 2060 2506 litterarum
2083 2476 2241 2515 ipsarum,
2261 2476 2350 2506 veri-

1342 2535 1406 2561 tate
1423 2531 1522 2561 tacita
1538 2530 1757 2564 obtentarum,
1780 2529 1921 2567 gaudere
1937 2528 2098 2559 beneficio
2114 2537 2180 2559 non
2196 2529 2346 2560 debehat.

1341 2584 1430 2614 Idem
1457 2592 1532 2613 vero
1560 2583 1700 2613 clericus
1725 2591 1762 2611 ex
1789 2581 1926 2611 adverso
1950 2581 2120 2619 respondit
2143 2581 2245 2620 quod,
2270 2581 2349 2612 licet

1341 2637 1453 2667 eodem
1478 2641 1621 2674 tempore
1647 2634 1844 2664 beneficium
1871 2633 2132 2664 curam'habens
2159 2634 2347 2664 animarum

1340 2698 1513 2724 annexam,
1531 2698 1591 2718 nec
1612 2687 1771 2718 excedens
1792 2687 1890 2716 trium
1904 2687 2065 2716 librarum
2082 2691 2112 2716 ct
2130 2687 2266 2717 dimidie
2283 2687 2347 2718 Ge-

1340 2741 1553 2771 nornancnsis
1576 2744 1706 2770 monete
1721 2739 1914 2774 valentiani,
1936 2739 2116 2774 obtineret,
2135 2739 2213 2777 quia
2235 2743 2345 2769 tamen

1371 2860 1391 2884 1.
1409 2862 1458 2883 Ms.
1476 2869 1482 2883 .-
1496 2862 1688 2889 procuratore.
1705 2858 1744 2882 La
1758 2859 1836 2889 locon
1851 2860 2034 2887 procuratore
2050 2864 2084 2881 ne
2101 2860 2166 2888 peut
2181 2863 2211 2881 so
2232 2857 2344 2881 mainte-

1338 2905 1381 2927 nir
1396 2911 1449 2934 que
1468 2904 1490 2927 si
1511 2903 1565 2927 l'on
1581 2903 1685 2933 change
1701 2904 1791 2926 eidem
1812 2903 1951 2925 Willelmo
1968 2907 2003 2924 en
2018 2902 2115 2925 eodem
2134 2902 2288 2931 Willelmo,
2307 2907 2342 2925 en

1339 2949 1462 2978 ajoutant
1477 2948 1516 2971 eis
1533 2954 1568 2970 ou
1585 2948 1692 2970 eisdem
1708 2946 1809 2970 devant
1827 2946 2030 2969 concessimus.
