2498 3242
564 599 843 655 INCIPIT
881 600 1293 656 REGESTUM
1332 600 1611 657 OCTAVI
1650 603 1843 657 ANNI

152 839 658 943 DOMINI
748 842 1418 945 GREGORH
1499 845 1853 945 PAPE
1938 847 2256 946 VIIII

221 1507 337 1537 1839
733 1506 849 1542 Latran,
862 1507 896 1534 22
912 1515 990 1535 mars
1009 1507 1088 1536 1234.

179 1571 353 1606 Magistrum
373 1573 403 1597 et
422 1570 526 1597 fratres
546 1569 699 1604 hospitalis
720 1569 819 1598 Sancti
840 1570 981 1598 Auxentii
999 1570 1157 1606 Anagnini,

143 1619 232 1656 quod,
249 1619 383 1646 Johanne
399 1617 451 1651 IV,
469 1619 607 1654 episcopo
625 1618 791 1653 Anagnino,
808 1619 865 1654 ipsi
881 1618 1034 1655 Gregorio,
1047 1623 1117 1647 tunc
1131 1620 1160 1647 in

141 1669 246 1696 minori
271 1668 364 1695 officio
388 1668 558 1701 constituto,
587 1667 743 1694 ecclesiam
768 1667 867 1695 Sancti
893 1667 1034 1695 Auxentii
1060 1668 1160 1696 eonfe-

141 1721 235 1751 rente,
260 1717 324 1752 ipse
348 1716 509 1752 Gregorius
531 1720 746 1749 construxerat,
769 1717 824 1743 sub
851 1717 928 1744 beati
953 1716 1032 1744 Petri
1055 1721 1084 1744 et
1106 1725 1161 1745 sua

143 1766 323 1802 protectione
341 1765 482 1800 suscipit,
499 1767 528 1791 et
544 1772 645 1791 eorum
665 1764 885 1800 possessiones,
900 1773 973 1800 quas
991 1765 1159 1792 nominatim

142 1817 288 1847 recenset,
305 1822 338 1841 ac
354 1813 504 1848 privilegia
520 1813 687 1845 confirmat;
701 1814 810 1840 inserto
822 1814 877 1841 sub
889 1822 942 1841 sua
954 1814 1032 1841 bulla
1043 1814 1159 1841 chartae

143 1863 345 1891 concessionis
361 1862 501 1897 praedicti
517 1862 658 1897 episcopi,
670 1862 716 1889 die
732 1861 849 1888 XXVI·
861 1863 990 1897 augusti,
1007 1871 1082 1890 anno
1099 1862 1160 1889 Do-

145 1913 216 1940 mini
232 1910 381 1939 MCCVHI
396 1911 489 1946 datae,
505 1915 617 1938 tenore.
631 1927 663 1931 —-
680 1911 761 1943 (Rau.
780 1912 823 1945 17,
840 1911 860 1938 s.
879 1912 928 1940 169
941 1917 966 1938 r⁰
978 1921 984 1943 3
998 1920 1065 1940 ann.
1077 1911 1160 1944 VIII,

145 1970 171 1990 c.
190 1962 275 1993 1;—
290 1960 410 1988 Monam
428 1960 506 1993 1189,
522 1960 542 1988 f.
560 1961 597 1994 1.)

190 2105 203 2119 <1
235 2115 256 2120 ..
289 2091 434 2129 mayistro
460 2095 485 2119 et
512 2090 665 2126 fratribus
692 2091 851 2128 hospitalis
877 2090 985 2120 Sancti
1014 2091 1163 2119 Auxencic'

148 2145 323 2183 Anaynini,
338 2149 398 2173 tam
413 2144 603 2181 presentibus
619 2152 713 2181 quam
729 2144 857 2179 futuris,
876 2144 1050 2181 reyularem
1063 2144 1162 2172 vitam

146 2198 289 2237 professis
317 2198 347 2226 ι’11
373 2202 567 2235 perpetuum.
596 2196 667 2226 Etsi
696 2195 778 2226 locis
805 2195 974 2226 universis
1000 2213 1048 2224 —.
1076 2196 1163 2226 Sane

148 2249 418 2282 desiderantibus
435 2249 532 2279 nobis
548 2248 643 2284 olim,
662 2249 740 2279 dum
759 2249 867 2279 adhuc
882 2248 918 2278 in
934 2249 1056 2279 minori
1073 2257 1164 2279 esse-

147 2313 222 2334 mus
239 2303 346 2334 officio
358 2302 569 2341 [constituti],
588 2302 674 2341 apud
690 2301 866 2332 ecclesiam
878 2302 991 2332 Sancti
1004 2302 1163 2332 Auxentii
1204 2315 1205 2318 ¹

147 2356 330 2395 Anagnini,
346 2355 386 2386 ad
397 2355 558 2386 honorem
568 2356 642 2391 Dei,
655 2355 750 2386 beate
758 2355 863 2386 Marie
876 2355 1164 2394 semperVirginis

149 2414 181 2442 et
204 2410 294 2441 beati
315 2409 472 2444 Antonii,
497 2413 527 2439 et
550 2417 734 2447 pauperum
757 2418 793 2439 ac
815 2409 1069 2448 peregrinorum
1090 2408 1164 2439 sub-

149 2463 284 2499 sidium,
298 2464 393 2503 juxta
408 2462 658 2493 Cruciserorum
674 2462 831 2493 instituta
846 2466 1039 2493 construere
1055 2462 1164 2501 hospi-

147 2515 229 2552 tale,
248 2515 451 2547 venerabilis
472 2516 575 2546 frater
597 2520 708 2546 noster
723 2516 768 2551 J„
784 2515 958 2554 episcopus
980 2519 1058 2545 tunc
1078 2516 1164 2545 Ana-

148 2569 288 2609 gninus,
306 2569 392 2599 votis
408 2569 533 2599 nostris
550 2573 642 2606 grato
659 2577 861 2599 concurrens
878 2577 1033 2604 assensu,
1055 2568 1093 2599 de
1112 2569 1165 2599 sui
1206 2579 1207 2587 ¹

148 2631 316 2654 consensu
332 2621 470 2661 capituli
484 2621 580 2652 nobis
595 2621 716 2652 dietam
731 2621 906 2652 ecclesiam
919 2631 993 2652 cum
1009 2621 1165 2653 omnibus
1206 2626 1207 2630 ’

149 2675 365 2715 pertinentiis
387 2674 457 2705 suis
477 2674 610 2705 liberali
632 2675 754 2713 pietate
773 2674 913 2705 contulit
932 2675 967 2704 in
987 2674 1076 2705 hune
1095 2683 1166 2706 mo-

148 2728 246 2762 dum,
266 2732 302 2758 ut
322 2727 463 2758 ecclesia
479 2732 510 2758 et
529 2727 696 2766 hospitale
719 2736 793 2758 cum
814 2728 970 2758 omnibus
991 2728 1163 2764 fratribus,

150 2785 218 2812 tam
234 2781 447 2820 presentibus
464 2790 561 2819 quam
579 2781 717 2816 suturis,
738 2781 795 2819 qui
814 2780 1001 2819 regularem
1018 2781 1166 2812 facerent

149 2835 393 2874 professionem
407 2834 542 2864 ibidem.
558 2833 713 2863 omnibus
730 2834 1000 2864 immunitatibus
1017 2839 1047 2865 et
1065 2834 1166 2865 liber-

151 2887 276 2918 tatibus
297 2887 479 2925 gauderent
495 2890 669 2925 perpetuo,
689 2895 753 2925 que
774 2887 997 2925 predictorum
1014 2887 1165 2919 (31116116-

152 2949 265 2971 10111111
294 2939 441 2978 regulari
465 2939 575 2969 ordini
603 2943 681 2969 sunt
705 2948 872 2971 concesse,
900 2940 951 2970 vel
978 2940 1165 2979 privilegiis

1242 1508 1470 1538 Romanorum
1486 1508 1687 1538 Pontificum
1704 1509 1914 1545 confirmate,
1935 1510 2037 1542 salvis
2054 1512 2119 1542 sibi
2135 1517 2167 1543 et
2182 1522 2258 1544 suc-

1243 1560 1433 1591 cessoribus
1450 1561 1521 1590 suis
1537 1561 1698 1591 canonica
1713 1562 1864 1600 portione
1880 1565 2139 1595 mortuariorum
2155 1571 2187 1596 et
2205 1567 2256 1598 de-

1243 1613 1462 1643 cimationum
1472 1613 1691 1652 parrochiano
1697 1623 1770 1644 rum
1780 1614 1925 1651 illorum,
1939 1626 2022 1655 quos
2035 1617 2043 1646 i
2048 1627 2107 1655 psa
2117 1618 2259 1650 ecclesia

1243 1669 1389 1704 tempore
1405 1665 1506 1705 hujus
1525 1666 1752 1697 concessionis
1768 1667 1925 1704 habebat,
1949 1673 1980 1699 et
1996 1669 2031 1699 in
2049 1671 2135 1701 festo
2152 1672 2258 1702 sancti

1241 1718 1401 1749 Auxentii
1419 1727 1486 1749 uno
1502 1718 1616 1749 lumbo
1631 1719 1722 1758 porci
1741 1719 1793 1750 vel
1809 1729 1865 1751 sex
1883 1721 1983 1752 tineis
2000 1723 2098 1753 annis
2115 1724 2257 1763 singulis

1243 1771 1452 1806 exhibendis,
1477 1776 1509 1802 et
1536 1773 1707 1803 canonicis
1732 1774 1920 1812 Anagninis
1945 1775 2119 1807 duodecim
2141 1787 2259 1816 prove-

1244 1825 1416 1855 niensium
1446 1834 1558 1855 annua
1587 1826 1760 1864 pensione.
1791 1827 2005 1866 Sepulturam
2035 1839 2165 1869 quoque
2195 1831 2258 1862 loci

1243 1878 1384 1917 predicti
1406 1877 1548 1908 liberam
1570 1888 1643 1909 esse
1664 1880 1839 1915 concessit,
1863 1881 1955 1911 salva
1970 1882 2104 1921 justitia
2123 1884 2258 1915 illarum

1244 1930 1462 1961 ecclesiarum
1479 1940 1498 1961 a
1513 1931 1635 1970 quibus
1652 1937 1858 1963 mortuorum
1875 1943 2012 1973 corpora
2028 1943 2256 1968 assumuntur.

1202 2005 1203 2015 1
1243 1983 1374 2014 Crisma
1390 1993 1482 2019 vero,
1501 1984 1611 2015 oleum
1628 1990 1796 2018 sanctum,
1816 1988 2084 2019 consecrationes
2101 1990 2257 2021 altarium

1244 2046 1304 2067 seu
1320 2037 1548 2073 basilicarum,
1567 2042 1598 2068 et
1614 2038 1841 2069 ordinationes
1861 2039 2058 2071 clericorum
2075 2043 2132 2081 qui
2149 2043 2189 2072 ad
2206 2053 2259 2074 sa-

1244 2098 1316 2120 cros
1333 2090 1468 2120 ordines
1484 2090 1611 2120 fuerint
1622 2092 1847 2129 promovendi,
1862 2092 1902 2122 ab
1915 2093 2069 2133 'episcopo
2081 2096 2258 2133 Anagnino

1244 2142 1423 2181 recipient,
1443 2143 1471 2173 si
1492 2152 1530 2173 ea
1551 2148 1667 2182 sponte
1683 2154 1719 2174 ac
1736 2145 1808 2175 51116
1825 2146 1987 2184 pravitate
2004 2147 2145 2178 voluerit
2165 2149 2258 2179 exhi-

1244 2195 1339 2231 bere3
1366 2196 1515 2236 alioquin
1539 2206 1556 2227 a
1580 2206 1788 2237 quocumque
1814 2198 1993 2230 maluerint
2017 2201 2169 2240 episcopo
2192 2203 2257 2233 sibi

1243 2249 1305 2280 hec
1322 2253 1353 2280 et
1369 2249 1435 2279 alia
1452 2255 1661 2281 sacramenta
1675 2251 1900 2282 ecclesiastiea
1914 2254 2143 2286 conferantur:
2160 2256 2258 2286 insti-

1244 2303 1443 2339 tutionibus,
1457 2303 1732 2335 destitutionibus
1747 2309 1778 2335 et
1792 2307 2054 2338 correctionibus
2069 2318 2085 2337 a
2101 2309 2260 2347 magistro

1244 2356 1385 2395 predicti
1399 2356 1527 2387 ordinis
1542 2357 1755 2396 exequendis,
1772 2363 1803 2389 et
1817 2359 1936 2389 ceteris
1951 2370 2014 2399 que
2029 2361 2136 2391 eidem
2150 2362 2260 2393 ordini

1245 2415 1324 2440 sunt
1339 2409 1480 2440 indulta.
1498 2410 1582 2441 Cum
1601 2415 1729 2446 autem,
1748 2412 1843 2441 nobis
1865 2413 2005 2443 eeclesia
2026 2415 2172 2453 predicta
2192 2416 2260 2446 eol-

1246 2461 1323 2498 lata,
1344 2463 1457 2502 ibique
1481 2463 1638 2502 hospitali
1664 2469 1852 2496 constructo
1876 2467 1998 2497 nostris
2020 2468 2207 2507 sumptibus
2229 2474 2260 2500 et

1247 2515 1368 2551 dotato,
1386 2516 1495 2554 ipsam
1508 2526 1583 2547 cum
1596 2517 1710 2548 eodem
1725 2518 1883 2557 hospitali
1898 2524 1929 2550 et
1945 2521 2157 2558 pertinentiis
2175 2522 2256 2553 suis.

1247 2568 1286 2599 de
1301 2573 1391 2599 certa
1407 2569 1558 2606 scientia,
1576 2570 1661 2601 bone
1675 2571 1833 2602 memorie
1848 2573 1888 2602 H.
1905 2582 1997 2611 pape,
2014 2574 2258 2612 predecessoris

1247 2622 1372 2658 nostri,
1405 2623 1531 2653 saniori
1560 2624 1768 2661 postmodum
1794 2625 1884 2654 ducti
1914 2626 2053 2656 consilio
2068 2650 2073 2656 .
2102 2626 2259 2665 hospitali

1247 2675 1514 2706 commiserimus
1541 2676 1746 2715 Altipassus.
1775 2677 1861 2707 idem
1892 2679 2105 2720 predecessor
2135 2685 2256 2712 noster,

1247 2729 1337 2767 piam
1357 2729 1579 2759 intentionem
1601 2734 1747 2760 nostram
1768 2740 1840 2760 esse
1863 2731 2089 2763 considerans.
2108 2732 2259 2764 donatio-

1248 2791 1325 2813 nem
1347 2782 1454 2821 ipsius
1473 2782 1612 2813 ecclesie
1635 2792 1710 2813 cum
1732 2784 1886 2813 omnibus
1908 2785 2120 2823 pertinentiis
2143 2791 2173 2816 et
2196 2787 2259 2816 1111-

1248 2835 1469 2865 munitatibus
1486 2845 1522 2865 ac
1540 2835 1750 2866 libertatibus
1767 2837 1838 2866 suis
1857 2837 1952 2867 nobis
1970 2847 1987 2867 a
2003 2838 2090 2868 (licto
2106 2839 2258 2878 episcopo

1249 2888 1287 2918 de
1302 2888 1538 2918 canonicorum
1555 2898 1690 2918 suorum
1707 2898 1847 2919 assensu
1865 2890 1995 2921 factam.
2012 2890 2110 2920 sicuti
2125 2892 2158 2921 in
2174 2892 2261 2931 ejus-

1247 2940 1322 2971 dem
1339 2941 1484 2980 episcopi
1500 2941 1633 2972 litteris.
1653 2942 1783 2980 proprio
1800 2942 1910 2981 sigillo
1927 2943 2064 2973 munitis
2082 2949 2109 2974 et
2127 2945 2262 2975 canoni-
