2498 3242
203 284 279 315 1029

199 349 345 386 bricato;
360 350 455 389 cujus
468 352 630 388 pret-extu,
645 358 719 380 cum
733 349 866 388 plenam
881 348 1106 386 exceptionem
1119 354 1218 384 super

198 402 376 442 premissis
403 403 592 439 contineat,
621 403 798 443 jamdictas
831 402 976 432 decimas
1006 404 1037 431 et
1068 398 1217 430 redditus

201 454 330 486 solvere
347 455 590 486 contradicunt.
616 455 713 487 Unde
733 455 913 494 postulavit
934 464 952 484 a
971 453 1067 484 nohis
1088 456 1124 482 ut
1139 451 1218 490 [sibi

201 515 302 546 super
326 506 401 546 hoc]
426 507 599 546 providere
624 507 887 538 misericorditer
913 507 1139 545 dignaremur.
1167 505 1217 534 Ne

200 559 306 598 igitur
317 569 355 590 ex
371 560 487 590 fraude
501 564 566 590 tam
581 560 759 590 execrabili
774 569 833 590 sua
844 560 975 600 justitia
990 557 1215 591 defraudetur,

164 641 167 644 Δ
202 613 401 643 mandamus
418 617 599 652 quat-enus,
624 613 749 643 vocatis
773 613 830 652 qui
852 617 984 651 propter
1009 611 1067 641 hoc
1092 609 1219 640 fuerint

204 665 364 696 evocandi
381 669 412 696 et
428 665 559 704 cognita
583 674 682 704 super
704 665 765 696 hoc.
786 665 927 695 sollicite
949 665 1101 695 veritate.
1120 664 1147 694 si
1165 664 1218 693 in-
1258 670 1260 681 ’

202 717 365 748 veneritis
387 717 434 747 ita
460 727 550 754 essey
578 718 682 748 dictos
709 718 860 748 abbatem
889 722 919 747 et
947 721 1145 747 conventum
1178 716 1218 746 ad

203 769 404 800 solutionem
422 770 567 800 debitam
583 770 786 801 decimarum
803 775 834 800 et
852 770 1040 800 reddituum
1058 769 1217 807 predicto-

200 832 287 859 rum,
301 823 484 854 monitione
498 824 672 862 premissa,
686 833 929 862 percensuram
943 823 1215 857 ecclesiasticam,

202 876 424 915 appellatione
452 881 595 913 remota,
629 877 772 915 cogatis,
803 886 858 907 cos
891 877 1132 907 nichilominus
1160 885 1217 914 pro

202 929 360 960 falsitatis
385 929 467 960 vitio
494 931 653 961 canonice
682 931 872 969 punientes.
902 931 976 960 Non
1005 929 1216 960 obstantibus

200 982 378 1021 privilegio
401 983 488 1022 quod
507 992 542 1013 se
562 983 684 1014 hahere
701 988 900 1022 proponunt.
926 988 960 1012 ut
978 982 1090 1013 nullus
1108 986 1217 1020 preter

201 1036 391 1066 Romanum
408 1037 603 1067 Pontificem
621 1037 725 1076 possit
741 1037 776 1066 in
790 1046 846 1067 eos
863 1036 1216 1067 excommunicationis

201 1089 403 1119 sententiam
430 1089 658 1128 promulgare,
693 1094 723 1120 et
750 1090 988 1120 constitutione
1017 1089 1055 1120 de
1087 1089 1215 1119 duabus

200 1141 300 1172 dietis
323 1142 411 1172 edita
435 1143 470 1172 in
496 1143 637 1173 concilio
658 1142 818 1181 generali.
845 1142 938 1179 Quod
961 1143 989 1173 si
1012 1151 1076 1172 non
1100 1151 1215 1173 omnes

201 1198 263 1225 etc.
282 1195 356 1225 Dat.
373 1195 540 1231 Laterani,
559 1196 609 1225 III
626 1204 731 1226 nonas
747 1195 828 1225 maii
840 1196 861 1230 ¹,
881 1204 968 1225 anno
983 1199 1108 1225 octavo.
1127 1207 1139 1221 ι,

277 1339 297 1366 1
307 1338 395 1367 888

237 1399 383 1434 Episcopo
399 1399 609 1434 Tyrasonensi,
627 1404 656 1427 et
673 1401 810 1435 magistro
827 1401 858 1428 P.
876 1402 911 1427 de
928 1401 1059 1427 Albalato
1070 1402 1091 1429 ².
1109 1402 1216 1428 sacris-

202 1452 249 1476 tae
265 1448 416 1481 liei-densi,
434 1452 462 1475 et
477 1448 610 1475 Michaeli
626 1449 661 1475 de
678 1449 861 1481 Montesono,
879 1449 965 1484 priori
981 1450 1016 1475 de
1031 1449 1149 1482 'rudela,
1165 1450 1217 1477 Ti-

201 1497 370 1524 rasonensis
390 1496 550 1529 dioecesis,
568 1497 684 1524 mandat
699 1501 860 1532 quatenus,
878 1498 902 1524 si
920 1496 1217 1532 Caesaraugustensis

201 1545 358 1580 episcopus
379 1545 472 1572 locum
489 1545 640 1581 assignare
657 1554 707 1580 pro
729 1546 926 1572 construendo
943 1547 1119 1573 monasterio
1135 1555 1216 1573 soro-

202 1593 283 1621 ribus
299 1593 410 1621 ordinis
431 1594 522 1621 sancti
538 1593 671 1621 Damiani
691 1594 860 1629 neglexerit,
883 1595 938 1630 ipsi
959 1595 986 1622 id
1008 1599 1214 1630 exsequantur.

198 1656 236 1663 —
256 1642 340 1676 (Rso.
362 1643 412 1675 17,
434 1643 453 1670 f.
474 1643 523 1670 176
544 1648 590 1677 νος
607 1651 675 1671 ann.
693 1642 782 1676 VIII,
799 1651 824 1670 c.
842 1643 892 1675 46;
909 1657 945 1664 —
961 1643 1108 1671 Pomnsr
1123 1644 1216 1678 9448.)

796 1339 910 1371 Lati-an,
932 1339 961 1365 19
977 1340 1047 1366 avril
1068 1339 1142 1366 1234.

241 1743 256 1758 (ι
278 1754 298 1760 ..
317 1732 452 1770 episcopo
470 1733 683 1770 Tyrasonensi‚
700 1737 726 1761 et
739 1733 888 1770 mayistro
904 1733 935 1761 Ρ.
953 1733 987 1762 de
1001 1733 1149 1767 Albulam,
1165 1742 1216 1763 sa-

200 1785 291 1814 criste
312 1785 476 1820 Ilei-densi,
501 1790 526 1814 et
549 1785 693 1814 Michaeli
712 1785 746 1814 de
766 1785 951 1821 Montesono,
971 1787 1076 1824 priori
1097 1786 1131 1815 cle
1155 1787 1216 1815 Tu-

198 1837 280 1873 dela,
306 1838 516 1867 Tirasonensis
543 1837 676 1867 diocesis.
704 1837 740 1868 Si
762 1837 936 1876 episcopus
960 1838 1149 1869 animarum
1164 1857 1213 1868 —.

197 1890 270 1920 Dat.
294 1890 461 1925 Laterani,
478 1890 563 1920 XIII
578 1889 738 1920 kalendas
753 1890 850 1926 maii,
868 1900 956 1921 anno
974 1896 1099 1921 octavo.
1119 1904 1132 1918 »

275 2035 294 2062 1
304 2034 391 2063 889

236 2095 413 2128 FridericuS,
438 2095 636 2123 Romanorum
653 2096 820 2132 imperator,
838 2098 984 2124 universis
1005 2098 1151 2133 significat
1169 2107 1212 2132 se,

201 2145 236 2172 ad
259 2145 414 2172 consilium
435 2144 592 2177 Johannis,
615 2145 786 2172 Sabinensis
806 2146 952 2182 episcopi,
970 2150 998 2173 et
1016 2146 1092 2174 Petri
1109 2147 1144 2174 de
1158 2147 1212 2175 Ca-

198 2203 266 2230 pua,
285 2194 383 2221 Sancti
398 2194 515 2229 Georgii
532 2194 566 2220 ad
585 2193 687 2221 Velum
703 2195 833 2221 Aureum
851 2195 964 2222 diaconi
980 2196 1143 2229 cardinalis,
1163 2205 1215 2224 ne-

199 2243 310 2278 gotium
323 2243 436 2270 illorum
449 2243 484 2269 de
496 2242 675 2275 Lombardia,
690 2243 817 2269 Mai-chia
829 2243 980 2270 Tervisina
991 2248 1019 2270 et
1032 2244 1212 2278 Romaniola,

198 2295 256 2319 tam
273 2300 361 2326 super
377 2291 544 2318 detentione
560 2292 698 2325 regalium
710 2300 794 2327 quam
807 2292 842 2318 de
856 2292 1019 2327 praeteritis
1030 2293 1212 2329 excessibus,

198 2341 359 2376 provisioni
382 2340 494 2367 Summi
521 2340 670 2367 Pontificis
692 2345 721 2367 et
745 2340 893 2367 Ecclesiae
920 2341 1068 2368 Romanae
1093 2343 1214 2369 commi-

197 2389 286 2416 sisse.
311 2403 344 2409 —
367 2388 450 2422 (Rae.
478 2389 517 2420 17,
538 2389 557 2415 f.
585 2388 633 2416 ¹76
654 2394 701 2422 v⁰;
726 2397 792 2415 ann.
818 2388 898 2421 vm,
921 2397 946 2416 c.
971 2390 1020 2421 47;
1039 2404 1072 2410 —
1093 2390 1213 2418 Monam

199 2437 278 2469 1189.
297 2437 316 2465 s.
334 2437 383 2469 33;
401 2453 434 2457 —
451 2437 702 2470 Bonum-Ficum,
721 2439 828 2471 aeyesca
844 2439 968 2472 Imperii,
987 2442 1006 2465 t.
1027 2438 1062 2470 V,
1081 2446 1111 2465 n⁰
1126 2439 1211 2471 204&

196 2501 231 2506 --
247 2487 284 2513 cf.
304 2486 473 2514 Ronsnnsno
491 2487 542 2514 580
553 2487 584 2520 3.)

830 2035 957 2070 Capoue,
975 2037 1045 2063 avril
1065 2037 1140 2064 1234.

240 2587 254 2602 «
274 2575 468 2610 Fridericus,
490 2576 543 2604 Dei
558 2577 662 2613 qrati'a
678 2576 884 2605 Romanorum
900 2577 1077 2614 imperator,
1097 2586 1214 2615 semper

231 2687 252 2712 1.
264 2686 304 2711 La
315 2687 379 2712 dato
392 2689 433 2711 111
448 2694 540 2711 nonas
556 2688 635 2717 maii,
651 2686 737 2711 ecrite
751 2695 798 2711 sur
813 2695 850 2711 un
864 2690 998 2719 grattage,
1012 2688 1114 2713 resulto
1131 2689 1212 2714 d'une

196 2731 364 2756 correction.

228 2775 252 2800 2.
272 2775 305 2800 Et
327 2781 382 2799 non
401 2776 527 2805 Αὸειεη,
544 2782 650 2800 comme
671 2782 706 2800 on
726 2776 757 2799 lit
779 2775 848 2799 dans
868 2776 1008 2804 Potthast;
1027 2779 1154 2801 Albai-ato
1172 2780 1213 2801 est

199 2819 488 2845 vraisemblablement
504 2819 539 2843 ici
554 2826 625 2850 pour
639 2821 776 2850 Aibat-ate,
788 2820 835 2851 qui
847 2824 890 2844 est
904 2821 930 2845 le
946 2828 1009 2845 nom
1026 2822 1060 2846 de
1073 2822 1212 2852 plusieurs

197 2864 279 2889 villes
295 2863 458 2894 d'Espagnc.

230 2907 252 2932 3.
270 2907 438 2938 Rodenberg
453 2907 544 2932 donne
560 2914 615 2932 une
630 2907 728 2939 simple
745 2908 859 2939 analyse
875 2908 909 2933 de
923 2915 954 2933 ce
970 2909 1133 2937 document.
1150 2910 1212 2941 plu-

198 2953 290 2978 sieurs
306 2953 360 2977 sois
374 2952 468 2984 publie
482 2952 557 2984 (voy.
573 2952 834 2983 Bouana-Ficum,
850 2953 930 2984 2042).

1058 271 1276 310 HUITIEME
1299 272 1459 309 ANNEE.

2237 282 2312 313 1030

1298 350 1463 383 anqustiis,
1491 347 1659 376 Jerusalem
1683 351 1708 375 el
1733 346 1839 376 Sicilie
1864 355 1929 375 rear.
1956 347 2020 376 Per
2044 355 2181 385 presens
2206 347 2311 386 scrip-

1299 400 1369 427 tum
1397 415 1447 426 -.
1480 398 1552 428 Dat.
1585 398 1707 438 Capue,
1739 407 1826 428 anno
1855 398 2028 429 Dominice
2065 399 2311 430 Incarnationis

1300 450 1606 486 M⁰CC⁰XXXIIII⁰‚
1624 459 1739 481 mense
1756 450 1865 489 aprili,
1880 451 1943 481 VII
1961 451 2155 483 indictione.
2176 465 2189 479 »

1373 633 1491 662 1890

1335 695 1478 730 Episcopo
1502 695 1652 723 Aeduensi
1675 704 1792 723 causam
1816 697 1971 724 committit
1994 699 2213 725 examinandam
2236 699 2313 726 Wil-

1299 745 1386 777 lelmi,
1404 745 1512 771 domini
1528 744 1563 771 de
1581 744 1728 771 Marennei
1742 746 1786 778 (=
1803 744 1919 780 Marnay
1928 746 1961 778 Ἴ),
1978 746 2310 779 Aeduensisdioecesis,

1300 793 1526 819 misericordiam
1543 793 1730 828 apostolicam
1748 794 1910 820 invocantis
1926 802 2015 828 super
2031 802 2064 821 eo
2079 795 2154 829 quod
2170 804 2235 822 cnm
2255 795 2310 822 Da·

1299 850 1376 867 mera
1407 842 1535 869 muliere.
1563 841 1758 875 Lingonensis
1782 842 1942 871 dioecesis,
1973 843 2110 875 ignorans
2140 844 2216 878 quod
2249 853 2310 871 eam

1910 634 2022 667 Lati-an,
2042 637 2056 662 7
2072 636 2141 662 avril
2162 636 2238 664 1234.

1298 890 1432 917 affinitate
1449 891 1649 926 contingebat,
1673 891 1886 917 matrimonium
1904 896 2095 919 contraxerat.
2112 907 2144 913 —
2160 893 2243 925 (Rau.
2266 894 2311 925 17,

1297 939 1316 966 s.
1337 940 1384 966 176
1403 939 1788 971 v0;:1nn.V111.c.4ss;-
1805 939 1924 967 Monmu
1945 941 2020 968 1189.
2039 941 2057 967 f.
2079 941 2131 970 17.)

1339 1054 1351 1067 (ι
1365 1042 1528 1079 ..episcopo
1543 1041 1687 1070 Eduenst'.
1706 1040 1838 1070 Nobilis
1850 1041 1900 1069 vir
1910 1040 2156 1071 Willolmiis—.
2167 1043 2240 1072 Dat.
2253 1043 2311 1073 La-

1296 1094 1415 1129 terani,
1433 1094 1495 1123 VII
1513 1093 1587 1123 idus
1604 1093 1731 1132 aprilis.
1750 1102 1837 1123 anno
1853 1098 1978 1124 octavo.
1994 1106 2006 1121 »

1371 1272 1483 1300 1891

1332 1334 1478 1361 Ferrando
1495 1334 1608 1361 Martini
1625 1334 1762 1367 diacono,
1781 1334 1885 1361 rectori
1906 1335 2047 1361 ecclesiae
2064 1334 2162 1362 Sancti
2184 1335 2261 1362 Petri
2277 1335 2312 1362 de

1297 1383 1437 1415 Cervatis,
1456 1383 1618 1418 Burgensis
1633 1382 1788 1415 dioecesis,
1806 1383 1940 1410 concedit
1957 1387 1997 1415 ut,
2015 1392 2068 1410 non
2087 1384 2220 1410 obstante
2235 1384 2311 1418 quod

1297 1432 1324 1458 in
1350 1432 1473 1466 quadam
1499 1432 1560 1457 rixa
1582 1440 1648 1458 cum
1678 1432 1850 1466 quibusdam
1885 1432 2054 1466 perditionis
2082 1432 2162 1463 filiis,
2195 1433 2252 1459 duo
2275 1433 2310 1459 de

1297 1480 1391 1516 ipsius
1407 1480 1573 1506 bominibus
1590 1484 1617 1506 et
1635 1489 1710 1507 unus
1727 1480 1761 1506 de
1778 1479 1952 1507 adversariis
1969 1481 2082 1507 fuerant
2097 1481 2186 1507 occisi
2199 1486 2226 1506 et
2239 1490 2312 1508 non-

1919 1271 2030 1302 Latran,
2048 1272 2063 1299 ‘2
2084 1273 2138 1299 mai
2159 1272 2236 1300 1234.

1298 1529 1367 1556 nulli
1386 1529 1544 1556 vulnerati,
1563 1529 1587 1555 ei
1605 1529 1689 1555 liceat
1704 1529 1732 1555 in
1749 1530 1896 1564 susceptis
1913 1529 2065 1555 ordinibus
2086 1530 2259 1561 ministrare,
2277 1530 2310 1556 ad

1297 1580 1423 1613 majores
1439 1577 1597 1604 ascendere
1621 1581 1649 1604 et
1672 1578 1903 1604 ecclesiasticum
1926 1578 2098 1604 beneficium
2121 1578 2261 1605 obtinere.
2279 1593 2313 1598 —

1297 1626 1379 1660 (Rea.
1398 1627 1440 1658 Π,
1458 1626 1476 1652 f.
1498 1627 1545 1653 ΓΠ
1564 1634 1608 1655 ι·ο;
1623 1634 1689 1652 ann.
1711 1625 1789 1654 Vut.
1807 1634 1832 1652 c.
1851 1626 1906 1658 49.)

1340 1741 1352 1756 «
1373 1728 1529 1758 Fcrranclo
1549 1729 1680 1757 Mmtini
1700 1728 1844 1760 diacono,
1866 1729 1978 1757 rectori
1994 1729 2112 1757 ecclesie
2130 1728 2237 1757 Sancti
2259 1729 2313 1757 Pe-

1298 1783 1340 1812 tri
1361 1782 1396 1811 de
1413 1782 1563 1816 Gereatis,
1581 1782 1746 1818 Bur-yemis
1770 1781 1906 1810 diocesis.
1932 1781 2023 1810 Sicut
2047 1781 2080 1810 in
2104 1786 2216 1810 nostra
2238 1790 2313 1819 pro—

1295 1835 1438 1874 posuisti
1459 1834 1628 1873 presentia
1648 1834 1861 1864 constitutus.
1880 1843 1952 1863 cum
1970 1834 2048 1863 olim
2066 1834 2206 1873 quadam
2224 1834 2276 1864 die
2295 1843 2313 1864 a

1296 1889 1430 1918 civitate
1452 1887 1618 1925 Burgensi
1641 1886 1681 1916 ad
1698 1886 1873 1917 ecclesiam
1898 1890 1988 1916 tuam
2010 1887 2151 1918 redires,
2177 1887 2312 1925 quidam

1296 1937 1495 1980 perditionis
1512 1940 1592 1978 filii,
1611 1940 1686 1979 qui,
1705 1949 1764 1978 pro
1781 1949 1818 1969 eo
1834 1940 1921 1979 quod
1935 1941 2011 1979 jura
2028 1945 2056 1969 et
2075 1940 2245 1970 libertates
2262 1941 2313 1978 ip-

1297 1994 1367 2024 sius
1389 1993 1540 2027 ecclesie,
1565 1996 1659 2030 prout
1688 1992 1830 2022 teneris.
1857 1992 2058 2022 defendebas
2082 2002 2139 2030 pro
2162 1992 2309 2023 viribus.

1296 2046 1371 2077 odio
1390 2050 1420 2076 te
1439 2045 1624 2080 habebant,
1649 2045 1791 2074 insidias
1819 2045 1877 2074 tibi
1897 2045 1990 2084 juxta
2014 2045 2179 2083 quandam
2199 2045 2311 2074 villam

1295 2100 1331 2130 in
1348 2103 1449 2130 strata
1475 2097 1609 2137 publica
1633 2101 1833 2136 posuerunt.
1859 2106 1916 2129 ac,
1942 2097 2002 2127 tibi
2026 2106 2100 2127 cum
2127 2098 2228 2127 armis
2253 2098 2311 2127 ob·

1295 2153 1383 2183 viam
1400 2155 1569 2186 exeuntes,
1594 2154 1666 2189 post
1681 2150 1906 2188 ignominiosa
1924 2150 2022 2180 verba
2042 2155 2070 2181 et
2089 2159 2205 2187 graves
2222 2150 2311 2190 inju-

1295 2206 1381 2240 rias,
1400 2205 1473 2235 dira
1491 2204 1647 2239 verbera,
1669 2204 1729 2234 Dei
1755 2204 1871 2233 timore
1894 2203 2092 2242 postposito,
2111 2203 2309 2233 intulerunt.

1296 2259 1361 2290 Sed
1387 2267 1462 2288 cum
1489 2266 1547 2288 nec
1569 2257 1637 2287 hiis
1660 2257 1825 2289 contenti,
1848 2257 1887 2286 ad
1909 2256 2128 2295 perditionem
2146 2260 2234 2285 tuam
2252 2265 2310 2285 ne-

1296 2311 1406 2351 quiter
1429 2311 1632 2349 aspirarent,
1658 2318 1723 2339 non
1746 2314 1782 2339 ut
1803 2309 1936 2339 illorum
1959 2308 2165 2339 occideretur
2187 2308 2310 2347 aliquis

1295 2373 1355 2395 seu
1374 2364 1474 2394 etiam
1490 2363 1724 2393 vulneraretur
1746 2361 1907 2397 letaliter,
1926 2362 1983 2392 scd
2002 2366 2036 2391 ut
2062 2361 2129 2390 vim
2156 2362 2186 2391 vi
2204 2361 2312 2399 repel-

1294 2417 1381 2448 leres
1397 2426 1472 2447 cum
1494 2415 1597 2446 tutele
1615 2415 1842 2445 moderamine
1862 2414 2047 2454 inculpate,
2073 2419 2246 2453 postquam
2270 2415 2310 2444 ab

1296 2470 1345 2501 eis
1363 2469 1459 2500 fuisti
1475 2468 1660 2499 mortaliter
1676 2467 1886 2503 vulneratus,
1901 2468 2012 2507 juvari
2033 2477 2051 2497 a
2074 2467 2173 2497 sociis
2191 2467 2246 2506 qni
2266 2471 2311 2497 te-

1296 2532 1371 2554 cum
1387 2523 1542 2558 aderant,
1569 2521 1762 2561 postulasti;
1787 2525 1817 2551 et
1841 2521 1890 2551 sie
1907 2521 2059 2550 nonnulli
2079 2521 2214 2551 suerunt
2231 2520 2310 2550 hinc

1295 2576 1373 2607 inde
1391 2576 1426 2606 in
1440 2575 1594 2605 conflictu
1613 2574 1803 2613 hujusmodi
1822 2574 1998 2605 vulnerati.
2015 2578 2043 2603 et
2059 2574 2123 2602 dno
2139 2573 2177 2603 tle
2196 2573 2261 2602 tuis
2279 2577 2311 2602 et

1295 2638 1384 2660 unus
1409 2629 1447 2659 de
1471 2627 1689 2662 adversariis,
1713 2636 1778 2656 non
1803 2631 1912 2657 tamen
1937 2627 1975 2655 de
2000 2626 2155 2655 mandato
2181 2630 2236 2655 tuo
2258 2625 2309 2655 vel

1295 2683 1447 2718 consilio,
1467 2687 1543 2711 tunc
1560 2680 1673 2715 occisi,
1694 2684 1724 2710 te
1742 2679 1890 2709 vestibus
1907 2683 1937 2709 et
1953 2679 2029 2709 aliis
2046 2687 2109 2717 que
2129 2683 2235 2707 terum
2253 2678 2311 2707 de-

1295 2736 1436 2771 tuleras,
1456 2734 1695 2765 nichilominus
1711 2733 1862 2771 spoliato.
1885 2733 1994 2769 Quare
2021 2731 2115 2761 nohis
2137 2730 2310 2760 humiliter

1295 2788 1490 2829 supplicasti
1506 2792 1558 2823 ut,
1580 2795 1653 2817 cum
1670 2795 1731 2824 pax
1754 2785 1795 2815 sit
1815 2785 1902 2815 inter
1920 2790 1949 2815 te
1966 2794 2002 2814 ac
2023 2784 2153 2814 eosdem
2173 2782 2310 2813 sacrile-

1295 2851 1353 2881 gos
1375 2842 1572 2876 reformata,
1596 2844 1628 2870 et
1647 2842 1780 2877 propter
1803 2846 1916 2868 necem
1940 2836 2180 2876 predictorum,
2203 2843 2310 2875 quan-

1295 2903 1395 2934 quam
1411 2894 1446 2923 in
1468 2891 1673 2923 conscientia
1694 2895 1750 2921 tua
1775 2899 1840 2919 non
1861 2889 1990 2920 venerit
2012 2893 2046 2919 ut
2071 2888 2175 2927 aliqui
2199 2887 2310 2918 taliter

1295 2946 1530 2986 perderentur,
1552 2943 1795 2983 aliquantisper
1821 2942 1954 2982 propria
1978 2940 2182 2972 conscientia
2207 2944 2237 2970 te
2257 2948 2310 2970 re-
