2498 3242
182 287 258 318 1045
1033 277 1251 329 HUITIEME
1272 278 1433 315 ANNEE.
2216 291 2289 321 1045

180 353 260 384 tatis
283 357 314 384 et
332 352 576 384 benedictionis
593 363 709 385 vacare
726 354 825 384 debes
849 353 1022 392 operibus,
1042 357 1087 387 ut,
1109 351 1195 381 sicut

182 405 280 436 heres
304 414 406 444 regno
429 406 632 436 successisse
656 406 874 445 conspiceris.
898 406 945 436 sic
971 405 1136 444 quondam
1159 404 1194 434 in

181 458 254 498 ipso
272 458 485 497 regnantium
502 459 648 489 virtuosa
667 460 763 498 sequi
779 459 919 497 vestigia
936 459 1092 489 videaris.
1110 459 1195 496 Ergo

180 511 350 550 proposito
372 511 484 549 vigore
510 521 715 550 consurgens
741 522 777 543 ac
802 517 911 543 mente
937 512 1030 550 vigili
1056 521 1195 551 pensare

182 563 360 604 sollicitus,
375 564 466 604 quid,
485 569 594 596 actore
611 565 755 601 Christo,
774 575 831 604 per
847 566 993 596 Ecclesie
1008 576 1043 595 ac
1065 571 1196 596 tuorum

183 617 366 656 potentiam
388 617 649 656 triumphantem
666 618 700 647 in
719 619 870 656 partibus
887 618 1119 656 Albigensium
1139 628 1196 657 pro

184 669 317 707 negotio
333 669 411 700 fidei
428 669 470 699 sit
487 670 657 705 effectum,
677 671 757 709 quid
774 680 829 709 pro
846 671 917 709 ipso
936 671 969 700 in
987 671 1081 701 bonis·
1099 680 1196 710 expo-

183 721 297 758 situm,
316 726 372 753 aut
391 727 553 762 quantum
573 723 612 753 de
628 723 776 753 fidelium
794 724 957 762 sauguine
978 724 1019 754 sit
1040 726 1193 760 cinisum,

183 784 247 814 que
272 784 372 814 super
395 775 468 814 ipso
493 775 686 806 scribuntur
711 777 880 807 attendere
909 777 1058 812 studeas,
1091 787 1127 807 ae
1158 787 1194 807 ex

180 827 267 863 illis,
287 828 374 867 quod
398 828 504 864 absit,
524 838 721 867 processura
742 830 937 859 discrimina
961 835 991 860 et
1017 831 1196 869 prudenter

181 881 353 912 advertere
381 891 417 911 ac
442 886 593 920 potenter
617 887 766 913 avertere
797 892 861 913 non
892 888 1080 922 postponas.
1109 884 1194 915 Sane

181 934 344 965 mirantes
363 935 551 974 accepimus
568 939 597 965 et
614 935 791 965 referimus
809 936 1008 969 conturbati,
1027 937 1194 976 quodqui-

182 987 257 1017 dam
274 987 322 1018 tui
336 987 439 1027 bajuli
457 988 491 1017 in
507 988 665 1027 predictis
682 988 940 1027 Albigeustium]
957 990 1107 1028 partibus
1121 1000 1195 1020 con-

181 1041 309 1076 stituti,
330 1040 488 1071 ecclesias
514 1045 544 1071 et
571 1050 730 1080 personas
758 1041 1017 1081 ecclesiasticas,
1045 1053 1108 1081 que
1135 1053 1194 1082 pro

183 1094 374 1132 ampliando
404 1098 491 1124 statu
522 1094 598 1125 fidei
627 1095 674 1124 tui
708 1094 831 1125 favoris
861 1095 1006 1134 presidio
1036 1095 1194 1126 deberent

181 1147 316 1178 assidue
338 1148 554 1183 communiri,
580 1147 725 1185 graviter
743 1147 778 1176 in
801 1147 915 1178 multis
938 1148 1105 1179 offendero
1128 1159 1192 1180 non

181 1205 351 1236 verentur,
369 1200 522 1231 homiues
538 1201 687 1239 ipsorum
703 1200 804 1231 talliis
821 1206 852 1232 et
869 1201 1026 1235 collectis,
1046 1203 1193 1239 angariis

184 1258 216 1284 et
236 1254 460 1292 perangariis,
479 1257 508 1283 et
527 1253 602 1283 aliis
620 1253 734 1284 multis
757 1254 985 1284 exactionibus
1003 1255 1191 1291 affligendo,

182 1316 243 1338 nee
260 1315 325 1337 non
342 1307 467 1337 eisdem
486 1306 693 1341 hominihus.
712 1306 740 1336 si
760 1306 918 1337 excedant
936 1307 969 1336 in
993 1307 1120 1347 aliquo.
1140 1309 1194 1338 in-

180 1360 319 1391 ferendo
334 1369 452 1399 penam
471 1369 571 1398 quam
590 1359 739 1397 suggerit
757 1360 889 1398 proprie
911 1360 1091 1391 voluntatis·
1109 1362 1194 1391 arbi-

181 1414 294 1447 trium,
312 1413 358 1443 ita
375 1417 408 1442 ut
429 1412 469 1442 ad
488 1412 634 1450 ipsorum
656 1412 807 1442 dominos
829 1413 954 1443 nullam
973 1415 1194 1445 reverentiam

179 1466 327 1497 habeant
341 1465 393 1496 vel
408 1469 607 1504 respectum.
624 1465 675 1494 Ad
690 1465 789 1495 feuda
806 1466 906 1495 etiam
923 1476 986 1505 que
1000 1467 1111 1504 plnres
1128 1467 1194 1499 cle-

179 1519 243 1550 rici
259 1523 291 1550 et
307 1519 387 1549 laici
410 1519 561 1549 obtinere
582 1518 622 1548 ab
645 1518 771 1548 eisdem
793 1518 945 1549 ecclesiis
961 1519 1192 1556 dinoscuntur,

179 1581 300 1603 manus
323 1572 436 1602 avidas
459 1571 695 1607 extendentes,
717 1572 947 1610 possessiones
966 1576 997 1602 et
1023 1573 1089 1602 alia
1108 1573 1194 1603 bona

179 1625 398 1656 ecclesiarum
424 1634 460 1655 ac
484 1624 677 1664 hujusmodi
700 1633 920 1663 personarum
943 1625 1070 1655 tamdiu
1096 1635 1194 1656 occu-

177 1683 255 1718 pata
281 1678 441 1714 detinent,
469 1678 573 1708 donec
596 1677 632 1707 in
657 1678 728 1708 soro
753 1678 902 1716 ipsorum
927 1688 1005 1708 suas
1031 1679 1194 1718 compulsi

178 1735 354 1763 exerceant
370 1731 529 1762 actiones.
547 1732 703 1762 Preterea
721 1731 841 1766 iidem,
862 1731 1054 1771 hujusmodi
1072 1733 1194 1763 moles-

179 1785 304 1815 tiarum
333 1784 523 1824 frequentia
548 1792 613 1813 non
641 1783 806 1819 contenti,
841 1783 1056 1814 ecclesiarum
1087 1785 1189 1822 hona,

180 1838 303 1878 quibus
319 1837 485 1877 quondam
502 1846 560 1876 per
575 1836 774 1875 Albigenses
795 1837 934 1875 spoliate
951 1838 1080 1867 fuerant
1095 1862 1100 1872 ,
1122 1839 1192 1869 suis

179 1890 346 1930 applicare
373 1891 490 1920 usibus
515 1889 716 1926 moliuntur,
743 1890 1017 1928 compositiones.
1043 1895 1192 1922 transac-

178 1944 286 1974 tiones
306 1947 337 1974 et
360 1943 556 1973 donationes
578 1942 682 1972 factas
706 1952 764 1981 per
786 1942 943 1973 dilectum
964 1943 1071 1973 filium
1096 1944 1192 1974 nobi-

175 1995 242 2027 lem
259 1997 367 2026 virum
386 2019 405 2024 ..
423 1996 577 2026 comitem
593 1995 816 2025 Montisfortis
834 2004 869 2025 ac
884 1997 1068 2027 sententias
1086 1997 1191 2027 editas

176 2059 236 2089 per
252 2050 393 2080 eundem
412 2049 588 2079 observare
604 2053 767 2084 renuunt,
792 2053 821 2079 et
835 2049 949 2088 jurare
968 2059 1081 2089 pacem
1098 2051 1191 2090 juxta

177 2103 359 2135 Tliolosani
389 2106 510 2132 statuta
543 2101 676 2131 concilii
707 2102 971 2140 protei-mittunt,
1002 2103 1096 2142 plura
1127 2114 1190 2144 que

176 2161 255 2188 sunt
274 2156 312 2186 de
330 2164 450 2194 genere
467 2155 601 2194 pietatis
618 2155 769 2193 preconis
787 2164 864 2185 voce
881 2155 1088 2194 prohibendo
1104 2157 1188 2193 fieri,

177 2211 273 2250 quasi
290 2209 475 2248 pepigerint
494 2209 641 2238 divinam
659 2208 746 2239 nolle
765 2209 904 2247 gratiam
921 2211 1114 2248 promereri.
1133 2211 1190 2241 Ec-

177 2264 290 2295 clesiis
309 2263 443 2303 quidem
463 2262 575 2292 otlerri
598 2262 764 2300 primitias
787 2266 817 2292 et
836 2262 981 2293 decimas
1001 2268 1057 2293 aut
1073 2264 1155 2303 ipsis
1171 2276 1189 2295 a

177 2317 334 2347 fidelibus
353 2316 456 2353 legari
473 2315 586 2354 aliqua
604 2315 638 2344 in
661 2319 805 2345 extreme
830 2315 970 2346 articulo
986 2317 1187 2354 voluntatis,

176 2371 247 2401 sive
266 2369 354 2408 quod
375 2369 591 2399 ecclesiarum
611 2367 710 2398 feuda
733 2367 805 2397 sine
830 2367 978 2406 ipsorum
999 2369 1135 2401 licentia
1158 2376 1190 2401 et

168 2432 343 2455 consensu
362 2422 554 2459 recognosci
575 2421 722 2456 valeant.
741 2430 805 2451 nou
824 2422 1036 2460 permittunt.
1062 2424 1100 2454 ad
1120 2424 1189 2454 illi-

174 2477 241 2508 cita
257 2476 382 2507 celeres
399 2480 427 2505 ct
451 2475 485 2504 iu
509 2474 711 2513 exequendis
735 2473 837 2503 licitis
858 2479 1086 2511 contumaces,
1111 2477 1189 2507 dum

175 2529 479 2562 excommunicatos
495 2528 599 2557 vitare
617 2527 800 2565 negligunt,
815 2532 843 2557 et
858 2527 1006 2566 ipsorum
1022 2530 1189 2567 puniendo

177 2582 400 2621 contemptui,
422 2586 517 2620 prout
536 2581 726 2611 institutum
745 2581 814 2610 sore
835 2580 1031 2617 dinoscitur,
1053 2592 1118 2613 non
1137 2584 1190 2613 in-

175 2637 334 2672 tendunt;
353 2634 562 2665 venerabiles
578 2634 697 2663 fratres
722 2637 851 2664 nostros
875 2657 894 2662 ..
915 2635 1142 2666 Biterrensem
1158 2641 1190 2667 et

216 2689 442 2728 Agathensem
459 2687 642 2725 episcopos,
660 2695 742 2725 quos
760 2690 789 2716 et
808 2692 925 2716 vexant
939 2688 1139 2727 calumpniis
1159 2695 1189 2720 et

175 2743 311 2774 turbant
325 2740 558 2780 frequentibus
577 2739 796 2772 nocumentis,
812 2748 870 2778 per
883 2740 1062 2771 violentam
1079 2742 1189 2773 deten-

173 2797 301 2827 tionem
332 2798 517 2825 castrorum
547 2797 578 2823 et
610 2792 751 2822 aliorum
781 2792 943 2823 bonorum
973 2793 1189 2825 ecclesiarum

175 2857 313 2880 suarum
343 2847 384 2877 ad
408 2846 500 2876 illam
530 2845 836 2875 inconvenientiam
865 2845 1071 2882 deducendo,
1103 2848 1191 2886 quod

175 2911 276 2942 super
291 2901 374 2940 ipsis
391 2900 429 2930 de
446 2899 564 2929 stando
579 2897 648 2938 juri
664 2906 774 2928 coram
791 2902 839 2934 te,
858 2898 1058 2930 inconsultis
1075 2909 1189 2930 eorum

172 2953 348 2994 capitulis,
368 2951 473 2984 coacti
498 2956 530 2982 et
551 2950 735 2981 noluntarii
760 2959 838 2981 suas
863 2950 992 2982 litteras
1015 2961 1190 2984 concesse-

1278 355 1371 387 runt;
1395 360 1536 391 quarum
1557 353 1740 389 occasione,
1759 359 1869 392 preter
1887 355 1973 393 juris
1990 355 2140 386 ordinem
2161 362 2192 387 ct
2211 366 2289 387 con-

1278 404 1489 435 suetudinem
1504 405 1720 436 ecclesiarum
1735 407 1914 444 provincie.
1931 407 1965 436 in
1982 412 2036 437 tua
2051 408 2181 447 litigare
2198 410 2291 440 curia

1278 457 1538 495 compelluntur;
1564 459 1813 489 venerabilibus
1834 460 1995 490 fratribus
2019 462 2141 492 nostris
2163 463 2290 501 episeo-

1277 510 1328 548 pis
1347 510 1577 541 Narbonensis
1594 512 1762 550 provincie
1776 517 1877 551 perte
1896 513 2134 544 nichilominus
2152 515 2185 544 in
2204 525 2290 545 ama-

1278 563 1425 593 ritudine
1448 564 1650 600 constitutis,
1680 575 1698 594 a
1723 565 1845 604 quibus
1872 566 2043 597 {bh-litatis
2069 567 2173 603 exigis
2196 569 2289 606 jura-

1278 621 1405 650 menta,
1433 617 1625 647 reluctando
1651 619 1927 657 compositionum
1959 620 2009 649 vel
2041 621 2288 651 ‹Vn-dinationum

1278 669 1504 705 observantie,
1523 680 1605 709 quas
1624 671 1724 707 leuati
1741 671 1836 701 Sedis
1853 672 2040 709 Apostolire
2062 683 2098 703 ac
2114 674 2216 713 bajuli
2242 676 2290 705 tui

1279 732 1378 761 super
1402 723 1601 762 quibusdam
1623 724 1769 763 querelis
1795 729 1825 754 et
1852 726 1941 763 pacis
1971 727 2102 761 negotio
2125 727 2289 758 ‹lvlilwra-

1278 776 1368 806 tione
1394 776 1529 815 provida
1552 781 1751 807 statuerunt.
1775 778 1897 807 Verum
1913 802 1919 813 ‚
1938 778 1984 807 illi
2002 779 2194 815 karissime,
2217 790 2290 811 emn

1279 839 1316 859 ex
1333 829 1524 868 hujusmodi
1544 830 1706 860 molestiis
1724 840 1760 861 ac
1777 831 1928 869 pluribus
1946 831 2021 861 aliis
2038 842 2135 871 quam
2154 844 2290 871 presi-n-

1279 882 1367 912 tibus
1394 883 1630 921 exprimantur,
1666 884 1696 912 id
1730 884 1901 922 potissim·-
1934 885 2090 915 unwann-
2120 887 2286 922 acc-idere,

1278 936 1363 974 quod
1381 936 1526 965 laborem
1544 946 1600 975 pro
1613 937 1675 967 lide
1694 937 1843 967 habitum
1861 938 2041 975 contingat.
2061 940 2146 977 qnod
2164 945 2290 971 avertat

1278 989 1451 1021 Dominus,
1472 989 1634 1028 deperire.
1653 992 1827 1029 presertim
1845 1001 1918 1021 cum
1937 992 2064 1030 plures.
2085 997 2117 1022 ut
2137 1003 2212 1032 sepe
2230 1004 2288 1025 no-

1277 1042 1328 1071 bis·
1349 1047 1378 1072 et
1403 1043 1462 1072 tibi
1485 1043 1593 1073 extitit
1615 1044 1824 1079 intimatum,
1844 1045 2018 1075 debilitare
2040 1046 2163 1076 dictum
2189 1057 2289 1085 nego—

1278 1096 1358 1125 tium
1379 1096 1570 1133 moliantur.
1589 1101 1617 1126 et
1636 1097 1840 1128 habitarat-es
1858 1102 1943 1128 terre
1966 1099 2154 1130 servitutis.
2175 1101 2288 1130 multi-

1277 1148 1427 1179 tudinem
1448 1153 1478 1179 et
1496 1159 1597 1180 onera
1616 1151 1702 1180 serre
1719 1151 1833 1188 gravia
1850 1156 2068 1190 nequeuntes,
2091 1153 2213 1191 quibus
2233 1163 2290 1192 per

1277 1202 1381 1231 dictos
1404 1202 1531 1241 bajulos
1553 1208 1584 1233 et
1607 1203 1786 1234 existentes
1811 1205 1844 1233 in
1866 1209 1951 1234 terra
1972 1205 2183 1243 francigenas
2200 1216 2288 1237 com-

1277 1255 1482 1293 prinmntur,
1505 1255 1592 1285 circa
1616 1260 1645 1286 te
1667 1266 1704 1286 ac
1729 1257 1877 1295 ejusdem
1901 1258 2046 1287 savorem
2072 1259 2194 1297 negotii
2219 1260 2289 1289 sin-

1277 1317 1350 1338 cere
1383 1308 1571 1339 dilectionis
1605 1310 1758 1340 affectum
1788 1319 1852 1339 non
1885 1311 2013 1349 possint.
2042 1320 2204 1349 exponere
2231 1322 2289 1351 per

1277 1362 1430 1390 ellectum
1451 1370 1457 1389 :
1476 1361 1709 1391 celsitudinem
1733 1367 1822 1392 tuam
1846 1372 2000 1399 rog-'amus
2021 1368 2052 1393 et
2075 1364 2288 1395 obsecramus

1277 1413 1311 1442 in
1331 1413 1471 1442 Domino
1491 1414 1596 1444 Jliesu
1616 1415 1767 1445 Christo.
1790 1415 1823 1445 in
1842 1416 2074 1446 remissionem
2097 1417 2156 1446 tibi
2173 1427 2288 1455 pecca-

1276 1466 1404 1495 minum
1435 1466 1650 1504 injungentes
1675 1472 1859 1506 ‹1uatenus,
1887 1478 1960 1498 cum
1986 1469 2047 1498 tibi
2073 1480 2128 1507 pre
2159 1472 2288 1501 cunctis

1277 1523 1363 1548 terre
1378 1519 1514 1555 regibus
1531 1520 1690 1549 debeatur
1707 1522 1860 1551 Sanctam
1879 1523 2015 1551 Matrem
2036 1523 2215 1553 Ecclesiam
2234 1534 2286 1555 re-

1276 1572 1425 1602 verentia
1450 1573 1606 1611 prosequi
1624 1574 1777 1611 speciali.
1799 1584 1834 1603 ac
1856 1575 2062 1605 incren‘wnto
2079 1576 2154 1605 iidei
2172 1586 2288 1607 vacare

1277 1626 1387 1655 studio
1411 1625 1582 1664 diligenti.
1610 1636 1647 1656 eo
1673 1627 1759 1665 quod
1785 1628 1818 1657 in
1847 1628 1928 1661 hiis,
1954 1628 2039 1658 sicut
2065 1629 2287 1667 prediximus.

1276 1678 1364 1709 clare
1398 1679 1556 1709 memorie
1591 1680 1818 1718 progenitores
1851 1681 1897 1710 tui
1927 1681 2052 1711 fuerint
2083 1691 2138 1720 pre
2169 1684 2288 1714 ceteris

1275 1732 1395 1770 vigiles
1412 1736 1443 1762 et
1459 1732 1559 1762 etiam
1582 1733 1746 1768 efficaces,
1768 1733 1926 1771 predictis
1945 1735 2099 1765 omnibus
2121 1736 2290 1773 corrigen-

1276 1785 1327 1816 dis
1352 1790 1497 1816 mentem
1520 1791 1703 1824 promptam
1726 1791 1757 1816 et
1779 1796 1911 1825 operam
1937 1788 2064 1817 tribuas
2090 1790 2286 1827 expeditam,

1276 1839 1316 1869 al)
1332 1839 1474 1877 inceptis
1496 1843 1609 1869 contra
1626 1839 1834 1869 venerabiles
1852 1840 1971 1871 fratres
1993 1846 2122 1871 nostros
2141 1866 2160 1871 ..
2181 1844 2288 1873 Biter-

1275 1901 1407 1923 rensem
1426 1896 1457 1921 et
1478 1916 1496 1921 ..
1519 1893 1720 1929 Agatensmn
1745 1893 1915 1932 episi-opos
1938 1904 1973 1923 ac
1997 1895 2079 1924 alios
2103 1897 2288 1934 questioni-

1274 1945 1336 1975 bus
1355 1945 1561 1979 desistendo3
1579 1954 1641 1984 que
1659 1945 1698 1980 si,
1717 1946 1803 1984 quod
1820 1946 1918 1976 absit.
1936 1947 2077 1977 ulterius
2095 1949 2288 1986 protrahan-

1276 2002 1338 2031 tur,
1366 1998 1529 2036 prefatum
1559 1999 1727 2035 negotium
1752 2008 1810 2029 nec
1836 2002 1992 2037 prolicere
2019 2002 2134 2039 poterit
2166 2012 2224 2031 nec
2252 2003 2285 2032 in

1275 2055 1363 2082 statu
1374 2051 1484 2081 debito
1495 2060 1706 2089 permanere3
1721 2052 1862 2081 maxime
1873 2062 1945 2082 cum
1960 2054 2125 2091 profectus
2139 2055 2285 2093 ejusdem

1274 2105 1309 2134 in
1328 2104 1388 2134 boc
1407 2104 1580 2142 potissime
1597 2105 1779 2135 consistere
1799 2105 1959 2140 videatur,
1978 2106 2063 2145 quod
2083 2107 2140 2136 tibi
2159 2117 2194 2137 ac
2212 2118 2286 2146 pre-

1273 2157 1350 2187 latis
1372 2157 1508 2191 eisdem⁷
1527 2157 1621 2196 cujus
1638 2157 1783 2195 potentia
1799 2162 1830 2187 et
1846 2167 1987 2196 quorum
2005 2159 2114 2188 studio
2131 2160 2285 2197 diligenti

1273 2210 1351 2241 olim
1378 2210 1545 2247 negotium
1567 2210 1759 2248 su[b]stitit,
1784 2220 1851 2240 una
1873 2211 1915 2240 sit
1942 2211 1975 2240 in
2000 2211 2060 2242 hac
2090 2218 2180 2250 parte
2206 2214 2285 2243 tides

1273 2264 1436 2294 mentium
1457 2268 1486 2294 et
1507 2263 1613 2302 pietas
1635 2264 1814 2294 actionum.
1836 2264 1991 2294 Ceterum
2010 2265 2153 2304 aliquem
2177 2266 2285 2295 virum

1272 2316 1502 2347 honorabilem
1519 2320 1549 2346 et
1565 2321 1752 2355 expertum,
1773 2317 1829 2355 qui
1847 2317 1987 2347 scientia
2004 2318 2047 2348 sit
2063 2322 2091 2347 et
2110 2319 2285 2355 mag-*nani-

1273 2371 1387 2400 mitate
1408 2370 1626 2408 conspicuus.
1649 2379 1685 2399 ac
1707 2379 1763 2408 pro
1784 2374 1875 2409 parte
1895 2374 1949 2399 tua
1967 2370 2209 2409 plenitudinem
2228 2382 2286 2410 po-

1274 2423 1403 2455 testatis
1427 2423 1563 2458 haheat,
1588 2423 1628 2452 ad
1649 2423 1775 2458 locum.
1795 2423 1945 2453 abdicato
1970 2423 2135 2454 tarditatis
2159 2424 2281 2463 spatio,

1272 2477 1403 2507 mittere
1433 2486 1498 2506 non
1531 2481 1725 2515 postponas:
1755 2477 1849 2515 cujus
1879 2481 1910 2506 et
1941 2477 2142 2507 venerabilis
2173 2478 2285 2507 fratris

1273 2530 1416 2560 nostri..
1434 2529 1637 2559 Viennensis
1660 2528 1919 2567 archiepisrsmi,
1941 2528 2040 2566 legati
2063 2530 2158 2559 Sedis
2181 2531 2285 2567 Apos-

1273 2583 1381 2614 tolice.
1401 2582 1510 2612 studio
1528 2582 1683 2616 salutari,
1703 2581 1836 2620 quercla·
1854 2582 1941 2610 inu-r
1958 2586 1986 2610 te
2006 2591 2042 2610 at·
2062 2582 2191 2610 eosdem
2211 2582 2286 2620 [πρέ

1272 2635 1357 2666 latos
1373 2635 1485 2665 habite
1503 2635 1741 2665 terminentur:
1765 2638 1792 2663 et
1809 2634 1894 2672 quod
1910 2634 1997 2672 juris
2014 2634 2046 2663 in
2065 2634 2189 2663 eis-lem
2208 2644 2283 2672 par-

1274 2687 1362 2717 tibus
1402 2687 1461 2716 tibi
1499 2685 1550 2716 vel
1589 2685 1740 2715 ecclesiis
1777 2695 1812 2714 ac
1853 2684 2021 2723 aliquibus
2059 2684 2134 2713 aliis
2171 2685 2283 2714 ‹lt-beri

1273 2740 1432 2773 cernitur,
1450 2739 1711 2775 distinguentes,
1733 2743 1796 2766 tam
1817 2743 1927 2767 nostra
1947 2747 2044 2775 quam
2064 2742 2117 2767 tua
2139 2738 2283 2767 auctori-

1275 2797 1339 2824 tate
1366 2797 1511 2824 statuant
1538 2791 1678 2821 tirmiter
1703 2791 1889 2825 observari,
1919 2790 2002 2820 sicut
2029 2790 2067 2820 de
2089 2790 2222 2830 juribus
2248 2791 2282 2819 in

1272 2850 1362 2877 terra
1379 2846 1508 2876 noviter
1524 2845 1564 2875 ad
1583 2844 1679 2874 iidem
1697 2848 1727 2874 et
1749 2848 1839 2873 tunm
1857 2852 2015 2873 conversa
2032 2843 2215 2872 dominium
2232 2843 2283 2872 di-

1272 2899 1443 2934 videndis,
1461 2907 1518 2937 per
1533 2897 1689 2927 dilectum
1708 2896 1811 2926 tilium
1830 2900 1979 2926 nostrum
1997 2896 2048 2930 R„
2067 2896 2282 2925 Portuensem

1273 2951 1430 2987 electum,
1452 2955 1530 2981 tunc
1545 2950 1579 2980 in
1596 2950 1747 2988 partibus
1767 2948 1835 2979 illis
1857 2948 2001 2986 legatum
2020 2947 2207 2987 Apostolice
2224 2948 2284 2978 Se-
