2498 3242
165 279 221 308 697
1019 272 1232 311 SEPTIEME
1255 275 1415 313 ANNEE.
2214 291 2271 321 698

237 344 354 374 ¹222
758 345 869 377 Lati-an,
890 346 920 374 ta
936 346 1006 374 avril
1026 347 1103 374 1233.

199 404 343 441 Episcopo
366 409 394 432 et
418 406 556 441 magistro
583 406 732 443 Philippo,
759 408 961 435 archidiacono
986 409 1174 442 Tol-cellanis,

163 453 278 481 mandat
299 458 459 489 quatenus,
483 463 549 481 cum
573 455 613 487 J„
631 456 782 492 presbyter
797 458 936 485 ecelesiae
953 458 1050 485 Sancti
1073 457 1175 485 Jacobi

162 501 198 529 de
215 501 322 537 Luprio
338 502 373 529 de
390 502 533 535 Venetiis,
551 505 638 539 cujus
654 505 823 532 electionem
840 506 867 532 in
885 506 1036 541 plebanum
1054 506 1176 533 Sanctae

163 551 288 586 Agnetis
303 551 460 587 episcopus
483 551 681 588 Castellanus,
697 555 762 588 ejus
783 554 987 585 dioecesanus,
1005 555 1175 582 confirmare

163 606 315 634 renuerat,
329 600 504 635 quibusdam
523 601 627 628 litteris
647 603 814 636 apostolicis
830 603 864 629 de
881 603 1002 630 salsitate
1018 603 1174 638 suspectis,

162 657 234 683 quas
258 657 340 675 veras
362 650 514 684 credebat,
537 650 563 676 iu
587 651 631 677 illa
657 660 745 678 causa
771 660 842 678 usus
863 652 984 686 suisset,
1002 652 1135 686 imposita
1150 652 1175 678 ei

163 698 337 733 paenitentia
353 700 537 733 competenti,
554 700 864 727 exconuuuuicationis
879 702 1062 732 sententiam,
1079 701 1104 727 si
1119 710 1175 736 qua

161 755 196 774 ex
219 747 273 774 hoc
296 747 324 773 in
347 755 412 774 eum
439 748 494 774 lata
519 748 620 779 suerit,
644 749 780 776 relaxent.
808 764 842 770 —
864 749 948 783 (Rea.
978 750 1016 779 17,
1045 750 1063 776 s.
1086 750 1101 778 8
1125 756 1172 783 v⁰;

161 803 228 824 ann.
247 795 312 828 Vll,
330 804 356 823 c.
371 796 424 827 32.)

204 917 216 930 «
238 928 256 934 ..
275 906 409 943 episcopo
432 911 457 934 et
480 907 626 943 mayistro
645 906 800 944 Philippo,
820 907 1040 936 archidiacono
1062 907 1174 936 Torcel-

161 958 254 987 Ianis.
271 959 316 992 J.,
335 958 498 996 l)resbiter
514 958 653 988 ecclesie
671 959 784 989 Sancti
800 958 915 989 Jacobi
934 958 972 989 de
992 959 1114 997 Lupi-io
1135 959 1174 988 de

159 1011 328 1045 Venetiis,
356 1011 391 1040 in
417 1015 530 1041 nostra
556 1011 727 1050 proposuit
752 1011 946 1049 [presentia]
973 1011 1174 1042 constitutus

160 1063 263 1102 quod,
284 1072 357 1093 cum
375 1063 444 1102 ipse
462 1063 541 1093 olim
564 1064 598 1093 in
620 1064 798 1103 plebanum
822 1064 940 1095 Sancte
962 1065 1101 1101 Agnetis
1120 1073 1175 1094 ca-

162 1116 280 1147 nonice
308 1116 428 1146 fuisset
448 1116 588 1152 electus,
613 1121 645 1147 et
671 1117 873 1147 venerabilis
898 1118 1001 1147 frater
1023 1122 1135 1147 noster
1153 1141 1172 1147 ..

161 1169 336 1208 episeopus
361 1169 584 1204 Castellanus,
613 1169 811 1199 diocesanus
830 1179 926 1201 suus,
950 1170 1021 1208 ejus
1040 1169 1175 1200 electio-

161 1230 249 1257 nem,
267 1226 361 1260 prout
379 1221 548 1260 spectabat
567 1222 607 1252 ad
623 1231 714 1257 eum,
732 1222 928 1252 confirmare
944 1227 1057 1252 contra
1073 1222 1174 1262 justi-

161 1275 243 1305 tiam
258 1275 442 1310 renuisset,
463 1284 500 1305 eo
520 1274 651 1305 tandem
670 1279 917 1313 procuratorem
932 1284 1029 1305 51111111
1042 1279 1175 1314 propter

160 1327 222 1358 hoc
240 1327 281 1357 ad
297 1327 416 1358 Sedem
429 1327 653 1365 Apostolicam
667 1327 867 1363 destinante,
882 1328 969 1358 idem
982 1333 1175 1366 procurator

160 1380 321 1420 quasdam
329 1380 390 1411 sul)
397 1381 531 1411 nomine
541 1381 650 1411 felicis
658 1381 897 1411 recordationis
904 1381 1071 1419 H[0n01·ii]
1079 1390 1173 1420 pape,

159 1433 405 1472 predecessoris
419 1434 536 1467 nostri,
550 1434 718 1464 consectas
737 1433 866 1464 litteras
879 1434 1071 1472 reportavit.
1090 1435 1174 1465 Cum

159 1491 271 1517 autem
280 1486 388 1516 dictus
396 1486 573 1525 presbiter,
587 1487 725 1517 credens
737 1486 827 1525 ipsas
842 1486 971 1517 litteras
983 1496 1055 1517 esse
1064 1496 1171 1523 veras,

157 1543 270 1578 utpote
289 1539 324 1568 in
342 1539 464 1569 talibus
481 1548 546 1569 non
567 1540 696 1578 peritus
714 1544 745 1570 et
762 1540 849 1579 juris
867 1549 932 1570 non
946 1540 1074 1570 habens
1090 1541 1173 1570 noti-

157 1592 249 1626 tiam,
266 1601 346 1622 usus
366 1592 487 1627 suisset
505 1592 643 1627 eisdem,
661 1602 738 1631 pars
754 1592 893 1623 adversa
908 1593 984 1623 illas
1001 1598 1172 1632 suspectas

155 1645 194 1676 de
205 1645 351 1676 falsitate
362 1646 543 1677 coniciens.
556 1655 655 1685 super
670 1646 731 1676 hoc
742 1646 782 1676 ad
791 1646 1017 1677 venerabilem
1034 1648 1173 1677 fratrem

156 1703 308 1730 nostrum
320 1722 339 1727 ..
351 1699 545 1737 episcopum
556 1699 771 1737 Clugiensem
786 1704 817 1730 et
828 1700 1051 1739 quondamL.‚
1062 1700 1171 1739 pleba-

158 1761 239 1783 num
255 1752 368 1783 Sancti
385 1752 482 1783 Pauli
509 1752 547 1783 de
565 1753 729 1788 Venetiis,
755 1753 904 1792 ejusdem
925 1753 1171 1791 predecessoris

156 1805 261 1836 nostri
272 1805 402 1836 litteras
415 1805 621 1844 impetravit3
636 1815 777 1845 quarum
791 1806 987 1836 auctoritate
1004 1806 1107 1836 iidem
1124 1806 1170 1845 ip-

156 1867 230 1889 sum
247 1858 287 1888 ab
304 1858 411 1888 officio
430 1863 461 1889 et
482 1858 644 1889 beneficio
661 1859 914 1897 suspendentes,
935 1859 1171 1899 injuncxerunt

156 1911 264 1942 eidem
273 1915 307 1941 ut
322 1911 411 1941 infra
429 1916 555 1942 certum
573 1912 754 1942 terminum
771 1912 950 1951 apostolico
965 1921 999 1942 se
1017 1921 1170 1951 conspec-

157 1965 206 1995 tui
222 1968 441 2003 presentarct.
459 1965 569 2001 Quare
590 1965 686 1995 nobis
708 1965 882 1996 humiliter
902 1965 1101 2004 supplicavit
1117 1970 1169 2001 ut,

157 2027 231 2048 cum
244 2017 331 2047 infra
346 2018 559 2056 septennium
575 2019 718 2057 quat[er]
730 2022 863 2057 propter
873 2018 934 2048 hoc
948 2018 1173 2065 Apostolicam

158 2071 277 2102 Sedem
295 2071 427 2106 adierit,
446 2080 511 2101 non
529 2071 601 2101 sine
618 2072 749 2109 magnis
768 2071 938 2101 laboribus
958 2076 989 2102 et
1005 2072 1170 2110 expensis,

158 2124 223 2154 sibi
240 2133 340 2162 super
356 2123 416 2153 hoc
432 2124 606 2163 providere
621 2129 758 2163 paterna
775 2123 1001 2154 sollicitudine
1017 2124 1173 2162 dignare-

157 2186 243 2207 mur.
262 2177 405 2216 Ideoque
425 2177 622 2207 mandamus
639 2182 815 2216 quatenus‚
834 2178 861 2208 si
879 2182 927 2208 est
944 2178 1001 2212 ita,
1017 2178 1173 2216 imposita

158 2231 188 2261 ei
214 2231 398 2269 penitentia
421 2231 637 2269 competenti,
662 2231 1015 2261 excommunicationis
1038 2235 1174 2262 senten-

158 2285 250 2320 tiam,
271 2284 299 2314 si
315 2293 379 2323 qua
397 2293 434 2313 ex
450 2283 511 2314 hoc
525 2284 561 2313 in
575 2293 651 2314 eum
666 2284 733 2314 lata
747 2284 867 2319 extitit,
883 2284 1079 2314 auctoritate
1096 2293 1174 2315 nos-

158 2342 207 2368 tra
218 2338 311 2377 juxta
328 2338 468 2368 sormam
483 2337 630 2368 Eeclesie
647 2337 846 2374 relaxantes,
858 2337 965 2376 agatis
978 2338 1013 2367 in
1025 2337 1087 2368 hoc
1098 2347 1173 2368 cum

157 2391 271 2422 eodem
296 2395 408 2429 prout,
436 2390 619 2421 secundum
645 2392 767 2426 Deum,
793 2391 894 2422 saluti
923 2391 995 2430 ejus
1020 2391 1173 2422 videritis

108 2474 110 2476 ,
156 2444 322 2483 expedire.
351 2444 425 2473 Dat.
455 2444 627 2478 Laterani,
653 2444 738 2475 XIII
766 2443 927 2475 kalendas
958 2444 1056 2480 maii,
1086 2453 1173 2474 anno

157 2497 309 2536 septimo.
332 2509 344 2523 »

230 2698 250 2726 Ι
257 2697 346 2725 228

193 2758 367 2785 Amalfitano
377 2762 406 2785 et
416 2757 597 2785 Salernitano
608 2757 837 2793 archiepiscopis
850 2757 995 2792 significat
1006 2765 1038 2785 se
1052 2758 1174 2785 duxisse

158 2807 316 2835 uniendum
335 2807 543 2834 monasterium
560 2806 759 2837 Rubilianum,
781 2805 929 2833 Flet-ensis
944 2805 1062 2836 ordinis.
1080 2807 1176 2833 eccle-

750 2695 866 2731 Latran,
886 2695 916 2723 12
930 2696 1001 2722 avril
1022 2695 1101 2723 1233.

115 2865 121 2871 ·
156 2856 216 2883 siae
233 2856 259 2882 in
278 2856 417 2882 honorem
435 2854 558 2883 Sanctae
579 2854 706 2882 Marinae
728 2862 817 2890 super
834 2854 977 2889 Majorum
1001 2854 1028 2881 in
1045 2854 1172 2882 dioecesi

157 2905 331 2932 Amalfitana
345 2907 542 2935 constructae,
560 2904 599 2931 ita
613 2903 691 2939 quod
707 2903 830 2930 ecclesia
841 2906 930 2939 eaput
943 2906 973 2930 et
986 2902 1095 2930 dictum
1111 2911 1173 2930 mo-

158 2955 317 2982 nasterium
339 2953 501 2981 membrum
519 2954 625 2981 existat
644 2953 754 2989 ipsius,
771 2953 872 2987 eisque
893 2951 1008 2979 mandat
1029 2957 1173 2988 quatenus

1259 347 1364 375 faciant
1388 352 1418 375 ut
1441 349 1512 376 haec
1536 351 1602 377 unio
1626 350 1826 378 inviolabiliter
1851 351 2032 379 observetur.
2057 368 2092 374 —
2115 354 2200 388 (Rae.
2226 356 2269 389 ¹7,

1259 395 1278 422 s.
1301 396 1316 423 8
1340 403 1383 430 v⁰;
1407 406 1474 424 ann.
1503 397 1567 430 VII,
1592 407 1618 425 c.
1645 399 1692 432 33;
1711 413 1745 420 —
1770 399 1916 427 Pomm-r
1942 400 2030 435 91423
2055 417 2087 421 —
2111 403 2148 430 cf.
2172 411 2268 438 supra,

1259 452 1287 472 n.
1308 445 1522 477 1191011195.)

1301 558 1313 572 «
1335 569 1354 575 ..
1372 548 1558 584 „tmalfitano
1577 554 1603 577 et
1622 571 1640 577 ..
1665 549 1862 578 Salernitana
1884 552 2130 590 arelisessiswpis.
2152 554 2197 583 Ex
2217 564 2271 585 re-

1257 597 1381 629 latione
1400 599 1513 629 dilecti
1529 617 1577 628 ——.
1596 601 1669 630 Dat.
1689 601 1855 636 Laterani,
1875 603 1905 631 II
1925 603 1997 632 idus
2015 605 2140 641 aprilis.
2160 607 2270 644 ponti-

1258 650 1374 681 ficatus
1392 652 1497 681 nostri
1515 661 1602 682 anno
1618 653 1770 691 septimo.
1792 667 1803 679 ‚1

1333 837 1449 867 ¹229
1851 838 1965 871 Latran,
1983 840 2016 867 ‘20
2032 841 2102 868 avril
2122 841 2196 869 1233.

1286 889 1525 934 'Archiepiscopo
1549 899 1712 927 Turonensi
1738 901 1907 928 electionem
1935 902 2029 937 P[etri}
2043 924 2048 934 ,
2075 904 2269 932 archidiaconi

1257 946 1351 973 Castri
1365 947 1490 979 Radutfi,
1507 948 1535 974 in
1551 948 1805 984 archiepiscopum
1820 949 2032 978 Bituricensem
2050 953 2269 981 examinandam

1256 996 1420 1023 committit.
1433 1010 1466 1016 —
1478 996 1562 1029 (Rea.
1575 997 1617 1031 17,
1630 997 1648 1023 f.
1660 998 1675 1024 9
1692 1004 1732 1029 r⁰;
1746 1006 1812 1025 ann.
1829 998 1896 1033 vlt,
1909 1007 1933 1026 c.
1948 1000 1978 1027 34
1991 1008 1997 1031 ;
2012 1016 2045 1020 —
2057 1000 2176 1030 Monam
2192 1002 2268 1035 1188,

1255 1044 1276 1072 f.
1294 1044 1349 1078 41.)

1299 1159 1311 1172 1(
1320 1147 1573 1185 ..archiepiscopo
1585 1149 1763 1178 Turonensi.
1773 1149 1904 1179 Dudum
1912 1150 2050 1180 ecclesia
2064 1151 2269 1183 Bituricensi

1255 1203 1387 1237 pastore
1412 1204 1561 1235 vacante,
1588 1200 1701 1231 dilecti
1730 1201 1792 1230 filii
1817 1225 1836 1230 ..
1860 1202 2004 1233 decanus
2031 1209 2060 1234 et
2086 1205 2268 1243 capitulum

1256 1252 1363 1290 ipsius
1375 1252 1526 1289 ecclesie,
1539 1253 1624 1283 sicut
1638 1254 1836 1292 accepimus,
1851 1257 2086 1287 convenientes
2100 1258 2134 1287 in
2151 1268 2266 1294 unum,

1257 1309 1299 1339 et,
1315 1309 1411 1342 prout
1429 1306 1531 1335 moris
1547 1310 1608 1341 est,
1627 1307 1772 1345 Spiritus
1790 1309 1902 1337 Sancti
1917 1310 2023 1345 gratia
2041 1311 2203 1347 invocata,
2222 1311 2268 1341 di-

1255 1357 1378 1388 lectum
1394 1358 1501 1387 filium
1517 1359 1713 1397 magistrum
1728 1361 1776 1390 P..
1794 1361 2064 1392 archidiaconum
2081 1364 2188 1393 Castri
2206 1365 2267 1395 Ra-

1256 1410 1354 1445 dulfi,
1373 1411 1482 1440 virum
1497 1411 1629 1450 utique,
1648 1412 1733 1441 sicut
1753 1414 1924 1443 asseritur.
1947 1414 2143 1451 litteratum,
2162 1418 2267 1455 provi-

1257 1463 1335 1493 dum
1351 1468 1381 1493 et
1399 1463 1594 1500 honestum,
1616 1475 1651 1495 ac
1671 1466 1705 1495 in
1725 1467 1958 1504 spiritualibus
1981 1473 2010 1498 et
2030 1470 2267 1508 temporalibus

1256 1516 1549 1555 circumspectum,
1577 1518 1611 1547 in
1639 1519 1926 1558 archiepiscopum
1953 1521 2017 1550 sibi
2048 1526 2077 1551 et
2103 1527 2266 1560 pastorem

1255 1569 1461 1599 unanimiter
1477 1570 1666 1607 elegerunt,
1685 1571 1858 1602 electionis
1879 1583 1937 1603 sue
1959 1583 2151 1612 processum
2172 1576 2267 1606 nobis

1254 1632 1313 1661 per
1340 1622 1477 1653 dilectos
1504 1623 1591 1654 filios
1618 1647 1637 1653 ..
1662 1624 1935 1655 archidiaconum
1963 1628 2208 1659 Ner-zenensem
2237 1634 2269 1660 et

1254 1675 1433 1713 magistros
1449 1677 1486 1706 P.
1505 1686 1541 1706 ac
1561 1677 1611 1711 B„
1630 1678 1807 1709 canonicos
1828 1679 2072 1716 Bituricenses,
2094 1685 2125 1711 et
2140 1691 2198 1720 per
2213 1682 2269 1712 lit-

1254 1732 1342 1759 teras
1359 1733 1577 1768 exponenteS,
1597 1739 1633 1760 ac
1651 1736 1801 1769 petentes
1823 1731 1997 1763 humiliter
2012 1739 2045 1763 ut
2073 1734 2267 1766 electionem

1254 1781 1414 1820 ipsorum,
1427 1786 1539 1821 utpote
1552 1783 1710 1814 canonice
1725 1784 1935 1821 celebratam,
1948 1787 2143 1818 auctoritate
2155 1788 2268 1826 digna-

1253 1844 1367 1865 remur
1397 1836 1577 1874 apostolica
1609 1838 1814 1868 confirmare.
1850 1839 1918 1869 Nos
1948 1840 2065 1878 igitur,
2095 1841 2268 1872 electionis

1255 1889 1403 1928 ejusdem
1413 1889 1600 1920 examinato
1611 1900 1779 1928 processu,
1791 1897 1887 1929 prout
1899 1894 2064 1929 convenit,
2078 1894 2266 1933 diligenter,

1254 1945 1291 1971 ut
1312 1941 1418 1971 nichil
1442 1941 1480 1972 de
1499 1942 1771 1979 contingentibus
1790 1945 1943 1975 omittere
1958 1946 2160 1983 videremur,
2186 1957 2268 1978 eun-

1255 1993 1329 2024 dem
1345 1993 1487 2023 electum
1503 1995 1544 2024 ad
1560 1999 1707 2025 nostram
1728 1997 1932 2034 presentiam
1950 1999 2091 2029 fecimus
2114 2009 2265 2031 evocare.

1253 2050 1301 2081 ut,
1321 2046 1495 2086 inquisitis
1512 2057 1575 2086 que
1595 2052 1671 2078 sunt
1690 2049 1725 2077 111
1745 2049 1867 2079 talibus
1883 2049 2094 2089 inquirenda,
2113 2053 2268 2090 procede-

1254 2108 1366 2130 remus
1378 2105 1484 2138 prout,
1499 2101 1683 2131 secundum
1695 2102 1812 2137 Deum,
1827 2102 2016 2134 videremus
2029 2105 2146 2135 eximie
2158 2115 2267 2144 proce-

1255 2151 1411 2182 dendum.
1433 2154 1507 2191 Ipso
1524 2153 1628 2191 igitur
1646 2164 1682 2185 ac
1698 2161 1911 2193 procuratore
1927 2157 2065 2195 predicti
2081 2158 2218 2197 capituli
2232 2159 2266 2189 in

1255 2209 1369 2235 nostra
1386 2210 1520 2244 propter
1535 2206 1597 2237 1100
1612 2209 1783 2246 presentia
1801 2210 2007 2240 constitutis.
2026 2220 2062 2240 ac
2078 2212 2268 2249 petentibus

1256 2257 1453 2289 electionem
1470 2259 1662 2299 hujusmodi
1681 2261 1882 2297 confirmari,
1896 2263 1974 2301 quia
1987 2264 2127 2302 quedam
2143 2265 2182 2295 de
2198 2274 2268 2304 per-

1256 2319 1338 2342 sona
1356 2312 1427 2351 ejus
1446 2313 1714 2352 pei-jamdictum
1739 2315 1900 2345 decanum
1920 2319 1951 2346 et
1975 2317 2135 2355 quosdam
2160 2318 2199 2349 de
2219 2328 2269 2348 ca-

1255 2365 1386 2395 nonicis
1405 2365 1675 2397 Bituricensibus
1693 2367 1816 2398 nostris
1839 2369 1976 2399 auribus
1995 2375 2071 2400 sunt
2089 2370 2206 2406 relata,
2229 2372 2269 2401 ad

1256 2418 1542 2450 confirmationem
1559 2420 1666 2459 ipsius
1685 2429 1751 2451 non
1768 2421 1922 2452 duximus
1940 2423 2193 2461 procedendum.
2214 2425 2269 2455 Li-

1256 2475 1306 2501 cet
1318 2475 1429 2502 autem
1442 2471 1481 2502 de
1496 2472 1567 2511 ipso
1585 2473 1689 2503 eleeto
1704 2473 1784 2504 talia
1795 2474 1849 2504 vix
1863 2475 2047 2511 credamus,
2063 2477 2142 2515 quia
2158 2481 2268 2508 tamen

1255 2523 1395 2554 verbum
1412 2524 1561 2563 Apostoli
1581 2526 1725 2557 dicentis
1744 2537 1750 2556 :
1780 2539 1792 2554 «
1813 2528 1950 2557 Nemini
1967 2528 2032 2558 cito
2049 2538 2184 2559 manum
2205 2530 2269 2560 im-

1255 2577 1409 2615 posueris
1423 2578 1444 2613 ¹,
1465 2590 1478 2604 »
1497 2578 1655 2609 debemus
1670 2580 1841 2611 attendere
1857 2580 2046 2619 diligenter,
2060 2582 2268 2613 considerato

1256 2628 1358 2659 etiam
1374 2630 1462 2668 quod
1479 2631 1587 2661 eidem
1604 2632 1759 2668 ecclesie,
1779 2636 1891 2671 utpote
1908 2643 1971 2672 que
1991 2634 2078 2664 inter
2094 2635 2268 2666 universas·

1257 2681 1415 2713 ecclesias
1436 2683 1619 2721 gallicanas
1637 2694 1791 2723 magnam
1814 2686 1940 2724 optinet
1957 2686 2167 2725 [lignitatem.
2193 2687 2269 2718 talis·

1254 2734 1481 2772 preficiendus
1495 2741 1543 2767 est
1561 2737 1595 2767 in
1609 2742 1787 2776 pastorem,
1805 2739 1859 2768 0111
1874 2738 1977 2769 nichil
1994 2739 2101 2770 obviet
2119 2740 2158 2770 de
2173 2749 2268 2770 cano-

1257 2787 1343 2818 nicis
1368 2788 1550 2826 institutis,
1576 2800 1614 2820 ea
1635 2800 1699 2829 que
1722 2791 1818 2821 nobis
1842 2791 1944 2822 relata
1961 2792 2108 2828 suerunt,
2130 2792 2191 2823 tihi
2207 2794 2268 2824 suh

1256 2839 1349 2871 bulla
1373 2846 1487 2872 nostra
1508 2843 1679 2874 mittentes
1699 2844 1844 2879 inclusa,
1866 2845 2060 2875 mandamus
2084 2850 2266 2884 quatenus,

1292 2959 1313 2983 1.
1332 2960 1342 2984 1
1359 2959 1439 2990 Tim.,
1457 2961 1479 2992 5,
1493 2961 1522 2986 22
1537 2969 1542 2985 :
1561 2970 1572 2985 (1
1590 2962 1687 2986 Manus
1703 2963 1758 2987 cito
1774 2963 1877 2987 nemini
1894 2964 2070 2994 imposueris.
2087 2973 2099 2987 1)
