2498 3242
241 291 297 320 543
965 288 1204 319 REGISTRES
1227 288 1281 318 DE
1304 281 1526 320 GREGOIRE
1549 290 1607 320 1x.
2278 290 2335 321 644

242 356 460 383 Laudtinciiseni
475 377 480 387 ,
497 365 511 381 a
528 355 679 381 sententiis
694 356 1023 382 exeonininnicationum
1045 363 1116 390 quas
1136 356 1163 381 in
1180 362 1246 380 eum

240 404 366 430 decmns
382 409 406 428 et
425 404 580 437 capitulum
598 403 805 430 Lnudunenscs
822 404 954 436 tulerant,
971 403 1130 436 absolvant,
1146 407 1174 430 et
1191 412 1246 429 non

240 452 403 485 permittant
421 451 455 476 ab
473 451 616 477 universis
633 451 675 476 rel
692 452 816 483 singulis
832 451 866 477 de
881 451 1005 486 capitulo
1020 459 1114 477 corani
1128 451 1246 485 aliisju-

239 500 352 526 dinibus
368 500 525 525 molestari.
547 514 571 518 —
593 499 675 531 (neo.
699 500 738 529 16,
757 501 774 526 s.
792 501 824 526 94
844 507 887 533 x·⁰;
904 509 970 526 ann.
990 499 1039 528 VI,
1057 509 1082 526 c..
1099 500 1172 533 390.)

327 601 371 628 ΙΙ..
401 601 619 629 archidiacano
645 602 828 636 Parisirnsi,
861 607 886 629 c!
917 603 1061 638 ›riciqixlro
1091 602 1243 635 1'mmcio,

243 654 413 682 Teia-isirin„
435 659 460 681 r!
482 654 512 681 R.
534 654 566 681 dr
583 655 708 683 iilam-si.
728 655 907 683 Parmensi·
923 655 1088 684 canonicis.
1110 655 1247 682 Parixi'us

240 706 510 734 romivm-amians.
531 706 613 736 Cum
629 705 903 735 dil‹=ctun1s11i111n
921 723 968 734 —.
987 707 1059 735 Dat.
1079 706 1244 742 Anagnia

239 758 285 787 XI
309 757 467 787 kalendas
491 758 620 787 martii.
639 758 850 796 pontificatus
872 758 974 788 nostri
999 766 1085 787 anno
1110 762 1211 787 sexto.
1231 769 1244 783 n

312 948 427 976 1¹26

275 1010 376 1035 Abbati
400 1015 425 1034 et
447 1009 603 1035 conventui
620 1008 859 1035 Cluniacensibns
879 1009 1011 1035 concedit
1032 1013 1071 1039 ut,
1094 1018 1159 1036 cum
1179 1011 1246 1043 qui-

784 948 911 982 Anagni,
932 948 957 973 11
977 948 1081 974 fevi-ier
1098 948 1172 974 ¹233.

237 1058 300 1083 dam
316 1057 538 1090 archiepiscopi.
557 1057 686 1091 episcopi
702 1061 730 1083 ct
745 1057 791 1083 alii
810 1057 935 1092 praelati,
949 1058 1013 1084 licet
1031 1059 1056 1083 in
1073 1058 1245 1092 quibusdam

236 1105 370 1131 domibus
381 1111 407 1130 et
421 1105 594 1138 prioratibus
611 1104 843 1132 Cluniacensium
861 1106 1033 1132 visitationis
1049 1107 1172 1133 officinm
1190 1115 1245 1133 non

238 1152 447 1187 impendentes,
462 1152 679 1186 procurationes
695 1156 788 1178 tamen
806 1152 840 1178 ab
856 1154 898 1179 eis
915 1154 1073 1188 exigerent,
1086 1154 1246 1188 praedictae

236 1200 339 1226 doinus
355 1205 382 1226 et
399 1200 555 1234 prioratus.
576 1201 631 1227 nisi
647 1209 712 1227 cum
730 1200 814 1227 iidem
831 1201 1054 1236 archiepiscopi.
1071 1203 1200 1237 episcopi
1218 1206 1247 1229 et

236 1249 352 1283 praelati
365 1256 413 1274 eas
427 1249 613 1282 personaliter
626 1249 784 1279 visitarent,
794 1248 828 1275 ad
842 1250 1070 1283 procurationem
1084 1251 1246 1277 nullatenus

236 1300 395 1326 teneantur,
411 1297 466 1322 nisi
482 1296 588 1330 aliquid
605 1297 631 1322 in
649 1296 823 1323 contrarium
841 1298 1007 1324 rationabile
1022 1298 1200 1325 ostendatur.
1211 1312 1247 1319 —

237 1344 320 1377 (Rso.
341 1346 386 1378 16,
405 1346 422 1371 s.
445 1346 477 1372 94
500 1352 543 1378 νος
563 1354 628 1372 ann.
651 1345 705 1379 VI,
722 1354 747 1372 c.
766 1346 830 1378 32&
849 1362 877 1366 —
900 1346 936 1372 cf.
959 1345 1104 1374 PoTrnas'r
1119 1347 1202 1374 9089*
1218 1350 1246 1374 et

236 1393 341 1425 9090'.)

319 1518 335 1522 .,
361 1495 462 1523 abbati
487 1500 511 1523 e!
535 1496 699 1523 conventui
722 1495 982 1524 Cluniacensibus.
1011 1495 1094 1525 Cum
1119 1495 1245 1525 emolu-

236 1552 384 1575 mentum
412 1546 503 1576 oneri
531 1564 578 1574 —.
606 1547 679 1576 Dat.
706 1547 868 1583 Anagnie.
897 1548 945 1577 III
971 1547 1045 1577 idus
1070 1547 1242 1583 februarii,

237 1607 323 1627 anno
341 1603 441 1628 sexto.
462 1611 474 1623 n

311 1789 422 1818 ¹¹2¹!

273 1850 377 1876 Abbati
394 1855 421 1876 et
437 1851 593 1876 conventui
609 1850 858 1882 Clnniacensibus,
873 1860 938 1878 cum
956 1852 1069 1886 quidam
1086 1854 1244 1888 archiepis-

781 1790 907 1824 Anagni,
926 1791 952 1816 11
974 1791 1077 1817 fevi-ier
1096 1791 1172 1818 1233.

236 1899 313 1932 copi,
331 1898 364 1924 ad
381 1898 482 1924 domos
499 1903 526 1925 et
543 1900 685 1932 prioratus
701 1898 906 1926 Cluniacenses
923 1902 1097 1927 constitutos
1118 1903 1143 1928 in
1165 1902 1244 1929 dioe-

236 1947 352 1973 cesibus
382 1946 627 1980 suffraganeorum
653 1955 771 1973 snorum
801 1947 985 1979 accedentes,
1014 1951 1243 1983 procurationem

238 1995 392 2021 indebitam
416 1995 499 2021 annis
522 1996 647 2029 singulis
670 1996 704 2021 ab
729 1996 836 2022 eisdem
863 1996 997 2023 domibus
1019 2001 1047 2024 ot
1071 1999 1243 2031 prioratibus

236 2044 394 2077 exigerent,
411 2052 572 2078 quanquam
591 2045 652 2070 illae
669 2045 886 2078 procurationes
903 2054 957 2071 non
975 2048 1178 2074 consueverint
1193 2056 1243 2074 an-

237 2093 280 2117 nis
299 2092 422 2125 singulis
438 2093 576 2122 exhiberi,
596 2097 693 2119 notum
711 2093 777 2119 facit
791 2102 822 2119 se
840 2094 970 2121 inhibere
988 2103 1021 2121 ne
1038 2096 1064 2121 id
1081 2096 1128 2122 fiat
1143 2096 1178 2122 de
1195 2104 1244 2123 ce-

236 2145 306 2169 tero,
322 2141 486 2174 praesertim
504 2141 531 2167 in
548 2142 664 2167 casibus
682 2150 736 2168 non
754 2143 914 2170 concessis.
928 2158 958 2162 —
976 2143 1054 2173 (Rau.
1073 2144 1112 2175 16,
1125 2145 1143 2170 f.
1156 2145 1240 2176 951·0;

235 2197 301 2214 ann.
322 2188 370 2217 vl,
387 2197 413 2216 c.
431 2190 498 2219 32&
517 2204 548 2208 —
565 2190 601 2216 cf.
618 2189 765 2216 PorraAsr
781 2190 863 2217 9089·
879 2196 907 2217 et
926 2191 1032 2224 9090'.)

325 2313 343 2317 ..
375 2291 475 2318 abbati
502 2296 526 2318 e!
554 2293 717 2320 convmnui
744 2292 1005 2321 Cluniacensibzts.
1033 2293 1173 2323 Gravem
1204 2303 1241 2324 ex

237 2347 326 2379 partu·
344 2359 391 2370 —.
411 2343 483 2371 Dat.
502 2347 533 2371 ut
552 2352 661 2380 snpra.
684 2359 694 2369 u

310 2533 423 2561 ¹¹28

271 2594 377 2620 Abbati
397 2599 425 2620 et
442 2595 526 2628 priori
544 2594 640 2622 Sancti
661 2595 735 2622 Petri
753 2595 818 2622 Vivi
833 2602 860 2622 et
876 2597 1076 2624 archidiacono
1093 2598 1244 2625 Senonen-

236 2643 318 2668 sibus
334 2642 448 2669 mandat
463 2647 616 2677 quatenus,
633 2652 697 2669 cum
716 2645 742 2670 in
759 2645 931 2678 quibusdam
947 2646 1078 2673 ecclesiis
1095 2647 1120 2673 in
1137 2648 1244 2682 quibus

777 2534 903 2569 Anagni,
923 2534 956 2562 ‘25
972 2536 1075 2563 seri-ier
1096 2537 1171 2564 1233.

235 2691 323 2716 abbas
345 2696 371 2716 et
397 2696 558 2717 conventus
579 2690 786 2719 Cluniacenses
804 2694 855 2727 jus
877 2693 1043 2720 obtinebant
1066 2699 1242 2729 patronatus,

236 2738 331 2764 clerici
354 2738 386 2763 ad
409 2739 666 2772 praesentationem
690 2741 817 2774 ipsorum
839 2741 949 2767 abbatis
969 2746 997 2767 et
1015 2747 1174 2769 conventus
1196 2752 1244 2777 per

236 2785 424 2811 dioec-osams
442 2795 595 2821 episcopos
611 2788 750 2821 instituti,
769 2789 873 2815 nollent
890 2790 1015 2824 recipere
1032 2791 1155 2822 ordines,
1173 2795 1200 2817 et
1215 2792 1243 2818 in

236 2834 367 2860 ecclesiis
384 2835 566 2861 residentiam
583 2836 675 2862 facere
691 2842 923 2871 aspernarentur,
935 2846 984 2863 eos
999 2839 1032 2863 ad
1048 2840 1243 2874 recipiendum

235 2882 351 2907 ordines
364 2883 439 2908 etad
456 2883 580 2909 debitam
598 2884 780 2911 residentiam
795 2885 952 2912 faciendam
970 2892 1104 2914 moneant
1118 2892 1146 2914 et
1162 2889 1244 2915 indu-

235 2935 313 2961 cant;
329 2931 403 2963 quod
422 2932 444 2957 si
462 2940 560 2958 eorum
578 2932 695 2959 monitis
711 2933 894 2967 acquiescere
911 2942 965 2960 non
978 2937 1150 2967 curaverint,
1164 2937 1244 2972 ipsos

1330 355 1464 389 praefatis
1480 356 1612 382 ecclesiis
1627 356 1780 391 privantes,
1793 363 1842 382 eas
1857 356 1961 382 faciant
1976 363 2026 390 per
2040 355 2104 382 illos
2119 355 2153 382 ad
2169 363 2242 390 quos
2258 356 2335 391 ipsa-

1328 411 1390 428 rum
1401 403 1540 429 ordinatio
1551 405 1683 438 pertinet,
1693 404 1727 430 de
1740 404 1870 438 personis
1879 403 1990 431 idoneis
2001 403 2136 430 ordinari.
2149 417 2181 423 -—
2192 403 2275 436 (Rae.
2290 404 2333 438 16,

1330 451 1348 477 f.
1365 451 1398 477 95
1415 458 1454 481 l‘⁰;
1471 459 1537 478 ann.
1555 451 1606 485 VI,
1623 460 1648 478 c.
1667 451 1741 484 3‘23.)

1370 572 1382 584 «
1407 582 1425 587 ..
1449 559 1550 588 abbati
1571 565 1596 588 et
1619 582 1638 587 ..
1662 560 1764 597 priori
1783 559 1889 589 Sancti
1907 560 1988 589 Petri
2011 561 2075 588 Viri
2092 565 2116 588 e!
2133 582 2154 588 ..
2174 560 2335 589 archidia-

1329 621 1401 641 cono
1423 612 1654 641 senonensibus.
1677 612 1722 641 Ex
1741 615 1831 650 parte
1854 611 2049 642 dilectorum
2071 629 2118 641 -—.
2137 612 2210 642 Dat.
2228 612 2334 650 Anag-

1329 664 1395 698 nie,
1411 665 1441 694 V
1455 664 1614 694 kalendas
1632 664 1756 699 martii,
1775 673 1861 694 anno
1879 668 1980 695 sexto.
2003 677 2015 691 n

1402 863 1421 890 1
1432 862 1518 890 129
1873 862 1998 896 Anagni,
2015 862 2047 890 24
2067 863 2170 889 sevrier
2186 862 2265 891 1233.

1363 923 1469 950 Abbati
1487 923 1655 950 monasterii
1675 922 1773 949 Sancti
1794 922 1943 950 Benedicti
1959 923 1994 950 de
2010 923 2098 958 Bagis
2113 923 2243 958 indulget
2258 927 2289 951 ut
2303 932 2337 951 ea

1327 980 1400 1006 quae
1422 971 1456 997 de
1481 972 1565 998 bonis
1587 971 1655 998 dieti
1676 971 1843 998 monasterii
1865 979 1914 1006 per
1936 971 2074 1006 quosdam
2099 971 2336 1006 praedecessores

1328 1020 1420 1054 ipsius
1431 1019 1553 1050 abbatis,
1567 1019 1602 1045 de
1617 1028 1740 1046 assensu
1757 1022 1919 1046 conventus
1935 1019 2065 1054 ejusdem
2079 1020 2254 1052 monasterii,
2267 1020 2336 1047 alie-

1328 1072 1393 1095 nata
1409 1069 1452 1094 vel
1469 1068 1604 1094 distracta
1619 1068 1740 1099 fuerant,
1754 1067 1847 1102 adjus
1861 1071 1889 1094 et
1901 1068 2105 1102 proprietatem
2119 1068 2261 1103 ejusdem,
2278 1076 2336 1095 non

1328 1117 1459 1143 obstante
1476 1117 1641 1150 juramento
1666 1116 1742 1150 quod
1763 1116 1847 1142 iidem
1870 1116 2109 1150 praedecessores
2127 1119 2155 1143 et
2174 1119 2336 1143 conventus

1328 1164 1465 1199 praedicti
1480 1165 1514 1190 de
1532 1173 1586 1190 non
1603 1164 1771 1191 revocandis
1787 1164 1859 1199 ipsis
1875 1164 2043 1191 dicebantur
2060 1165 2248 1199 praestitisse,
2265 1164 2335 1199 legi-

1327 1214 1396 1239 time
1412 1221 1508 1239 corani
1524 1213 1698 1247 competenti
1710 1212 1809 1246 judice
1825 1212 1878 1247 ipsi
1894 1212 1976 1238 liceat
1992 1220 2134 1239 revocare.
2148 1226 2183 1233 —
2194 1212 2277 1246 (Rae.
2289 1212 2332 1247 16,
2352 1247 2357 1252 ³

1326 1261 1345 1288 f.
1363 1262 1451 1294 951·0;
1469 1270 1536 1288 ann.
1555 1260 1603 1295 Vl,
1620 1270 1645 1288 c.
1663 1261 1736 1295 324.)

1369 1383 1381 1396 (ι
1403 1393 1422 1398 ..
1439 1370 1540 1399 abbati
1559 1371 1738 1399 monasterii
1755 1370 1862 1399 Sancti
1879 1370 2030 1398 Benedicti
2046 1370 2079 1398 de
2093 1370 2192 1407 Bagis,
2213 1369 2333 1398 ordinis

1326 1423 1426 1452 sancti
1446 1422 1610 1457 Benedicti,
1636 1423 1766 1451 vicensis
1783 1422 1915 1450 diocesis.
1936 1421 2025 1451 Solet
2041 1429 2187 1451 annuere
2203 1424 2264 1451 etc.
2281 1437 2331 1450 —.

1326 1475 1400 1504 Dat.
1417 1474 1580 1511 Anagnia,
1598 1474 1643 1504 VI
1659 1473 1817 1504 kalendas
1832 1473 1955 1508 martii,
1974 1482 2060 1503 anno
2076 1477 2177 1504 sexto.
2197 1485 2210 1499 n

1399 1677 1515 1706 1130
1867 1676 1993 1711 Anagni,
2011 1677 2042 1702 19
2060 1676 2163 1703 sevrier
2184 1675 2260 1704 1233.

1362 1738 1469 1765 Abbati
1492 1738 1590 1764 Sancti
1612 1737 1689 1764 Petri
1712 1737 1781 1764 foris
1803 1737 1917 1764 Portam
1941 1740 1970 1764 et
1992 1737 2079 1772 priori
2100 1737 2197 1764 Sancti
2218 1737 2332 1764 Martini

1326 1786 1544 1814 Viennensibus
1561 1786 1675 1813 mandat
1689 1790 1832 1821 quatenus
1848 1786 1972 1812 nobilem
1988 1786 2080 1812 virum
2097 1786 2283 1813 Aldemarum
2297 1785 2332 1813 de

1327 1835 1468 1868 pictavia,
1488 1850 1521 1854 —
1542 1835 1604 1868 qui,
1625 1835 1706 1865 licet,
1723 1843 1774 1869 pro
1795 1835 1909 1869 negotio
1932 1834 2010 1869 pacis
2025 1838 2053 1861 et
2076 1834 2140 1860 fidei
2163 1837 2191 1861 et
2206 1833 2333 1861 indebita

1325 1884 1474 1910 exactione
1487 1883 1671 1918 pedagiorum
1681 1882 2125 1917 excommunicatus,juravisset
2133 1882 2246 1909 tandem
2257 1885 2332 1909 stare

1326 1932 1467 1958 mandatis
1482 1931 1638 1963 Ecclesiae,
1654 1939 1687 1958 ac
1702 1931 1756 1957 tria
1771 1935 1864 1958 castra
1879 1931 1906 1957 in
1925 1931 2058 1958 manibus
2073 1931 2164 1957 bonae
2179 1930 2332 1958 memoriae

1326 1979 1510 2014 Blcrtrandil,
1523 1980 1692 2006 Sanctorum
1705 1979 1848 2006 Johannis
1859 1984 1886 2006 et
1902 1979 1980 2006 Pauli
1994 1979 2154 2014 presbyteri
2169 1979 2331 2013 cardinalis,

1325 2028 1511 2063 Apostolicae
1536 2028 1620 2055 Sedis
1645 2029 1745 2063 legati,
1761 2029 1986 2062 assignavisset,
2007 2027 2106 2055 eadem
2128 2031 2222 2054 tamen
2238 2030 2332 2054 castra

1326 2077 1484 2111 occupabat
1505 2080 1533 2103 et
1553 2077 1715 2110 detinebat,
1737 2080 1764 2103 et
1784 2077 1903 2111 insuper
1923 2077 1996 2103 inter
2016 2077 2086 2103 alias
2106 2076 2243 2103 ecclesias
2259 2083 2331 2110 quas

1325 2125 1490 2158 offenderat,
1514 2124 1681 2151 Valentinae
1703 2128 1731 2151 et
1750 2125 1813 2152 aliis
1835 2125 1968 2152 ecclesiis
1989 2125 2110 2159 injurias
2129 2132 2184 2151 non
2205 2123 2332 2150 modicas

1325 2174 1476 2204 intulerat,
1494 2188 1525 2192 —
1542 2173 1575 2199 ad
1593 2173 1770 2200 restituenda
1787 2173 1933 2200 Ecclesiae
1953 2173 2100 2200 Romanae
2117 2163 2332 2207 praedictzstria

1325 2227 1418 2248 castra
1434 2225 1578 2248 moneant.
1596 2237 1629 2241 —
1647 2222 1731 2254 (Rae.
1749 2222 1792 2255 16,
1808 2222 1828 2249 f.
1845 2222 1877 2249 95
1892 2228 1932 2255 r⁰;
1949 2230 2015 2248 ann.
2033 2221 2083 2253 VI,
2101 2229 2126 2248 c.
2143 2221 2216 2253 325.)

1367 2342 1379 2355 «
1404 2353 1424 2358 ..
1444 2331 1545 2359 abbati
1562 2330 1668 2359 Sancti
1685 2331 1767 2359 Petri
1783 2331 1859 2366 foris
1876 2331 1999 2359 Portam
2020 2335 2044 2358 ει
2066 2352 2084 2357 ..
2104 2329 2207 2366 priori
2224 2328 2332 2358 Sancti

1325 2384 1454 2412 Martini
1479 2383 1703 2412 Viennensibus.
1723 2383 1773 2412 Ad
1795 2383 1999 2413 audientiam
2018 2386 2164 2412 nostram
2184 2398 2232 2409 —.
2255 2381 2329 2411 Dat.

1324 2435 1487 2473 Anagnie,
1507 2435 1555 2465 XI
1572 2435 1731 2465 kalendas
1749 2435 1872 2471 martii7
1891 2443 1977 2465 anno
1993 2439 2094 2465 sexto,
2117 2447 2129 2461 n

1399 2639 1512 2666 1131

1361 2699 1505 2734 Episcopo
1528 2700 1736 2728 Silvanectensi
1760 2700 1874 2726 mandat
1895 2703 2038 2734 quatenus
2058 2703 2153 2726 certos
2172 2698 2283 2725 abusus
2301 2697 2330 2724 in

1324 2748 1558 2780 archidiaconatu
1587 2749 1744 2775 Morinensi
1769 2749 1796 2774 in
1822 2748 1961 2778 Flandria‚
1984 2747 2012 2774 J.
2039 2746 2239 2773 archidiacono
2262 2745 2332 2772 inti-

1326 2799 1436 2825 mante.
1455 2797 1678 2829 invalescentes,
1697 2812 1729 2816 —
1750 2797 1882 2823 videlicet
1902 2795 1978 2830 quod
1994 2795 2021 2822 in
2038 2795 2138 2821 eodem
2155 2793 2332 2821 archidiaco-

1327 2848 1392 2870 natu
1418 2853 1472 2870 una
1495 2850 1523 2870 ct
1545 2845 1642 2871 eadem
1664 2846 1786 2872 ecclesia
1806 2845 2005 2871 conferebatur
2027 2843 2167 2878 pluribus,
2188 2850 2261 2877 quae
2281 2841 2331 2869 uni

1326 2896 1516 2918 consueverat
1531 2893 1649 2919 concedi
1667 2901 1822 2927 personae,
1840 2897 1868 2919 et
1883 2892 1958 2927 quod
1980 2892 2027 2918 filii
2051 2891 2282 2926 presbyterorum
2303 2893 2331 2917 et

1326 2941 1416 2974 spurii
1444 2941 1573 2976 patribus
1598 2942 1624 2967 in
1648 2941 1836 2975 dignitatibus
1859 2945 1887 2967 et
1911 2941 2043 2967 ecclesiis
2062 2939 2270 2971 succedebant,
2286 2937 2330 2965 in·
2360 2942 2362 2944 ’

1871 2637 1996 2671 Anagni,
2010 2638 2044 2664 ‘25
2060 2637 2164 2664 sevi-ier
2181 2636 2259 2664 1233.
