2498 3242
234 270 292 300 709

233 335 314 366 villa
324 336 453 374 prefata
464 339 495 366 et
511 335 760 366 circumvicinis
777 335 982 373 regionibus,
995 337 1089 376 juxta
1104 335 1252 374 priorum

235 388 478 419 continentiam
494 387 693 423 litterarum,
716 387 897 418 hereticam
914 390 1123 427 pravitatem,
1139 393 1169 419 et
1188 388 1252 418 hu-

202 434 205 437 ’
231 441 379 480 jusmodi
393 440 583 479 vulpeculas
595 440 784 480 capiendas,
797 450 860 479 que
876 442 1032 472 tortuosis
1045 441 1251 471 anfractibus

236 494 369 524 vineam
393 493 527 524 Domini
549 493 687 524 sabaoth
713 493 864 523 demoliri
896 495 1063 530 nituntur,
1096 495 1252 524 advocato

237 547 278 576 ad
292 546 366 582 hoc,
384 546 412 576 si
432 555 567 576 necesse
587 546 704 580 fucrit,
724 546 862 576 brachio
883 547 1025 577 seculari
1042 565 1090 577 —.
1106 547 1163 576 des
1179 546 1252 576 dili-

237 608 319 637 gens
339 599 485 630 studium
505 603 536 629 et
556 608 690 637 operam
707 600 888 631 efficat-em,
910 600 943 629 in
967 604 1203 638 receptatores,
1222 603 1253 629 et

237 651 430 682 defensores
450 656 481 682 et
500 653 646 682 fautores
666 661 778 682 eorum
802 653 1154 683 excommunicationis
1171 656 1199 682 et
1218 652 1251 681 in

239 710 363 736 terram
387 714 501 735 eorum
529 705 698 735 interdicti
728 706 912 736 sententias
938 706 1194 744 promulgando.
1222 709 1253 735 et

239 757 323 788 alias
351 762 448 796 prout
480 758 634 797 expedire
667 758 806 793 videris,
838 759 1060 797 procedendo;
1092 758 1252 788 attentius

202 806 205 807 ⁷
238 810 433 848 provisurus
454 819 494 841 ne
513 811 570 850 qni
589 811 744 841 videntur
764 812 904 848 reverti,
922 812 1102 842 moliantur
1118 811 1252 849 gravius

236 863 371 893 vineam
393 863 527 893 Domini
548 864 712 894 demoliri.
738 864 834 895 Unde
859 864 1046 903 Apostolice
1071 865 1166 895 Sedis
1186 868 1253 894 sta-

239 919 319 951 tuta,
340 925 403 955 que
422 926 522 955 super
539 916 731 956 hujusmodi
747 917 900 948 duximus
914 917 1171 956 promulganda,
1193 917 1254 947 tibi

238 967 300 998 sub
323 967 414 998 bulla
438 974 549 999 nostra
573 970 788 1005 transmissa,
811 970 976 1009 inspicere
995 970 1135 1008 poteris.
1163 975 1193 1000 et
1213 970 1254 1000 ab

238 1030 353 1051 eorum
369 1021 515 1052 insidiis.
531 1023 714 1053 secundum
731 1023 931 1062 sapientiam
950 1023 1011 1052 tibi
1027 1024 1138 1053 datam
1154 1034 1171 1053 a
1188 1024 1253 1053 Do·-

236 1074 339 1109 mino,
356 1083 542 1112 precavere.
565 1075 601 1105 Si
621 1084 698 1105 vero
714 1075 836 1115 aliqui‚
855 1075 1001 1106 heretica
1024 1076 1097 1106 labe
1119 1076 1253 1114 penitus

237 1127 406 1166 abjurata,
425 1127 465 1157 ad
481 1128 742 1158 ecclesiasticam
763 1128 872 1159 redire
892 1128 1057 1159 voluerint
1077 1129 1250 1165 unitatem,

237 1179 321 1218 ipsis
331 1180 424 1219 juxta
438 1181 579 1211 sormam
599 1181 763 1214 Ecclesie,
785 1190 860 1211 cum
877 1181 1129 1211 diocesanei-um
1149 1182 1253 1212 dicto—

239 1241 312 1261 rum
329 1232 479 1268 consilio,
498 1233 699 1263 beneficium
718 1233 939 1264 absolutionis
953 1234 1137 1272 impendas,
1158 1239 1189 1265 et
1204 1236 1252 1264 in-

235 1285 358 1324 jungas
370 1285 418 1315 eis
428 1286 515 1324 quod
527 1286 650 1315 talibus
662 1286 835 1316 consuevit.
846 1286 989 1325 injungi.
1001 1287 1050 1316 Ad
1062 1287 1133 1317 hec.
1145 1293 1179 1317 ut
1192 1288 1253 1325 [in]

237 1337 412 1376 premissis
434 1338 589 1368 omnibus
606 1338 751 1369 officium
771 1338 830 1368 tibi
850 1348 924 1368 cum
944 1338 1100 1376 predictis
1117 1340 1253 1377 collegis

239 1391 306 1420 tuis
324 1390 539 1421 commissum
557 1391 669 1421 valeas
688 1390 830 1421 liberius
853 1395 884 1421 et
904 1391 1071 1422 efficacius
1088 1402 1252 1429 exercere,

237 1444 394 1475 omnibus
411 1445 469 1484 qui
493 1445 533 1475 ad
553 1445 815 1484 predicationem
837 1449 927 1475 tuam
946 1449 976 1475 et
999 1446 1165 1475 sociorum
1180 1450 1254 1476 tuo-

237 1506 313 1527 rum
335 1498 552 1533 accesserint,
572 1502 683 1537 preter
701 1507 756 1529 eos
778 1499 836 1537 qui
859 1507 959 1537 super
979 1498 1137 1536 predictis
1159 1498 1253 1529 vobis

237 1550 411 1582 auxilium.
433 1551 610 1581 eonsilium
629 1551 838 1590 prestiterint
854 1550 905 1581 vel
919 1552 1077 1587 savorenu
1099 1551 1202 1581 semel
1217 1551 1253 1580 in

236 1604 436 1639 ebdomada,
456 1605 578 1643 viginti
594 1605 665 1635 dies
681 1605 720 1635 dc
741 1605 892 1643 injuncta
909 1604 975 1634 sibi
997 1605 1181 1642 penitentia
1200 1614 1254 1635 re-

236 1656 399 1688 laxamus.
426 1658 500 1688 Dat.
529 1657 706 1696 Laterani,
739 1658 824 1688 XIII
848 1657 1010 1687 kalendas
1037 1658 1138 1693 maii,
1166 1666 1253 1688 anno

236 1710 388 1749 septimo.
406 1722 420 1737 ι»

312 1908 433 1937 1254
832 1909 946 1944 Latran,
962 1910 996 1936 ⁶20
1012 1910 1082 1936 avril
1103 1910 1178 1937 1233.

273 1969 382 1996 Abbati
397 1969 497 1996 Sancti
514 1969 623 1997 Bet-tini
640 1970 772 2005 indulget
789 1973 819 1997 ut
835 1971 880 1997 bis
895 1971 944 2004 qui
962 1971 988 1997 in
1005 1972 1180 1998 monasterio
1197 1979 1251 1998 suo

236 2017 386 2052 religionis
403 2017 530 2045 habitum
548 2022 749 2053 susceperant,
767 2022 796 2046 et
811 2027 958 2054 nunquam
977 2020 1089 2046 fuerant
1107 2028 1156 2055 per
1171 2020 1251 2054 epis-

233 2073 325 2101 copos
345 2066 484 2100 ordinati,
501 2068 526 2093 ci
543 2067 627 2094 liceat
642 2075 760 2094 manum
779 2067 938 2102 imponere,
955 2076 989 2094 ac
1006 2068 1071 2094 illos
1086 2073 1249 2095 tonsurare.

234 2129 269 2136 —
289 2114 372 2146 (Rso.
393 2115 470 2146 17,1’.
491 2115 520 2142 13
537 2122 578 2149 r⁰;
595 2123 664 2142 ann.
680 2114 746 2147 VII,
762 2123 788 2143 c.
806 2116 862 2148 55.)

277 2235 289 2248 «
314 2246 333 2251 ..
351 2223 453 2252 abbati
473 2224 580 2253 Sancti
598 2224 727 2253 Bertini.
745 2223 796 2253 Ad
817 2224 1002 2254 faciendam
1023 2224 1083 2253 tibi
1101 2243 1150 2254 —.
1175 2226 1248 2255 Dat.

233 2276 402 2311 Laterani,
423 2276 489 2306 XII
507 2276 666 2306 kalendas
685 2276 776 2311 maii,
795 2285 882 2306 anno
901 2277 1052 2315 septimo.
1075 2290 1087 2303 n

308 2483 423 2510 ¹255
831 2482 943 2515 Latran,
962 2483 995 2510 20
1011 2484 1081 2510 avril
1102 2484 1178 2511 1233.

268 2543 416 2579 Episcopo
435 2543 604 2579 Morinonsi,
623 2548 651 2570 et
667 2543 813 2571 Insulensi
835 2545 1011 2580 Ariensiqne
1030 2546 1148 2573 decanis
1170 2555 1250 2574 man-

233 2593 281 2620 dat
301 2597 457 2628 quatenus.
474 2609 509 2613 —
529 2601 595 2620 cum
617 2593 707 2620 abbas
727 2597 755 2620 et
775 2598 939 2621 conventus
960 2597 1127 2622 monasterii
1149 2596 1248 2623 Sancti

235 2641 356 2673 Bet-tini,
375 2641 486 2668 ordinis
501 2642 594 2669 sancti
611 2641 770 2673 Benedicti,
789 2642 966 2669 Morinonsis
979 2643 1140 2678 dioecesis,
1158 2652 1250 2678 quas-

233 2691 298 2718 dam
315 2691 344 2718 in
360 2691 459 2717 eadem
475 2690 601 2717 dioecesi
617 2691 758 2718 ecclesias
773 2691 945 2723 obtinerent,
958 2692 985 2718 in
1001 2693 1107 2727 quibus
1121 2693 1249 2720 redditus

234 2740 481 2775 presbyterortun,
498 2741 548 2774 qui
563 2740 619 2774 ipsi
638 2739 798 2767 Morinensi
819 2741 956 2776 episcopo
980 2741 1015 2768 de
1037 2742 1248 2776 spiritualibus,

233 2789 343 2816 eisdem
365 2796 433 2815 vero
453 2788 549 2814 abbati
569 2792 597 2814 et.
617 2789 773 2815 conventui
794 2789 829 2815 de
846 2790 1054 2825 temporalibus
1075 2790 1249 2825 respondere

233 2837 418 2871 tenebantur,
430 2844 486 2863 non
497 2836 762 2872 distinguebantur,
774 2837 850 2864 unde
861 2838 979 2873 saepius
990 2839 1064 2865 inter
1079 2847 1130 2865 cos
1145 2847 1250 2874 quaes-

232 2886 328 2912 tiones
348 2885 523 2917 oriebantur,
542 2900 575 2905 —
597 2885 626 2912 in
648 2885 758 2912 eisdem
775 2886 908 2913 ecclesiis
923 2890 1031 2914 certam
1047 2891 1076 2914 ct.
1090 2895 1249 2922 congruam

232 2933 395 2970 portionem
416 2937 564 2969 taxantes,
586 2933 691 2961 faciant
713 2934 808 2962 dictos
831 2936 1019 2971 presbyteros
1039 2945 1071 2963 ca
1092 2945 1158 2963 esse
1179 2945 1249 2964 con-

1092 262 1307 300 SEPTIEME
1330 262 1490 299 ANNEE.

2289 276 2346 304 710

1335 338 1441 362 tentos.
1456 336 1590 368 -11ἰεο,
1607 338 1648 369 t7,
1664 336 1683 363 s.
1705 338 1733 364 13
1752 344 1791 371 r⁰;
1809 347 1875 365 ann.
1891 337 1955 372 VIl,
1971 346 1996 365 c.
2016 338 2065 369 5⁴32
2085 354 2115 358 —
2133 339 2249 367 §tout-Ar
2269 341 2344 375 1188,

1333 384 1354 411 f.
1371 384 1425 418 40.)

1377 498 1389 511 «
1409 508 1428 514 ..
1447 487 1581 524 episcopo
1597 487 1774 516 illoriurnsi.
1793 493 1818 516 et
1837 510 1857 515 ..
1878 489 2030 517 lnxulrnsi
2044 494 2068 516 nt
2086 512 2102 517 ..
2123 491 2245 518 *triensi
2259 490 2345 519 (leca-

1333 539 1398 574 πίε,
1423 539 1620 568 Torum-ensis
1639 545 1663 568 vt
1682 541 1862 569 illm-[nensis
1885 541 2044 569 diocrsnm.
2073 542 2225 571 Exliibita
2251 543 2345 572 nobis

1333 590 1528 620 dilectorum
1545 609 1593 620 —.
1612 592 1684 621 Dat.
1703 596 1737 621 ut
1757 602 1866 630 supra.
1888 606 1899 618 »

1409 775 1524 804 125ss

1372 837 1549 871 Episcopum
1567 841 1594 864 et
1610 838 1767 872 capitulum
1785 838 2021 872 Semigallienscs
2036 843 2065 865 et
2080 847 2178 866 eorum
2195 841 2347 868 ecclesiam

1335 885 1390 912 sub
1411 885 1486 912 beati
1510 885 1586 913 Petri
1607 890 1634 912 et
1655 894 1708 913 sna
1728 886 1906 921 protectione
1926 887 2066 922 suscipit.
2085 892 2215 915 statuens
2233 894 2260 915 nt
2278 890 2346 916 ordo

1335 934 1502 966 canonicus,
1521 935 1570 969 qui
1590 934 1750 961 secundum
1775 934 1866 962 Deum
1891 940 1918 962 et
1941 936 2014 962 beati
2038 936 2196 969 Augustini
2220 938 2346 971 regulum

1334 986 1420 1017 atque
1443 982 1655 1010 institutionem
1677 984 1796 1010 fratrum
1821 983 2148 1012 Pruemonstratensium
2171 986 2198 1012 in
2215 994 2247 1012 ea
2264 987 2347 1013 insti-

1334 1031 1479 1064 tuebatur,
1507 1032 1654 1066 perpetuis
1679 1031 1785 1058 ibidem
1811 1032 1993 1067 temporibus
2022 1033 2223 1060 inviolabiliter
2247 1035 2348 1061 obser·

1334 1083 1426 1106 vetur*
1445 1095 1477 1099 —
1495 1080 1579 1113 (Rae.
1601 1081 1640 1112 17,
1658 1081 1677 1108 f.
1698 1080 1729 1107 13
1745 1087 1791 1113 v⁰;
1809 1089 1876 1108 ann.
1895 1080 1959 1114 V11,
1974 1089 2000 1108 c.
2017 1082 2072 1115 57.)

1929 776 2042 808 Lati-an,
2060 778 2094 803 ‘20
2110 779 2179 804 avril
2199 779 2274 805 1233.

1377 1194 1390 1208 α
1414 1205 1430 1210 ..
1450 1183 1584 1220 episeopo
1606 1187 1632 1211 et
1653 1184 1788 1220 capitulo
1808 1184 2086 1220 Semiyaliensibus.
2113 1184 2195 1213 Cum
2215 1194 2230 1214 a
2251 1186 2346 1215 [iobis

1335 1251 1384 1262 —.
1402 1235 1476 1264 Dat.
1496 1235 1661 1270 Laterani,
1682 1236 1747 1266 XII
1770 1235 1928 1266 kalendas
1946 1237 2036 1267 maii.
2055 1246 2141 1266 anno
2158 1238 2308 1276 septimo.
2332 1252 2344 1264 »

1410 1418 1522 1448 1257

1371 1479 1526 1507 Universis
1542 1481 1791 1515 praedicatoribus
1809 1482 1897 1509 Verbi
1915 1482 1966 1509 Dei
1983 1483 2191 1518 neophytorum
2212 1483 2347 1512 Prusciae

1931 1420 2043 1452 Latmo,
2065 1422 2093 1447 ts
2109 1423 2178 1448 avril
2199 1422 2273 1449 1233.

1336 1529 1467 1556 subsidio
1478 1529 1622 1564 deputatis
1635 1531 1749 1557 mandat
1760 1535 1903 1565 qnatenus
1916 1540 1970 1558 non
1984 1536 2136 1558 exerceant
2148 1533 2345 1560 auctoritatem

1336 1578 1364 1604 in
1387 1577 1459 1605 locis
1475 1579 1509 1605 ad
1526 1579 1748 1613 praedicandum
1771 1588 1821 1615 pro
1838 1580 1968 1607 subsidio
1987 1581 2194 1615 neophytorum
2213 1581 2347 1609 Livoniae

1336 1626 1548 1661 Semigallicnsi
1559 1628 1697 1662 episcopo
1709 1628 1864 1662 deputatis.
1876 1628 2002 1661 —(lt1·:n.
2019 1630 2058 1660 17,
2071 1629 2087 1656 f.
2105 1629 2346 1664 1:3vo;an=1.YlI‚

1334 1683 1362 1712 03
1379 1675 1427 1707 5S;
1441 1690 1477 1696 —
1490 1675 1742 1711 Ρο1111Α519151.)

1377 1790 1389 1805 t<
1407 1779 1562 1808 L'ninerst's
1572 1779 1816 1817 prediculoribus
1836 1780 1981 1809 VerbiDei
1999 1781 2208 1818 neophitorum
2224 1782 2348 1811 Prusa—ie

1332 1831 1466 1860 subsidio
1500 1831 1662 1869 deputatis.
1690 1832 1885 1862 Venerabili
1919 1832 2019 1862 fratre
2051 1837 2161 1861 nostro
2191 1851 2239 1862 —.
2272 1834 2344 1863 Dat.

1333 1883 1501 1919 Laterani,
1523 1885 1624 1915 XIIII
1642 1884 1801 1915 kalendas
1818 1885 1910 1917 maii,
1933 1894 2020 1914 anno
2039 1885 2190 1923 septimo.
2213 1898 2225 1911 »

1408 2070 1427 2096 Ι
1438 2069 1531 2098 258

1367 2132 1474 2159 Abbati
1491 2136 1518 2158 et
1535 2133 1689 2159 conventui
1707 2133 1805 2159 Sancti
1824 2132 1932 2160 Bertini
1950 2133 2079 2167 indulget
2097 2138 2125 2159 ut
2144 2142 2194 2168 pro
2210 2134 2345 2161 domibus

1926 2070 2040 2104 Latran,
2058 2070 2091 2097 ‘10
2107 2072 2176 2097 avril
2194 2072 2273 2098 1233.

1331 2184 1360 2208 et
1375 2183 1505 2216 grangiis
1521 2182 1584 2208 suis
1600 2190 1673 2216 quae
1689 2182 1852 2209 visitatione
1874 2190 1929 2208 non
1950 2182 2133 2216 indigebant,
2154 2191 2205 2210 nec
2221 2191 2346 2210 consue-

1331 2233 1431 2256 verant
1448 2230 1588 2257 hactenus
1605 2230 1728 2260 visitari.
1748 2231 1966 2265 procurationes
1982 2231 2090 2257 ratione
2107 2232 2280 2258 visitationis
2295 2232 2346 2258 de-

1332 2278 1405 2305 bitas
1428 2287 1482 2305 non
1504 2282 1656 2305 teneantur
1674 2279 1792 2306 cuilibet
1807 2279 1953 2306 exhibere.
1975 2294 2007 2298 —
2028 2279 2112 2312 (Its-212.
2138 2280 2177 2313 17,
2205 2281 2224 2307 l'.
2249 2281 2277 2306 13
2301 2288 2341 2310 ru:

1331 2336 1397 2354 ann.
1416 2327 1482 2362 VII,
1499 2336 1524 2355 c.
1544 2328 1598 2362 59.)

1373 2442 1386 2456 «
1412 2453 1431 2458 ..
1455 2430 1558 2459 abbati
1579 2435 1604 2459 ct
1630 2431 1795 2459 court-alut¹
1817 2431 1924 2459 Sancti
1946 2430 2078 2465 Bertini,
2104 2431 2224 2459 ordinis
2245 2433 2345 2460 sancti

1331 2484 1498 2518 Benedicti,
1519 2484 1700 2512 illoriaensis
1716 2484 1851 2513 diocesis.
1871 2482 1954 2513 Cum
1970 2482 2100 2521 justitia
2125 2492 2181 2520 pro
2199 2501 2247 2512 —.
2270 2485 2343 2513 Dat.

1331 2536 1499 2571 Laterani,
1520 2537 1585 2566 XII
1602 2536 1761 2567 kalendas
1780 2536 1871 2571 maii,
1892 2544 1978 2565 anno
1994 2535 2145 2573 septimo.
2166 2548 2178 2561 n

1406 2729 1521 2758 ¹259

1368 2775 1598 2826 A'rcliiepiscopo
1612 2790 1774 2817 Turonensi
1789 2789 1903 2816 mandat
1919 2793 2062 2823 quatenus
2077 2788 2158 2814 l'etro
2175 2788 2209 2815 de
2222 2789 2342 2816 Teucria

1336 2842 1379 2873 (-.-.·
1393 2839 1536 2872 'senten-e).
1550 2839 1666 2875 pauperi
1677 2839 1792 2872 clerico,
1804 2846 1931 2873 —quem
1944 2838 2011 2864 olim
2023 2837 2117 2863 adbuc
2128 2837 2263 2864 infantem
2277 2842 2342 2864 anto

1333 2888 1410 2915 fores
1433 2888 1573 2915 ccclesiae
1598 2887 1675 2914 Beati
1696 2886 1806 2913 Martini
1829 2886 2007 2912 Turonensis
2030 2885 2206 2920 expositum,
2226 2886 2341 2920 quidam

1332 2936 1489 2971 burgensis
1504 2937 1657 2971 collegerat
1679 2940 1708 2962 et
1729 2935 1914 2964 educaverat.
1939 2938 1967 2960 et
1990 2933 2172 2968 postmodum
2193 2942 2340 2961 commen-

1926 2726 2039 2759 Latran‚
2055 2727 2088 2753 ‘27
2106 2727 2175 2753 avril
2196 2727 2269 2754 1233.
