2498 3242
213 331 270 363 593
1087 317 1269 357 SIXIEME
1291 317 1451 356 ANNEE.
2269 328 2324 357 594

247 456 425 485 Consulibus
435 459 463 483 et
476 455 580 491 populo
591 455 853 483 Terracinensibus
870 459 969 482 notum
986 456 1053 482 facit
1068 463 1100 482 se
1113 454 1226 488 domos,

213 514 286 542 quas
300 505 329 532 in
346 509 443 532 monte
458 504 571 540 Spineti
586 505 708 539 aliisque
725 505 797 531 locis
813 509 894 532 extra
910 512 1008 531 muros
1021 504 1146 531 civitatis
1157 511 1228 530 suae

212 555 316 582 facturi
341 555 410 585 sint,
438 553 466 580 in
498 552 646 580 Ecclesiae
675 553 809 580 demanio
839 553 1004 580 retinendas
1035 552 1166 579 duxisse.
1193 564 1230 572 -

213 602 302 640 (Rso.
321 602 363 635 16,
382 602 401 630 f.
418 601 451 630 63
470 609 514 636 νος
530 610 598 629 ann.
616 601 668 636 VI,
685 610 711 629 c.
727 602 797 633 ‘220;
813 615 850 622 —
866 601 1012 629 Po'r'rfflisa·
1023 601 1107 633 9065;
1120 614 1156 622 —
1167 599 1230 628 Ro-

213 659 338 679 nannsno
355 651 428 682 500.)

770 394 898 429 Anagni,
917 394 930 421 4
943 394 1058 429 jtmvicr
1077 391 1152 419 1233.

258 752 271 766 «
299 740 480 770 Consulibus
504 744 530 769 et
557 740 669 777 populo
698 740 974 769 Terracinensibns.
1003 738 1096 770 Fidei
1121 741 1231 768 vestre

216 792 438 824 constantiam
454 809 503 821 —.
518 793 592 822 Dat.
610 792 777 830 Anagnie‚
796 793 828 822 II
843 800 948 822 nonas
961 791 1124 831 januarii,
1143 798 1230 820 anno

215 849 319 876 sexto.
336 857 349 871 n

290 991 405 1019 1016

252 1052 368 1079 Eisdem
381 1052 525 1079 licentiam
544 1053 745 1079 reaedificandi
762 1060 875 1080 roccam
890 1052 1013 1088 Circegii
1029 1054 1072 1087 (=
1089 1052 1231 1086 Circelli?)

217 1101 362 1132 concedit.
373 1102 497 1136 ejusque
506 1102 679 1131 custodiam.
693 1101 841 1128 Romanae
851 1100 998 1128 Ecclesiae
1013 1101 1139 1135 nomine,
1151 1109 1232 1128 com·

217 1150 315 1182 mittit,
333 1150 371 1177 ita
381 1150 457 1185 quod
474 1158 524 1184 per
539 1157 603 1177 eam
619 1150 725 1177 facient
740 1158 873 1184 guerram
892 1154 920 1176 et
937 1158 1046 1184 pacem,
1063 1149 1097 1176 ad
1114 1150 1231 1176 manda-

217 1202 279 1226 tum
295 1199 389 1234 ipsius
401 1198 559 1231 Ecclesiae,
572 1201 672 1225 contra
689 1206 801 1232 omnes,
819 1198 954 1232 quotiens
969 1197 1077 1224 fuerint
1088 1197 1229 1232 requisiti,

218 1250 246 1274 et
261 1247 354 1274 eidem
369 1246 528 1279 Ecclesiae,
547 1247 638 1282 ipsam
659 1254 771 1273 roccam
785 1246 819 1272 ad
838 1254 941 1272 manus
956 1254 1026 1273 suas
1043 1248 1166 1273 retinere
1181 1255 1232 1273 vo-

217 1295 298 1327 lenti,
315 1303 377 1322 eam
394 1295 458 1321 sine
474 1295 641 1322 difficultate
661 1295 860 1330 resignabunt.
878 1310 910 1314 —
928 1294 1011 1328 (Rm.
1032 1295 1073 1329 16,
1089 1295 1108 1321 f.
1130 1295 1163 1322 63
1185 1302 1230 1330 νος

219 1352 286 1371 ann.
302 1342 354 1377 VI,
371 1351 396 1370 c.
412 1343 460 1370 221
474 1355 480 1374 ;
497 1359 528 1363 —
548 1343 694 1370 l'orruas’r
709 1343 795 1374 9066;
811 1357 848 1364 —
862 1342 1032 1370 Romamne
1051 1344 1123 1375 50¹.)

775 990 903 1025 Anagni.
922 990 935 1016 Δ
949 991 1063 1024 janvier
1080 989 1158 1016 1933.

261 1444 274 1459 «
292 1432 422 1461 Eisdem.
442 1431 535 1462 Fidei
552 1435 661 1461 vestre
677 1436 738 1462 etc.
755 1449 805 1460 —.
823 1432 897 1461 Dat.
916 1435 949 1461 ut
967 1440 1078 1470 supra.
1098 1444 1111 1458 n

293 1585 406 1614 10¹2

255 1647 401 1681 Episcopo
424 1646 646 1680 Silvanectensi,
665 1645 803 1680 magistro
818 1644 846 1672 J.
865 1645 900 1671 de
919 1645 1016 1672 Monte
1033 1645 1166 1677 Min-abili,
1189 1654 1235 1672 ar-

219 1695 390 1724 chidiacono
417 1695 592 1725 Parmensi,
620 1697 649 1721 et
672 1694 781 1720 decano
805 1693 982 1731 Tornacensi
1007 1694 1041 1720 de
1065 1694 1235 1721 criminibus

219 1745 357 1780 episcopo
379 1743 564 1770 Laudunensi
586 1743 720 1778 impactis
740 1743 958 1777 inquisitionem
979 1743 1138 1770 faciendam
1155 1752 1236 1770 com-

219 1793 316 1820 mittit.
332 1807 356 1813 -
383 1793 467 1826 (Rau.
486 1793 529 1826 16,
547 1793 565 1820 f.
583 1792 617 1820 63
634 1800 679 1824 νος
697 1800 764 1819 ann.
784 1791 833 1824 VI,
851 1800 877 1819 c.
893 1792 958 1825 2223
975 1807 1003 1812 —
1023 1792 1235 1825 Monfflu1187,

219 1842 239 1869 r.
257 1842 327 1876 400;
342 1855 378 1862 —
393 1841 540 1868 Porrussr
556 1841 648 1874 9064.)

781 1583 908 1618 Anagni,
926 1583 1067 1618 411111001-
1086 1583 1162 1610 1233.

263 1943 275 1956 ιι
298 1953 317 1959 ..
335 1931 468 1968 episeopo
488 1929 722 1965 silvaneetensi,
751 1931 899 1967 0111913110
920 1930 944 1958 J.
971 1929 1004 1958 de
1023 1931 1120 1959 Monte
1139 1930 1235 1958 Mira-

221 1984 276 2012 bili
290 2007 296 2019 ,
326 1983 545 2012 archidiacono
573 1983 743 2011 Parisicnstss
755 2006 761 2018 ,
793 1987 819 2011 et.
849 2006 868 2010 ..

219 2035 304 2072 Quia
325 2039 522 2074 potestatem
544 2035 670 2073 ligandi
693 2053 741 2064 —.
767 2036 869 2065 Porro
889 2034 1001 2064 dilecti
1022 2035 1082 2064 filii
1102 2058 1121 2064 ..
1139 2034 1235 2064 deca-

220 2097 295 2118 nus.
313 2087 468 2124 Jarolms,
485 2087 635 2117 Andreas
651 2092 681 2117 et
699 2088 747 2123 1...
766 2087 918 2117 canonici
931 2088 1181 2123 Laudunenses.
1195 2087 1236 2117 ad

218 2141 424 2180 presentiam
444 2145 591 2170 nostram
613 2150 630 2170 a
654 2150 712 2170 suo
733 2140 878 2179 capitulo
900 2140 1075 2171 destinati.
1099 2141 1139 2170 ad
1155 2141 1235 2170 inti-

219 2194 377 2224 mandum
396 2193 491 2224 nobis
514 2202 669 2224 excessus
688 2188 721 2223 et
738 2193 886 2223 defectus
903 2194 1105 2224 venerabilis
1122 2194 1235 2224 fratris

219 2247 326 2277 nostri
353 2270 372 2275 ..
399 2246 545 2285 episcopi
572 2246 819 2276 Laudunensis.
847 2256 920 2276 cum
947 2247 1047 2276 multa
1073 2247 1235 2277 instantia

219 2299 414 2338 suppliciter
429 2299 595 2338 petierunt
613 2303 659 2331 ut.
678 2308 753 2329 cum
768 2299 935 2330 interdum
955 2299 1142 2337 singulares
1160 2309 1235 2338 per-

219 2362 299 2383 sone
316 2353 354 2383 de
375 2353 462 2383 dicto
478 2352 623 2392 capitulo
639 2357 666 2383 et
687 2352 865 2392 aliquando
888 2353 1048 2386 decanus,
1071 2362 1129 2391 pro
1147 2362 1181 2383 se
1198 2362 1235 2383 ae

219 2407 361 2446 quadam
378 2411 470 2445 parte
486 2407 608 2445 ipsius.
627 2415 727 2445 super
742 2406 802 2436 hoc
820 2407 860 2436 ad
876 2407 994 2437 Sedem
1010 2407 1234 2446 Apostolicam

219 2460 434 2490 clamaverint
450 2463 562 2489 contra
580 2468 666 2494 eum,
688 2464 718 2490 et
734 2459 858 2490 clamor
872 2460 1031 2490 adversus
1047 2460 1156 2498 ipsum
1169 2468 1234 2488 am-

218 2512 307 2552 plius
330 2512 509 2542 invaluerit
533 2512 573 2542 ad
595 2521 692 2542 aures
714 2517 861 2548 nostras⁷
885 2513 1068 2544 ascendens
1089 2522 1125 2543 ex
1142 2517 1234 2551 parte

221 2564 357 2604 capituli
371 2565 560 2601 memorati,
579 2565 752 2604 quoniam,
770 2570 806 2596 ut
822 2570 993 2601 asserunt,
1011 2566 1045 2595 id
1061 2575 1126 2595 uon
1143 2570 1234 2604 pote-

220 2622 295 2648 rant
312 2617 452 2648 ulterius
469 2618 530 2648 suh
546 2617 680 2649 silentio
696 2619 868 2657 preterire,
884 2619 1080 2649 deberemus
1097 2619 1235 2649 descen-

221 2671 298 2702 dere
315 2679 351 2700 ac
368 2670 479 2700 videre
500 2674 611 2700 utrum
630 2680 727 2710 opere
743 2671 955 2710 compleverit
973 2681 1036 2711 que
1053 2672 1091 2701 de
1111 2672 1181 2710 ipso
1203 2675 1235 2701 et

221 2723 292 2754 suis
315 2722 443 2753 actibus
463 2723 671 2759 reseruntur;
691 2746 710 2752 ..
729 2728 940 2762 procuratore
962 2724 1068 2763 ipsius
1089 2724 1235 2763 episcopi

221 2780 334 2806 contra
351 2775 427 2806 hoc.
446 2775 533 2806 inter
551 2775 632 2810 alia,
654 2781 858 2815 proponente
879 2777 983 2816 quod,
1002 2787 1077 2807 eum
1099 2777 1235 2807 carissi-

220 2838 294 2859 mus
317 2829 351 2858 in
374 2828 508 2859 Christo
528 2828 618 2859 tilius
635 2833 747 2859 noster
767 2830 816 2864 L..
834 2829 977 2860 illustris
999 2839 1055 2860 rex
1077 2829 1232 2865 Francie,

219 2882 330 2922 ipsum
348 2880 517 2919 regalibus
533 2881 699 2920 spoliarit,
718 2882 758 2912 ad
774 2882 986 2913 subeundum
999 2886 1088 2913 tante
1105 2882 1235 2913 discus-

222 2934 328 2966 sionis
345 2942 483 2964 examen
504 2942 569 2964 0011
590 2939 661 2965 01111
680 2935 841 2973 spoliatus
858 2935 1070 2975 aliquatenus
1091 2935 1235 2974 compel-

219 2987 351 3019 lendus.
367 2987 459 3018 Licet
475 2991 587 3018 autem
603 2986 637 3017 in
653 2987 751 3019 odore
765 2988 850 3019 bone
863 2989 1032 3028 opinionis
1046 2989 1187 3019 fratrum
1203 2991 1235 3019 et

345 3045 532 3078 onnoomn
550 3052 602 3081 ix,
620 3055 639 3077 t.
659 3053 679 3077 1.

900 1983 1011 2012 ‹lec-ano
1040 1983 1231 2011 Tornaeensi.

1311 390 1580 429 coepiscoporum
1597 394 1786 420 nostrorum
1806 390 1916 429 potius
1937 399 2037 429 quam
2056 391 2091 420 in
2108 400 2221 421 eorum
2238 392 2325 421 infa-

1310 442 1377 472 mia
1393 442 1612 474 delectemur.
1632 451 1672 473 110
1691 447 1801 472 tamen
1819 452 1877 481 per
1897 443 2199 474 dissimulationem
2216 444 2325 474 aditus

1311 495 1351 525 ad
1367 495 1448 525 vitia
1461 499 1586 534 pateat,
1605 499 1637 526 et
1654 504 1712 524 nos
1729 495 1872 525 alienam
1890 495 2020 533 culpam
2041 497 2206 535 propriam
2223 497 2326 527 facia-

1311 556 1402 583 mus,
1421 556 1496 577 cum
1517 548 1557 577 ad
1577 547 1809 585 corrigendum
1831 547 2040 578 subditorum
2063 558 2217 579 excessus
2235 554 2326 579 tanto

1311 600 1507 639 diligentius
1528 601 1707 631 debeamus
1724 610 1917 637 assurgere,
1942 605 2065 639 quanto
2086 611 2198 631 eorum
2222 603 2326 633 offen-

1313 662 1367 683 sas
1383 652 1651 692 relinqueremus
1666 653 1914 691 dampnabilius
1935 653 2148 690 incorrectus,
2167 664 2203 684 ex
2220 655 2327 685 officio

1313 710 1425 736 nostro
1449 706 1489 736 ad
1504 706 1683 737 videndum
1701 706 1847 744 predicta
1868 706 2023 736 duximus
2041 707 2325 737 descendendum.

1311 759 1519 798 presentium
1530 759 1624 789 vohis
1636 759 1832 789 auctoritate
1842 759 2038 789 mandantes
2053 764 2228 798 quatenus,
2242 760 2328 790 dicto

1313 812 1466 851 episcopo
1482 812 1637 850 primitus
1654 812 1808 841 restituto
1821 811 1861 841 ad
1876 811 1948 850 ipsa
1963 811 2099 849 regalia,
2115 812 2237 851 quibus
2253 821 2327 842 eum

1313 864 1499 895 constiterit
1517 864 1709 903 spoliatum,
1729 864 1795 894 nisi
1812 868 1939 894 constet
1955 864 2047 894 vobis
2060 864 2224 902 legitime.
2243 866 2328 904 quod

1313 927 1371 957 per
1387 918 1538 948 fraudem
1555 918 1607 948 vel
1622 917 1786 948 malitiam
1797 917 1876 948 velit
1888 919 1899 939 ¹
1915 918 2060 954 restitui,
2074 927 2173 956 super
2185 918 2267 956 ipsis
2279 928 2329 949 ex-

1314 971 1464 1001 cessibus
1481 975 1511 1001 et
1528 970 1713 1001 defectibus
1730 970 1895 1009 expressis
1910 970 2064 1003 inferius,
2078 970 2209 1000 sublato
2223 971 2329 1009 appel-

1312 1024 1449 1054 lationis
1471 1023 1658 1058 obstaculo,
1681 1023 1822 1053 sollicite
1842 1023 2068 1062 inquirentes.
2092 1023 2262 1061 negotium
2277 1032 2329 1053 re-

1314 1077 1454 1107 mittatis
1487 1077 1527 1107 ad
1557 1086 1615 1107 1105
1648 1077 1852 1107 sufficienter
1882 1077 2081 1106 instructum
2096 1100 2101 1108 .
2132 1078 2329 1114 preligentes

1314 1131 1421 1161 eidem
1438 1130 1590 1169 episcopo
1612 1130 1790 1160 terminum
1807 1134 2048 1169 competentem
2069 1139 2134 1168 quo
2154 1140 2211 1168 per
2227 1139 2261 1160 se
2278 1130 2328 1159 vel

1313 1188 1559 1223 procuratorem
1582 1183 1738 1213 idoneum
1760 1188 1871 1213 nostro
1893 1192 1928 1213 se
1945 1183 2135 1221 conspectui
2157 1191 2330 1221 represen-

1314 1241 1357 1267 tet
1371 1261 1377 1272 ,
1402 1237 1489 1276 quod
1511 1237 1706 1266 canonicum
1730 1237 1829 1266 suerit
1851 1241 2055 1275 recepturus.
2079 1236 2230 1266 Pervenit
2251 1244 2330 1265 sane

1316 1290 1356 1319 ad
1373 1299 1431 1318 1105
1449 1289 1535 1328 quod
1551 1289 1724 1327 episcopus
1741 1289 1827 1327 11150,
1847 1289 1934 1319 inter
1953 1288 2035 1318 alios
2056 1298 2210 1318 excessus
2227 1292 2257 1318 et
2274 1288 2330 1318 de-

1316 1344 1422 1373 fectus
1439 1343 1598 1382 ejusdem.
1613 1343 1840 1381 juramentum
1858 1351 1955 1371 suum
1972 1342 2010 1371 de
2027 1341 2263 1371 conservandis
2276 1341 2331 1380 ju-

1316 1396 1410 1425 ribus
1435 1395 1573 1425 ecclesie
1599 1395 1663 1424 sibi
1691 1395 1866 1424 commiss*¹
1895 1404 1953 1423 nec
1980 1403 2043 1423 non
2071 1394 2109 1424 de
2137 1394 2330 1423 revocandis

1317 1448 1472 1479 alienatis
1490 1448 1623 1483 illicite,
1644 1456 1708 1477 non
1728 1448 1889 1477 servavit:
1908 1447 1988 1486 quin
2012 1448 2132 1485 potius.
2158 1447 2330 1477 inhibente

1318 1500 1473 1539 capitulo,
1491 1505 1608 1530 terras.
1626 1504 1730 1538 prata.
1747 1509 1883 1530 nemora
1899 1509 1956 1528 net·
1975 1509 2039 1529 non
2054 1500 2230 1538 «pinnulam
2247 1500 2331 1529 deci-

1317 1563 1405 1583 mam
1431 1562 1467 1582 ae
1495 1552 1559 1582 alia
1587 1552 1691 1582 multa
1716 1552 1754 1581 de
1783 1552 1878 1581 bonis
1905 1552 2114 1590 episcopatus
2137 1557 2165 1581 ct
2193 1552 2330 1582 ecclesie

1318 1607 1464 1637 alienare
1481 1606 1695 1644 presumpsit.
1713 1605 1869 1635 Oneravit
1885 1605 1984 1635 etiam
2001 1605 2224 1643 01115001111111111
2240 1606 2331 1641 gravi

1318 1659 1449 1689 sarcina
1470 1659 1667 1689 debitorum.
1686 1662 1728 1688 et.
1747 1659 1866 1688 affectu
1883 1658 2090 1687 carnalitatis
2107 1658 2273 1688 inductus.
2293 1658 2331 1687 ad

1318 1713 1463 1743 valorem
1480 1712 1628 1751 quinque
1644 1711 1775 1741 milium
1791 1711 1951 1741 librarum
1966 1711 2180 1749 prodigaliter
2196 1720 2332 1741 consan-

1319 1766 1451 1803 guineis
1467 1765 1538 1795 suis
1552 1765 1639 1795 dedit
1652 1775 1657 1801 ;
1676 1769 1872 1803 receptaque
1886 1765 2026 1803 pecunia
2040 1769 2155 1794 mutuo
2169 1775 2185 1793 a
2203 1764 2332 1793 civibus

1319 1818 1611 1853 Laudunensibus.
1629 1822 1742 1847 contra
1760 1827 1842 1857 quos
1859 1827 1958 1856 super
1970 1817 2103 1856 juribus
2121 1822 2148 1847 et
2165 1818 2332 1853 dignitati-

1318 1872 1380 1901 bus
1397 1871 1547 1906 ecclesie.
1563 1871 1715 1901 videlicet
1734 1870 2080 1900 1110101100.011111111001
2099 1870 2253 1900 lardario.
2267 1880 2331 1899 mo-

1319 1929 1409 1954 verat
1426 1924 1652 1963 questionem.
1669 1928 1799 1962 pactum
1818 1924 1892 1953 fecit
1916 1924 2015 1961 [cum]
2033 1923 2157 1953 eisdem
2175 1923 2261 1961 quod
2277 1932 2331 1953 eos

1319 1986 1418 2015 super
1429 1977 1585 2015 predictis
1603 1977 1635 2005 iu
1654 1986 1788 2005 causam
1806 1986 1868 2005 uon
1889 1976 2044 2005 traheret.
2061 1976 2124 2004 uisi
2138 1976 2228 2014 1111115
2246 1976 2329 2005 dicta

1318 2029 1458 2069 pecunia
1485 2029 1650 2059 restituta.
1679 2029 1816 2058 Exactor
1843 2033 1888 2057 est
1922 2026 2078 2057 nimirum
2106 2028 2275 2066 improbus
2301 2033 2328 2058 et

1318 2091 1500 2122 pauperum
1515 2087 1542 2112 01
1560 2082 1767 2111 subditorum
1782 2091 1967 2120 oppressor.
1982 2082 2122 2119 Insuper
2135 2081 2166 2109 in
2182 2090 2332 2119 prosecu-

1319 2136 1407 2165 tione
1425 2135 1552 2174 jurium
1576 2134 1812 2173 episcopalium
1835 2138 1880 2163 est
1906 2134 2076 2171 negligens
2101 2138 2128 2163 et
2152 2134 2330 2164 remissus.

1319 2188 1546 2218 incendiarius
1563 2192 1590 2217 et
1614 2186 1828 2225 depopulator
1844 2196 2009 2223 agrorum.
2028 2196 2202 2224 percussor
2219 2187 2329 2216 etiam.

1318 2246 1430 2271 contra
1452 2241 1635 2270 doctrinam
1658 2240 1804 2278 Apostoli
1832 2245 1858 2269 ct
1883 2240 1934 2269 sui
1958 2239 2085 2268 ordinis
2112 2240 2329 2269 honestatem.

1317 2297 1535 2334 Oll'erensque
1557 2306 1591 2325 50
1608 2295 1686 2325 011111
1706 2295 1789 2325 bone
1806 2295 1963 2324 memorie
1982 2295 2022 2324 H.
2041 2305 2138 2333 pape.
2160 2295 2332 2333 1110110005-

1318 2349 1384 2379 sori
1409 2353 1535 2379 nostro.
1560 2348 1594 2377 in
1618 2349 1717 2377 Terre
1744 2348 1862 2377 Sanctt¹
1885 2347 2073 2376 subsidium
2097 2348 2329 2377 transfretare.

1317 2410 1391 2431 cum
1418 2401 1650 2431 Lauduncnsis
1680 2405 1708 2429 et
1733 2400 1907 2430 Treceusis
1934 2400 2115 2429 diocesium
2140 2400 2331 2429 vicesimam

1317 2454 1382 2485 sibi
1399 2454 1581 2484 obtinuerit
1598 2454 1637 2483 ab
1654 2454 1725 2491 ipso
1739 2453 1888 2483 ‹tout-cdi.
1909 2453 2011 2482 idem.
2030 2457 2156 2483 retenta
2174 2453 2330 2482 vicesima

1318 2516 1454 2537 suorum
1479 2511 1710 2546 proventuum.
1738 2511 1766 2536 et
1793 2506 1832 2535 de
1857 2506 1980 2535 diocesi
2005 2505 2161 2535 Treceusi
2188 2509 2329 2543 recepta.

1317 2561 1452 2591 nomine
1468 2560 1637 2595 vicesimo,
1656 2560 1796 2599 quadam
1815 2568 1942 2589 summa
1960 2559 2109 2597 pecunie.
2129 2568 2192 2588 nou
2209 2558 2331 2588 transi-

1317 2613 1381 2644 vit:
1400 2622 1437 2643 ex
1459 2622 1524 2652 quo
1544 2613 1618 2643 licet
1643 2622 1699 2651 pro
1723 2617 1813 2642 tanta
1843 2612 1957 2641 fraude
1980 2611 2179 2641 senteutiam
2201 2620 2331 2640 excom—

1316 2666 1555 2695 municationis
1582 2665 1740 2697 incurrit,
1765 2669 1921 2703 tanquam
1946 2663 2088 2693 clavium
2116 2663 2261 2693 Ecclesia:
2287 2663 2328 2692 sit

1317 2723 1532 2757 contemptor,
1550 2718 1683 2757 penitus
1699 2717 1872 2755 vilipendit
1889 2716 2042 2746 eandem.
2065 2715 2330 2745 excomumnica-

1317 2777 1366 2803 tos
1382 2772 1530 2810 legitime
1553 2781 1616 2801 non
1640 2771 1748 2800 vitans
1770 2770 1826 2800 sed
1847 2770 1946 2799 ctiam
1968 2769 2131 2807 recipiens
2149 2768 2187 2798 ad
2204 2768 2328 2797 divina.

1317 2825 1471 2856 Officium
1496 2834 1593 2854 suuni
1618 2819 1790 2863 preterea²
1811 2822 2018 2859 negligenter
2038 2821 2226 2860 exequitur.
2252 2821 2328 2859 quia

1352 2951 1371 2975 l.
1390 2953 1439 2974 Ms.
1455 2960 1461 2974 :
1479 2951 1555 2974 nolit.

1348 2995 1371 3018 Ἴ.
1390 2997 1439 3020 Ms.
1457 3003 1463 3018 :
1482 2999 1635 3025 propterea.

2175 3048 2205 3072 38
