2498 3242
280 275 317 303 75
987 274 1226 306 REGISTRES
1248 273 1304 304 DE
1326 266 1548 305 GREGOIRE
1571 275 1630 306 IX.
2300 278 2358 309 976

260 343 391 369 nostras
408 339 447 368 ad
461 339 684 370 venerabilem
698 341 834 372 fratrem
848 345 997 371 nostrum
1013 364 1032 369 ..
1051 340 1268 378 archiepisco-

260 400 339 429 pum
364 391 646 429 Burdegalensem
670 401 769 432 super
795 393 1027 423 ministrandis
1052 392 1268 432 proventibus

260 443 330 473 suis
345 443 580 474 ecclesiasticis
593 444 710 480 eidem,
725 454 816 476 sacre
832 446 951 484 pagine
963 445 1072 475 studio
1083 445 1265 482 insistenti,

256 497 348 536 juxta
366 497 637 528 constitutionem
654 498 867 536 apostolicam
884 507 983 537 snper
1001 498 1061 528 hoc
1077 498 1214 534 editam,
1233 498 1266 528 in

262 549 366 579 forma
389 558 452 588 que
474 549 545 579 dari
568 551 700 581 studere
722 551 910 582 volentibus
933 552 1116 587 consuevit,
1138 551 1267 582 litteras

259 602 481 640 impetrasset,
506 607 547 633 et.
577 603 691 634 eodem
724 604 971 643 archiepiscopo
999 628 1016 633 ..
1045 604 1179 634 officiali
1208 613 1268 634 suo

260 654 485 684 committente
503 655 537 684 in
558 655 618 685 hoc
639 655 785 686 totaliter
804 656 893 686 vices
914 665 1002 686 suas.
1025 656 1133 687 dictus
1153 656 1267 687 cantor

259 711 438 745 proventus
452 707 618 746 prebende
632 718 731 747 quam
744 709 779 738 in
793 709 933 739 ecclesia
949 709 1130 740 Baionensi
1144 709 1265 740 habere

260 768 293 789 se
311 759 442 789 asserit.
454 760 517 789 sibi
533 766 657 798 peteret
669 761 855 791 ministrari
871 771 928 792 :cx
939 766 1031 800 parte
1044 762 1190 800 ipsorum
1203 762 1263 792 suit

259 812 452 850 excipiendo
468 813 672 851 propositum
689 822 799 843 corani
817 823 854 844 eo
872 815 972 853 quod,
997 823 1072 844 cum
1097 814 1135 844 de
1159 814 1265 852 ipsius

259 873 398 894 assensu
424 870 453 894 et
479 864 657 895 voluntate.
680 871 751 904 post
776 867 1046 896 constitutionem
1072 867 1263 904 predictam.

258 917 291 946 in
311 917 423 947 eadem
441 917 578 947 ecclesia
597 918 637 947 sit
655 923 827 949 statutum.
845 923 879 948 ut
896 919 1010 949 volens
1028 920 1063 949 in
1082 919 1265 957 theologica

258 969 414 999 facultate
434 970 581 999 studere.
607 976 694 1000 certa
718 972 867 1009 portione
888 981 1022 1002 suorum
1045 977 1264 1010 proventuum

258 1022 299 1050 sit
317 1026 507 1051 contentus.
526 1027 555 1052 et
573 1023 611 1053 ‹le
628 1023 688 1053 hoc
705 1023 739 1052 in
756 1024 881 1053 eisdem
896 1023 1018 1054 litteris
1034 1023 1125 1054 nulla
1142 1025 1267 1054 mentio

258 1074 447 1104 haberetur.
472 1084 530 1113 per
553 1084 623 1110 cas,
647 1080 759 1114 utpote
779 1076 919 1106 veritate
943 1077 1042 1107 tacita
1058 1076 1262 1115 impetratas,

258 1133 371 1157 contra
395 1137 450 1158 eos
475 1128 560 1157 ultra
587 1129 619 1158 id
642 1129 728 1167 quoii
753 1134 914 1159 statutum
937 1130 1062 1165 fuerat,
1089 1130 1265 1169 procedere

258 1190 322 1210 nou
345 1185 469 1218 poterat
490 1190 548 1211 nec
570 1181 726 1215 debebam
750 1187 778 1212 et
801 1183 880 1221 quja
900 1183 987 1212 idem
1008 1182 1159 1213 officialis
1180 1182 1264 1212 hanc

258 1234 482 1272 exceptionem
506 1243 619 1264 eorum
640 1234 823 1273 legitimam
844 1235 1018 1266 admittere
1037 1240 1151 1266 contra
1165 1236 1266 1275 justi-

258 1286 337 1315 tiam
354 1286 544 1323 dene-gavit.
564 1287 684 1323 iidem,
705 1288 888 1318 sentientes
906 1288 1054 1318 indebite
1070 1298 1104 1319 se
1121 1289 1263 1327 gravari,

259 1344 403 1368 nostram
419 1339 623 1369 audientiam
638 1340 854 1378 appellarunt.
873 1341 936 1372 Sed
949 1342 1036 1380 ipse?
1045 1341 1264 1380 appellatione

257 1396 459 1430 contempta.
484 1393 557 1421 tulit
580 1394 931 1424 excommunicationis
955 1398 985 1424 et
1003 1394 1171 1424 interdicti
1193 1403 1264 1425 sen—

257 1445 378 1474 tentias
403 1445 436 1473 in
465 1445 608 1475 eosdem.
638 1445 781 1484 Ideoque
807 1446 1003 1477 mandamus
1028 1451 1208 1486 quatenus,
1236 1448 1263 1478 si

257 1497 361 1527 divtiis
378 1498 561 1528 sententias
579 1499 775 1528 inveneritis
789 1503 861 1537 post
880 1499 1134 1538 appellationem
1151 1499 1263 1539 hujus-

257 1551 345 1580 modi
361 1560 433 1581 esse
450 1551 550 1585 latas,
569 1552 805 1582 denuntiantes
826 1561 881 1582 eas
900 1552 1033 1591 penitus
1050 1561 1115 1582 non
1133 1557 1262 1588 tenere,

257 1614 292 1634 ac
311 1609 501 1634 revocantes
516 1605 550 1634 in
568 1610 690 1635 statum
703 1605 851 1635 debitum
865 1606 1025 1644 quicquid
1040 1611 1111 1645 post
1126 1606 1263 1636 eandem

256 1657 454 1686 inveneritis
485 1662 607 1687 temere
637 1662 885 1696 attemptatum,
911 1658 1054 1688 audiatis
1082 1658 1160 1688 hinc
1187 1659 1263 1689 inde

255 1710 422 1748 proposita
449 1715 528 1741 eto:
556 1710 706 1749 alioquin
735 1716 845 1749 partes
872 1711 912 1740 ad
940 1711 1087 1750 ejusdem
1112 1711 1263 1742 officialis

256 1766 330 1796 etc,
353 1761 567 1800 appellantes.
591 1762 706 1792 Testes
729 1767 789 1791 etc.
811 1762 905 1798 Quod
927 1763 955 1792 si
979 1772 1043 1793 non
1066 1772 1180 1793 omnes
1200 1768 1260 1793 etc.

255 1815 326 1844 Dat,
344 1815 510 1844 Laterani.
529 1815 626 1845 nonis
641 1814 815 1850 februarii,
834 1824 921 1845 auno
937 1816 1088 1854 septimo.
1109 1829 1120 1842 »

326 1991 442 2019 ¹2⁷0

288 2053 391 2078 Abbati
409 2056 437 2078 et
452 2053 606 2078 conventui
625 2055 791 2081 monasterii
809 2053 905 2081 Sancti
926 2055 1002 2082 Petri
1021 2055 1056 2082 de
1073 2055 1190 2082 Cultura
1206 2055 1260 2082 Ce-

251 2101 436 2126 nomanensis
452 2100 581 2134 indulget
599 2106 629 2127 ut
645 2101 680 2127 de
698 2101 834 2128 domibus
851 2103 914 2129 suis
933 2112 1007 2138 quae
1024 2112 1078 2130 non
1097 2104 1260 2130 visitatione

251 2149 417 2183 indigebant
440 2157 492 2175 nec
511 2154 723 2176 consueverant
745 2151 886 2177 hactenus
902 2152 1022 2183 visitari,
1041 2152 1260 2186 procurationes

809 1992 921 2020 Lati-an.
939 1994 970 2020 24
983 1994 1097 2028 janvier
1113 1994 1188 2021 ¹234.

251 2199 359 2223 ratione
384 2198 555 2224 visitationis
578 2199 690 2225 debitas
712 2207 767 2225 non
790 2204 930 2234 cogantur
951 2201 1035 2227 alicui
1058 2201 1206 2228 exhibere.
1227 2216 1258 2220 -—

250 2245 333 2278 (lieu.
355 2247 393 2272 17.
412 2247 430 2272 f.
452 2246 556 2273 t-t31-o:
575 2255 639 2273 ann.
661 2246 725 2274 Vll.
744 2256 770 2274 c.
788 2248 862 2280 519.)

299 2361 302 2365 ·
326 2369 344 2374 ..
362 2347 463 2375 abbati
483 2353 506 2376 nl
526 2349 690 2377 conventui
716 2351 894 2378 monasterii
913 2350 1020 2379 Sancti
1035 2352 1119 2379 Petri
1138 2352 1171 2380 (Ic
1187 2352 1259 2381 Cul-

250 2406 319 2427 ιῑινιι
338 2399 582 2429 Cenomanensis.
599 2401 718 2429 ordinis
733 2403 834 2430 sancti
845 2402 1010 2431 Benedicli.
1025 2403 1132 2433 ¹Iustis
1148 2407 1257 2441 peten-

249 2451 332 2481 tium
350 2458 410 2481 etc.
433 2469 481 2479 —.
506 2453 579 2481 Dat.
599 2453 770 2489 Laterani,
790 2454 887 2484 VIIII
906 2454 1065 2484 kalendas
1083 2452 1255 2485 februarii.

249 2514 335 2534 anno
351 2505 502 2543 septimo.
525 2518 536 2530 n

322 2676 432 2704 125¹

282 2738 512 2772 Archiepiscopo
530 2737 701 2770 Viennensi,
720 2738 906 2773 Apostotieae
922 2737 1007 2764 Sedis
1023 2738 1127 2772 legato,
1141 2739 1254 2766 mandat

244 2790 398 2820 quatenus.
416 2787 440 2812 si
461 2785 630 2819 [Johannem
647 2786 683 2812 de
699 2786 900 2819 Montelaurol.
914 2786 1110 2821 praepositum
1127 2786 1254 2821 Magalo-

245 2842 381 2866 nensem,
398 2835 540 2860 invenerit
562 2843 618 2861 non
640 2835 805 2869 indignum,
825 2834 991 2870 petentibus
1007 2834 1168 2867 Bet-nardo,
1186 2843 1254 2862 suc-

243 2889 361 2910 centore
388 2882 579 2914 Narbonensi,
613 2886 798 2918 procuratore
827 2883 944 2917 capituli
970 2882 1193 2917 Magalonensis,
1224 2888 1253 2910 et

242 2931 316 2963 ains,
339 2932 507 2958 electionem
529 2931 623 2965 ipsius
646 2931 673 2957 in
695 2932 864 2966 episcopum
890 2930 1123 2965 Magalonenscm
1145 2931 1251 2958 confir-

823 2676 936 2708 Lati-an,
953 2678 969 2703 9
985 2678 1089 2703 ferrici·
1107 2678 1181 2704 1³:34.

1357 343 1417 366 met
1439 347 1472 366 ac
1492 340 1577 367 saciat
1597 341 1622 368 ei
1642 341 1834 369 obedientiam
1859 351 1875 369 a
1899 342 2024 370 subditis
2047 342 2178 370 exhiberi
2201 347 2229 370 et
2254 351 2361 371 munus

1350 387 1578 415 consecrationis
1589 389 1768 424 impendi.—
1782 390 1865 423 (Rae.
1877 391 1922 427 .¹7>
1935 391 1953 417 f.
1968 390 2016 418 143
2026 398 2052 417 r⁰
2063 400 2068 423 ;
2081 399 2147 418 ann.
2167 391 2231 424 VII,
2246 400 2271 418 e.
2289 391 2356 424 520;

1351 450 1383 455 —
1401 435 1519 463 Monam
1538 437 1621 470 1188,
1639 437 1657 464 f.
1676 438 1743 470 3213
1760 454 1792 458 —
1815 438 1961 466 Porrfflsr
1981 438 2073 472 9397.)

1391 556 1404 571 «
1433 567 1454 573 ..
1484 546 1710 583 archiepiscopo
1743 547 1921 582 Viennensi,
1949 548 2114 585 Apostolice
2139 549 2223 579 Sedis
2250 550 2355 586 legato.

1348 596 1436 627 Olim
1458 606 1516 636 per
1533 602 1562 628 te
1579 607 1615 628 ac
1631 598 1856 629 venerabilem
1871 599 2007 630 fratrem
2024 605 2173 631 nostrum
2193 624 2212 630 ..
2230 602 2358 640 episco-

1348 659 1425 688 pum
1437 651 1691 686 Tornaeensem,
1711 655 1787 682 tunc
1801 652 1988 690 Apostolice
2002 653 2097 683 Sedis
2110 652 2266 692 legatum,
2281 663 2356 684 exa-

1348 702 1474 732 minato
1496 711 1652 741 processu
1675 703 1846 733 electionis
1867 703 1906 734 de
1926 703 2045 735 dilecto
2066 704 2136 735 filio
2153 728 2171 734 ..
2190 706 2356 744 preposito

1348 754 1578 791 Magalonensi
1589 755 1623 784 in
1638 755 1827 794 episcopum
1838 756 1945 794 ipsius
1957 756 2096 787 ecclesie
2108 757 2272 788 celebrate
2284 759 2305 794 ¹,
2319 767 2356 789 ac
2386 756 2390 759 “

1347 806 1516 837 intellecto
1537 816 1594 846 per
1619 817 1658 838 ea
1680 817 1743 847 que
1765 808 1861 839 nobis
1879 809 2000 839 vestris
2019 809 2141 840 litteris
2159 810 2354 847 intimastis,

1348 859 1434 898 quod
1451 860 1609 890 canonica
1623 864 1692 891 erat
1705 861 1777 900 ejus
1793 861 1910 892 electio
1925 862 2033 901 quoad
2048 862 2199 898 formam,
2218 871 2255 893 ac
2268 862 2358 894 idem

1347 912 1535 951 prepositus
1546 913 1597 942 vir
1608 913 1730 944 nobilis
1741 922 1873 952 genere,
1886 914 2042 953 providus
2054 918 2085 944 et
2098 914 2356 954 circumspectus

1347 965 1382 994 in
1397 965 1629 1003 spiritualibus
1645 969 1676 996 et
1694 966 1930 1004 temporalibus
1947 967 2128 1003 dicebatur,
2146 968 2203 1006 qui
2219 976 2277 1006 pro
2298 976 2357 998 ne-
2400 968 2401 971 ’

1348 1017 1436 1055 gotio
1451 1017 1542 1055 pacis
1556 1021 1587 1048 et
1602 1018 1679 1048 fidei
1697 1018 1859 1049 laboravit
1876 1019 2018 1049 fideliter
2034 1023 2066 1050 et
2081 1023 2281 1055 constanter,
2297 1029 2357 1059 pro

1348 1078 1386 1099 eo
1413 1078 1477 1099 non
1505 1074 1656 1100 metuens
1684 1070 1825 1109 dampna
1852 1080 1962 1101 rerum
1988 1075 2019 1101 et
2042 1080 2183 1110 persone
2209 1071 2357 1111 pericula
2382 1067 2384 1074 ’

1347 1122 1528 1158 sustinere,
1547 1131 1604 1161 pro
1625 1124 1875 1154 confirmatione
1897 1124 1991 1163 cujus
2013 1128 2079 1154 tam
2098 1128 2133 1154 tu
2153 1133 2253 1163 quam
2268 1124 2358 1156 idem

1348 1174 1522 1212 episcopus
1544 1175 1639 1205 nobis
1663 1175 1901 1214 supplicabatis
1921 1176 2097 1211 instanter,
2124 1176 2239 1207 multis
2257 1185 2356 1216 super

1347 1227 1410 1256 hoc
1430 1236 1494 1257 non
1518 1227 1625 1257 solum
1642 1228 1844 1266 prelatorum
1862 1228 1920 1259 sed
1940 1229 2040 1259 etiam
2060 1228 2202 1259 aliorum
2221 1229 2370 1268 religio--

1349 1288 1460 1309 sorum
1477 1281 1572 1310 nobis
1588 1281 1710 1311 litteris
1725 1282 1942 1319 presentatis‚
1962 1281 2018 1320 qui
2035 1282 2065 1312 ei
2078 1281 2245 1312 laudabile
2260 1277 2359 1313 testi·¹
2373 1304 2377 1309 .

1347 1334 1496 1364 monium
1524 1333 1744 1372 perhibebant
1766 1344 1771 1363 :
1801 1334 1881 1373 quia
1907 1334 1946 1364 de
1973 1334 2079 1373 ipsius
2105 1334 2202 1365 electi
2226 1335 2356 1366 meritis

1346 1386 1547 1417 volebamus·
1560 1386 1683 1417 babere
1704 1387 1938 1417 certitudinem
1956 1387 2155 1426 pleniorem,
2173 1387 2235 1417 tibi
2251 1390 2282 1418 et
2298 1396 2356 1418 ve-

1347 1439 1489 1470 nerabili
1505 1439 1601 1469 fratri
1624 1443 1735 1470 nostro
1761 1463 1779 1468 ..
1800 1439 1952 1478 episcopo
1968 1440 2260 1478 Carpentoratensi
2277 1448 2355 1471 nos-

1346 1493 1406 1523 tris
1436 1492 1587 1522 dedimus
1605 1491 1726 1522 litteris
1748 1492 1783 1522 in
1807 1492 1988 1527 mandatis,
2013 1496 2048 1522 ut
2069 1501 2106 1522 ex
2128 1496 2221 1531 parte
2241 1496 2355 1522 nostra

1346 1545 1488 1575 eundem
1517 1545 1697 1575 moneretis
1729 1544 1882 1580 electum,
1915 1545 2002 1584 quod
2028 1553 2133 1584 usque
2167 1545 2207 1574 ad
2232 1545 2355 1576 festum

1346 1597 1503 1628 Omnium
1526 1598 1722 1627 Sanctorum
1743 1598 1893 1636 proximo
1915 1597 2111 1636 preteritum
2135 1597 2356 1636 personaliter

1346 1654 1458 1681 nostro
1475 1659 1509 1680 se
1525 1650 1715 1689 conspectui
1729 1654 1945 1688 presentaret.
1967 1650 2030 1680 Sed
2046 1654 2152 1680 tactus
2169 1650 2208 1680 ab
2223 1649 2282 1680 illo
2297 1650 2356 1689 qui

1345 1703 1485 1741 percutit
1506 1706 1537 1733 et
1553 1703 1714 1738 medetur,
1734 1703 1848 1735 venire
1866 1703 1906 1732 ad
1921 1711 1980 1732 nos
1998 1703 2159 1742 nequivit,
2180 1702 2220 1732 ob
2236 1702 2356 1732 debili-

1345 1759 1445 1785 tatem
1455 1764 1555 1794 quam
1565 1764 1601 1784 ex
1611 1755 1806 1785 infirmitate
1815 1755 1999 1785 incurrisse
2009 1755 2140 1791 dicitur,
2151 1754 2353 1793 prepeditus.

1344 1807 1427 1838 Cum
1443 1807 1547 1845 igitur
1563 1807 1703 1837 dilectus
1718 1807 1807 1837 filius
1821 1807 2023 1843 Bernartius,
2037 1811 2211 1838 succentor
2226 1807 2355 1843 Narbo-

1343 1860 1470 1895 nensis,
1489 1865 1682 1898 procurator
1697 1861 1804 1899 ipsius
1821 1861 1969 1899 capituli,
1985 1860 2080 1890 nobis
2092 1852 2265 1891 humiliter
2281 1869 2355 1899 sup·
2388 1871 2390 1874 ·

1342 1913 1473 1952 plicarit
1486 1917 1531 1949 ut,
1548 1913 1715 1951 pressuris
1729 1918 1761 1943 et
1772 1913 1937 1951 angustiis
1949 1913 2057 1951 ipsius
2070 1913 2209 1943 ecclesie
2217 1916 2355 1952 paterno

1343 1966 1582 2005 compatientes
1607 1966 1743 2001 affectu,
1774 1975 1809 1996 ac
1831 1971 1953 1996 statum
1978 1970 2064 1996 terre
2091 1970 2286 2005 pensantes,
2315 1966 2354 1997 de

1343 2019 1437 2058 cujus
1455 2019 1643 2049 turbatione
1661 2019 1806 2054 timetur,
1825 2018 2020 2049 electionem
2036 2019 2144 2057 ipsam
2159 2019 2354 2050 confirmare

1343 2072 1381 2101 (le
1398 2071 1603 2109 benignitate
1620 2071 1715 2102 Sedis
1733 2071 1921 2110 Apostolice
1945 2071 2169 2109 dignaremur,
2187 2071 2354 2118 carissimi

1342 2125 1375 2153 in
1402 2123 1535 2154 Christo
1557 2123 1619 2153 filii
1644 2123 1750 2153 nostri
1775 2146 1794 2152 ..
1818 2123 1961 2153 illustris
1989 2123 2078 2161 regis
2106 2124 2298 2161 Aragonum
2322 2127 2354 2166 et

1341 2176 1486 2214 plurium
1511 2176 1722 2214 prelatorum,
1750 2176 1806 2214 qui
1829 2176 1969 2206 eundem
1990 2175 2194 2214 prepositum
2211 2175 2354 2206 reddunt

1341 2228 1571 2267 multipliciter
1587 2228 1852 2258 commendatum
1868 2232 1899 2258 et
1912 2228 2076 2258 instanter
2092 2227 2280 2266 supplicant
2294 2237 2354 2267 pro

1341 2281 1470 2316 eodem,
1491 2281 1587 2311 nobis
1609 2281 1850 2311 nichilominus
1872 2280 2001 2311 litteras
2017 2283 2250 2319 representans
2269 2290 2275 2309 :
2293 2289 2353 2312 nos

1340 2335 1453 2371 igitur,
1473 2334 1586 2363 habito
1601 2342 1700 2372 super
1715 2333 1777 2363 hoc
1791 2342 1865 2363 cum
1883 2333 2042 2363 fratribus
2059 2333 2183 2363 nostris
2199 2332 2354 2371 diligenti

1340 2386 1481 2417 consilio
1498 2391 1528 2417 et
1546 2391 1696 2420 tractatu,
1715 2386 1865 2416 nolentes
1878 2391 1913 2415 ut
1929 2386 2035 2424 ipsius
2051 2385 2191 2416 ecclesie
2205 2384 2352 2424 provisio

1340 2440 1481 2469 ulterius
1500 2440 1683 2474 differatur,
1704 2448 1744 2469 ne
1759 2439 1800 2469 ob
1816 2439 2023 2469 vacationem
2034 2431 2200 2468 *diutinam
2217 2446 2351 2477 gravem

1340 2492 1374 2521 in
1395 2491 1626 2530 spiritualibus
1643 2496 1674 2521 et
1691 2491 1928 2530 temporalibus
1950 2491 2111 2521 lesionem
2128 2491 2293 2527 incurrat,
2313 2499 2351 2521 ae

1340 2544 1378 2574 de
1406 2544 1701 2582 circumspectione
1728 2548 1784 2573 tua
1810 2543 1942 2582 plenam
1968 2543 2001 2573 in
2029 2543 2170 2573 Domino
2193 2542 2350 2574 fiduciam

1338 2597 1538 2631 obtinentes,
1551 2596 1746 2626 mandamus
1757 2600 1932 2634 quatenus,
1943 2596 1972 2626 si
1982 2595 2122 2626 eundem
2131 2586 2347 2634 prepositum,

1337 2649 1415 2684 vita,
1432 2648 1583 2683 seientia,
1599 2648 1893 2687 circumspectione
1909 2657 1946 2678 ac
1961 2648 2148 2686 prudentia,
2166 2656 2226 2678 nec
2238 2655 2303 2677 non
2317 2650 2349 2678 et

1338 2702 1484 2742 ejusdem
1503 2701 1641 2732 ecclesie
1656 2701 1799 2732 utilitate
1816 2710 1853 2732 ac
1867 2706 1952 2732 terre
1969 2705 2058 2731 statu
2073 2700 2227 2739 diligenti
2242 2699 2348 2731 medi-

1336 2755 1461 2785 tatione
1474 2754 1633 2793 pensatis,
1649 2754 1820 2784 inveneris
1832 2763 1897 2784 non
1910 2754 2087 2792 indignum
2101 2757 2132 2783 et
2143 2752 2245 2784 statui
2260 2756 2348 2783 terre

1335 2807 1482 2846 predicte
1504 2806 1637 2842 utilem,
1661 2806 1856 2837 electionem
1881 2806 1987 2845 ipsius
2013 2805 2209 2836 auctoritate
2233 2808 2348 2835 nostra

1368 2938 1388 2961 1.
1405 2941 1454 2962 Ms.
1471 2947 1477 2961 ;
1493 2939 1638 2963 celebrata.
