2498 3242
184 271 243 300 517

252 349 325 381 837
787 348 870 380 nien,
886 349 919 374 26
931 348 1027 383 juillet
1041 348 1120 375 1232.

221 432 356 467 Magistro
371 434 400 459 et
417 432 554 459 fratribus
570 431 723 466 Hospitalis
750 431 869 458 mandat
886 434 1037 466 quatenus,
1053 432 1087 458 ad
1105 431 1194 459 resor-

185 479 344 507 mationem
359 480 441 514 regni
455 480 706 514 Hierosolymitani
718 480 898 514 patriarchae
910 480 1097 513 Antiocheno,
1109 481 1195 514 Apos-

185 527 288 555 tolicae
302 528 382 555 Sedis
400 528 504 564 legato,
519 529 699 561 assistentes,
717 528 761 555 bis
777 528 823 563 qui
840 537 907 563 jura
925 529 1071 561 Friderici,
1090 529 1192 555 Roma-

185 584 287 604 norum
319 576 513 611 imperatoris,
543 579 643 604 contra
675 577 793 603 rebelles
821 579 967 609 tueantur,
995 577 1147 603 consilium
1165 579 1194 603 et

183 625 324 652 auxilium
342 625 521 659 impendant.
539 639 573 644 —
588 626 669 659 (nnc.
689 627 729 657 16,
749 626 767 652 s.
785 626 820 652 24
836 629 880 659 v0;
897 634 964 652 ann.
984 625 1029 657 Vl,
1047 633 1074 652 c.
1093 626 1143 659 53;
1159 639 1194 645 —

184 673 326 700 Ροττιιᾼετ
341 674 424 706 8983;
443 689 475 693 —
490 673 654 701 Boanum-:ac
675 674 747 708 477.)

225 775 240 791 u
266 787 287 795 ..
303 764 450 803 maqt'stro
466 769 493 793 ee
509 764 661 803 fratribus
679 763 844 804 Hospitalis
860 763 1194 793 lerosoli›nimni.P1e-

184 817 237 847 nis
249 818 298 847 est
314 817 400 848 votis
417 834 467 848 —.
481 818 555 848 Dat.
573 819 610 848 ut
632 827 743 857 supra.
767 829 782 845 »

222 913 251 940 In
269 913 390 940 eundem
408 913 526 940 modum
544 913 684 948 scriptum
702 916 745 940 cst
760 913 928 948 ..magistro
944 915 971 939 et
989 912 1126 939 fratribus
1142 912 1194 939 mi-

184 960 244 988 litie
259 962 380 996 Templi.

222 1009 252 1037 In
268 1011 399 1038 eundem'
411 1011 530 1038 modum
547 1010 737 1046 scriptumest
761 1031 779 1037 ..
797 1010 937 1045 magistro
955 1012 982 1037 et
996 1009 1131 1036 fratribus
1147 1010 1194 1036 do-

189 1066 253 1086 mus
270 1059 372 1086 Sancte
388 1060 475 1087 Marie
490 1060 711 1087 'teutonicorum
726 1059 1038 1086 Jerosolimitunorum.

223 1107 252 1134 ln
270 1109 393 1135 eundem
410 1108 529 1135 modum
552 1109 695 1143 scriptum
708 1111 751 1135 est
768 1108 908 1135 universis
923 1107 1112 1134 ecclesiarum
1131 1114 1193 1141 pre-

191 1156 256 1183 latis
273 1164 322 1191 per
336 1165 458 1191 regnum
475 1157 742 1195 Jerosolimitanum
759 1156 933 1183 constitutis.

251 1337 323 1368 838
788 1335 871 1368 niati,
887 1336 921 1361 29
934 1335 1029 1370 juillet
1050 1336 1124 1361 ¹232.

219 1420 460 1454 Archiepiscopis,
473 1419 627 1454 episcopis,
643 1419 803 1452 abbatibus,
819 1419 961 1453 prioribus
982 1420 1009 1445 et
1027 1418 1090 1445 aliis
1105 1418 1195 1445 eccle·
1225 1410 1226 1417 ἵ

185 1468 294 1495 siarum
322 1468 460 1502 praelatis
487 1477 536 1503 per
562 1476 683 1503 regnum
711 1467 1006 1502 Hierosolymitanum
1031 1466 1195 1493 constitutis

183 1517 303 1544 mandat
315 1519 454 1551 quatenus
472 1517 673 1551 patriarcham
685 1516 908 1549 Antiochenum,
920 1515 1100 1550 Apostolicae
1116 1515 1194 1542 Sedis

183 1565 325 1602 legatum,
342 1566 378 1592 ad
393 1574 516 1601 regnum
531 1565 626 1600 ipsum
647 1573 698 1600 pro
710 1565 918 1592 reformatione
936 1565 1014 1599 pacis
1033 1564 1061 1590 in
1079 1564 1196 1591 suborta

183 1614 326 1642 discordia
341 1615 538 1647 accedentem,
555 1615 678 1649 benigne
694 1614 846 1648 recipiant.
858 1630 888 1633 —
908 1614 987 1647 (Rau.
1010 1614 1048 1646 16,
1065 1613 1084 1639 f.
1101 1614 1135 1639 24
1148 1621 1193 1646 vog

181 1671 250 1690 ann.
268 1663 315 1696 vl,
332 1671 356 1690 c.
375 1664 422 1696 54;
440 1678 476 1684 —
491 1663 670 1690 Ronsxaeac
686 1663 760 1698 478.)

227 1769 241 1783 «
260 1756 504 1796 Areliiepiscopz's
512 1760 538 1785 ce
553 1756 715 1796 episcopis,
732 1755 900 1791 abbatibus,
915 1755 1072 1795 prioribus
1083 1760 1111 1784 ec
1127 1754 1196 1785 aliis

183 1807 373 1839 ecclesiarum
397 1808 530 1848 prelatis
541 1818 601 1848 per
614 1818 739 1847 reynel-m
762 1807 1039 1837 dei-osolimitanum
1053 1808 1194 1837 constitu-

187 1861 236 1892 tis.
254 1862 338 1893 Cum
356 1861 581 1892 venerabilem
598 1861 734 1892 fratrem
753 1879 802 1891 —.
817 1862 892 1892 Dat.
914 1861 1028 1897 Reate,
1054 1862 1121 1892 IIII
1138 1862 1195 1892 ka-

185 1915 302 1946 lendas
318 1914 461 1954 augusti,
480 1923 566 1945 anno
581 1923 596 1945 s
636 1936 685 1946 ,9.
698 1931 714 1942 ,ι

253 2103 327 2135 839
783 2100 867 2132 Rieti,
885 2101 919 2126 ‘29
933 2101 1030 2135 juillet
1048 2102 1124 2127 ¹232.

222 2187 407 2214 Patriarchae
425 2185 614 2217 Antiocheno,
644 2185 800 2220 apostolico
831 2184 934 2220 legato,
957 2184 1087 2211 concedit
1103 2187 1134 2212 ut
1150 2193 1195 2212 ex-

185 2235 417 2262 communicatos
429 2236 456 2261 et
475 2234 641 2268 peregrinos
657 2236 719 2268 post
736 2233 896 2260 terminum
911 2233 952 2259 eis
970 2233 1132 2267 injunctum
1148 2235 1196 2261 ab-

185 2283 294 2310 solvere
311 2283 413 2310 valeat.
432 2297 467 2303 —
484 2283 562 2316 (Rae.
583 2283 622 2314 16.
638 2281 658 2309 f.
674 2284 708 2308 25
723 2290 767 2314 r0;
786 2289 854 2309 aun.
871 2282 914 2312 Vl,
931 2289 955 2309 c.
976 2283 1023 2314 55;
1046 2296 1078 2300 —
1095 2281 1197 2308 nouss-

189 2338 259 2357 asac
279 2331 353 2364 479.)

226 2435 241 2451 «
263 2445 283 2454 ..
297 2421 682 2462 patriarcheAntiocheno,
698 2419 871 2461 Apostolice
887 2420 976 2450 Sedis
990 2420 1104 2459 lcqato.
1115 2420 1199 2450 Cum

186 2476 412 2507 venerabilem
428 2475 563 2506 fratrem
580 2492 627 2503 —.
654 2474 729 2504 Dat.
749 2474 863 2508 Reate,
885 2473 951 2503 IIII
970 2472 1127 2503 kalendas
1144 2481 1199 2503 au-

189 2529 288 2567 gusti,
304 2537 390 2559 anno
403 2530 508 2559 sexto.
529 2541 544 2555 »

259 2705 332 2736 840
793 2701 876 2734 meti,
893 2702 926 2727 26
937 2701 1033 2736 juillet
1055 2702 1131 2727 1232.

1007 262 1194 300 SIXIFJME
1223 263 1387 300 ANNEE.

2202 280 2261 307 518

1255 351 1363 376 utatur.
1382 365 1414 369 —
1430 350 1509 385 (Rea.
1534 351 1611 384 16,ss
1634 353 1666 378 25
1685 360 1728 387 rog
1743 361 1810 380 ann.
1836 354 1883 386 Vl,
1900 362 1923 380 c.
1940 357 2033 389 563—
2050 356 2164 384 Monam
2184 360 2259 392 1187,

1255 396 1274 423 f.
1289 397 1355 430 247;
1374 413 1408 417 —-
1427 398 1576 426 Pori-nm
1593 400 1678 432 8980;
1694 415 1728 420 -—
1744 402 1904 429 {tommano
1926 403 2000 437 475.)

1293 501 1309 517 i<
1327 514 1348 521 ..
1361 491 1539 530 patriarche
1553 492 1810 525 Jerosole'mitano.
1831 495 1946 526 Palam
1973 496 2096 536 aliquis
2114 498 2261 538 loquitur

1253 558 1303 572 -.
1321 543 1397 574 Dat.
1415 544 1528 579 Reate,
1558 546 1622 576 VH
1646 546 1805 578 kalendas
1828 548 1995 587 [augusti]‚
2019 559 2105 580 anno
2124 552 2227 581 sexto.
2246 564 2261 579 υ

1322 706 1391 738 841
1849 709 1934 742 nien,
1950 711 1984 736 28
1995 710 2087 745 juillet
2110 715 2184 740 1‘23-2.

1289 789 1510 824 Areliiepiscopo
1525 790 1676 817 Viennensi
1694 793 1722 817 et
1748 792 1936 827 suffraganeis
1952 794 2013 829 ejus
2032 797 2147 823 mandat
2163 801 2259 832 quate-

1254 845 1306 864 nus
1335 838 1471 864 ccclesiae
1504 838 1682 870 Valentinae,
1705 840 1807 866 debitis
1833 844 1977 875 gravatae,
1994 843 2021 869 iu
2044 844 2156 871 decimu
2173 855 2260 881 usque

1253 886 1288 912 ad
1304 886 1545 920 quinquennium,
1562 887 1604 913 vel
1622 896 1671 921 prr
1684 888 1812 922 aliquam
1836 890 2012 917 taxationem
2031 894 2259 927 aequivalentem

1253 935 1393 967 decimae,
1410 935 1531 969 siugulis
1553 936 1635 962 annis
1658 937 1838 969 solvendam,
1853 939 2012 966 subsidium
2035 945 2134 967 curent
2151 942 2261 977 impen-

1253 983 1330 1015 dere,
1347 983 1382 1009 ud
1400 983 1452 1009 hoc
1478 983 1572 1018 ipsum
1592 993 1658 1011 suos
1682 985 1808 1012 subditos
1829 986 1984 1014 efficaciter
2004 988 2182 1023 inducentes,
2200 993 2229 1017 ut
2247 1000 2262 1017 a

1255 1031 1342 1058 tantis
1360 1031 1448 1065 possit
1465 1032 1599 1059 oneribus
1628 1033 1758 1060 relevari.
1776 1048 1810 1053 ——
1826 1035 1902 1069 (liae.
1925 1037 1963 1067 16,
1980 1036 2000 1062 s.
2019 1039 2051 1062 215
2070 1046 2111 1063 r02
2133 1047 2199 1066 nnn.
2216 1040 2263 1070 vi,

1254 1086 1277 1105 c.
1298 1080 1355 1107 57.)

1296 1181 1310 1196 «
1334 1193 1353 1200 ..
1371 1172 1597 1212 archiepiscopo
1624 1173 1779 1204 Viennensi
1806 1181 1835 1204 e!
1858 1178 2062 1217 snffraqaneis
2077 1180 2150 1209 suis.
2183 1182 2261 1211 (ira-

1257 1223 1329 1253 vate
1345 1224 1533 1256 debitorum
1554 1227 1711 1257 oneribus
1728 1246 1776 1258 —.
1803 1229 1877 1259 Dat.
1905 1230 2019 1265 Reate,
2050 1233 2076 1262 V
2104 1233 2263 1264 kalendas

1226 1276 1227 1316 ᾖ
1256 1277 1400 1315 augusti,
1416 1287 1503 1309 anno
1519 1282 1623 1310 sexto.
1644 1293 1657 1307 »

1226 2225 1229 2238 4

1322 1444 1396 1475 842
1848 1448 1933 1482 Rieu,
1955 1451 1987 1476 28
2000 1450 2097 1485 juillet
2117 1453 2192 1478 1232.

1290 1526 1427 1561 Episcopo
1445 1528 1594 1555 Sabinensi
1611 1531 1711 1556 uotum
1729 1530 1796 1556 facit
1810 1538 1839 1557 se
1855 1533 2028 1559 sententiam
2047 1534 2217 1562 confirmare
2229 1536 2265 1563 ab

1254 1574 1297 1607 0.,
1314 1576 1410 1602 Sancti
1428 1576 1535 1602 Nicolai
1558 1577 1677 1604 diacono
1703 1578 1856 1611 cardinali,
1873 1580 1962 1607 latam
1982 1582 2009 1608 in
2028 1590 2112 1609 cansa
2130 1584 2205 1610 iuter
2222 1584 2263 1618 ip-

1255 1631 1320 1649 sum
1342 1624 1507 1658 episcopum
1532 1627 1560 1651 et
1579 1625 1711 1652 abbatem
1730 1629 1962 1662 conventumque
1986 1630 2136 1657 Farsenses
2154 1634 2263 1658 exorta.

1253 1685 1289 1691 —
1310 1672 1388 1705 (nac.
1409 1674 1448 1706 16,
1467 1673 1485 1699 s.
1504 1674 1536 1699 ‘25
1556 1678 1604 1708 v03
1621 1682 1689 1701 ann.
1708 1675 1754 1708 vl,
1770 1683 1795 1701 c.
1814 1677 1870 1710 58.)

1295 1777 1311 1792 «
1331 1789 1349 1796 ..
1367 1767 1508 1806 episcopo
1525 1767 1696 1797 sabinensi.
1715 1768 1793 1798 Orta
1811 1769 1896 1799 inter
1912 1771 1953 1806 te,
1971 1779 2012 1800 ex
2029 1773 2119 1810 parte
2138 1782 2215 1807 una,
2233 1774 2263 1803 et

1253 1818 1410 1849 dilectum
1434 1819 1542 1849 filium
1573 1843 1591 1850 ..
1615 1820 1767 1851 abbatem
1792 1823 1823 1851 et
1848 1825 2048 1854 conventum
2073 1826 2265 1856 monasterii

1254 1871 1437 1907 Fal-sensis,
1455 1881 1496 1902 ex
1511 1872 1624 1908 altera,
1642 1882 1742 1912 super
1757 1882 1795 1904 eo
1812 1875 1899 1913 quod
1915 1877 2050 1908 eosdem
2067 1878 2219 1908 abbatem
2235 1880 2266 1909 et

1254 1926 1454 1955 conventum
1470 1927 1584 1955 contra
1595 1926 1810 1957 diffinitivam
1828 1929 2026 1959 sententiam
2039 1930 2145 1961 felicis
2161 1940 2265 1962 recor-

1255 1977 1399 2007 dationis
1411 1978 1436 2007 Ι.
1448 1986 1543 2016 pape,
1557 1979 1802 2017 predecessoris
1814 1981 1930 2015 nostri,
1944 1982 2043 2012 latam
2054 1992 2113 2022 pro
2127 1985 2266 2015 ecclesia

1255 2030 1434 2060 Sabinensi
1459 2032 1571 2060 contra
1590 2040 1658 2065 eos,
1678 2033 1810 2062 venisse
1836 2033 1981 2070 dicebas,
2005 2038 2035 2065 et
2062 2037 2264 2074 quibusdam

1255 2082 1331 2112 aliis
1346 2082 1506 2117 articulis,
1521 2083 1661 2113 materia
1677 2085 1872 2122 questionis,
1888 2086 1922 2116 in
1936 2088 2048 2117 nostra
2061 2089 2266 2127 proposuisti

1254 2135 1422 2173 presentia
1451 2136 1662 2171 constitutus,
1693 2137 1792 2175 quod.
1823 2146 1899 2167 eum
1926 2138 2011 2169 bone
2035 2142 2195 2171 memorie
2223 2143 2265 2172 H.

1254 2196 1351 2226 papa,
1370 2188 1583 2226 predecessor
1595 2191 1717 2223 noster,
1734 2189 1767 2219 in
1780 2198 1894 2221 omnes
1911 2191 1986 2221 illos
2002 2195 2266 2225 excommunica-

1256 2240 1355 2270 tionis
1373 2241 1572 2270 sententiam
1593 2242 1798 2280 protulisset,
1815 2243 1871 2281 qui
1890 2244 1997 2274 eidem
2017 2247 2179 2277 sententie
2195 2255 2265 2286 prc-

1256 2295 1426 2323 sumerent
1448 2294 1624 2328 contraire,
1643 2295 1762 2333 prefati
1778 2295 1880 2326 abbas
1896 2298 1927 2326 et
1942 2301 2139 2333 eonventus,
2156 2301 2270 2330 contra

1257 2346 1396 2376 eandem
1413 2346 1611 2376 sententiam
1634 2349 1756 2378 temere
1773 2349 1956 2383 venientes,
1974 2351 2096 2381 crisma
2112 2354 2142 2381 et
2159 2352 2269 2383 oleum

1257 2400 1407 2428 sanctum
1424 2398 1501 2429 dant
1515 2400 1742 2430 sacerdotibus
1758 2401 1825 2430 tuis
1837 2411 1893 2440 pro
1907 2403 2103 2442 baptismate
2117 2405 2271 2443 parvulo-

1258 2460 1332 2481 rum
1355 2453 1387 2481 et
1410 2453 1556 2481 extrema
1580 2452 1789 2483 infirmorum
1811 2455 1978 2491 unctione,
2003 2460 2206 2495 cognoscunt
2230 2458 2271 2488 de

1231 2530 1232 2534 ,
1258 2503 1369 2534 causis
1389 2504 1706 2539 matrimonialibus,
1730 2507 1760 2536 et
1779 2506 1968 2545 frequenter
1988 2513 2142 2548 separant
2159 2511 2272 2541 matri-

1231 2549 1233 2614 )
1260 2557 1372 2587 monia
1387 2558 1418 2587 et
1430 2558 1647 2596 conjungunt,
1661 2560 1691 2588 et
1703 2558 1869 2590 interdum
1882 2560 2041 2599 impedire
2056 2563 2084 2592 te
2101 2572 2138 2593 ne
2152 2565 2185 2593 tu
2203 2563 2272 2602 ipse

1232 2617 1234 2634 l
1261 2618 1440 2648 cognoscas
1462 2609 1502 2640 de
1517 2611 1752 2646 matrimoniis,
1765 2620 1831 2642 non
1846 2615 2070 2645 verenturzile
2085 2615 2272 2646 homicidiis

1261 2670 1392 2701 quoque
1411 2663 1442 2692 et
1464 2663 1739 2702 oppressionibus
1761 2665 1977 2703 parvulorum
1994 2668 2192 2706 penitentias
2211 2669 2273 2698 im-

1262 2716 1434 2754 ponentes,
1453 2715 1668 2746 remissiones
1683 2716 1807 2746 saciunt
1819 2719 1850 2748 et
1868 2719 1946 2748 dant
1960 2719 2183 2759 indulgentias
2200 2730 2273 2760 pec·-

230 2787 429 2815 pmriamham
449 2786 740 2820 Hierosolymitanum
758 2787 856 2812 mouet
883 2786 914 2811 ut
933 2793 950 2811 a
970 2784 1107 2811 novandis
1121 2784 1205 2811 rebus
1235 2781 1236 2813 i
1263 2767 1609 2806 catorumssiquando
1620 2768 1719 2798 etiam
1732 2769 1959 2801 ecclesiam,in
1970 2773 2055 2801 terra
2067 2774 2270 2809 monasterii,

196 2835 226 2863 in
242 2835 434 2867 Fridcricum,
449 2835 644 2862 Romanorum
659 2834 875 2868 imperatorem,
885 2833 1017 2866 absistat,
1029 2833 1111 2868 eique
1123 2841 1206 2860 man-

197 2883 246 2911 dat
261 2886 412 2918 quatenus,
432 2883 455 2910 si
474 2884 509 2910 ad
533 2883 720 2918 apostolicam
740 2882 934 2917 praesentiam
956 2881 984 2908 in
996 2881 1127 2916 proximo
1143 2889 1205 2916 pas-

1263 2819 1407 2850 diocesis
1417 2820 1625 2856 Sabinensis,
1643 2829 1758 2851 vacare
1769 2822 1940 2861 contingit,
1957 2823 2031 2854 licet
2044 2824 2129 2854 infra
2145 2828 2274 2864 tempus

1266 2872 1370 2911 ajure
1393 2874 1551 2903 statutum
1564 2875 1706 2904 rectores
1723 2874 1781 2904 tibi
1796 2875 1932 2905 idoneos
1943 2885 2008 2906 non
2023 2880 2223 2916 presentent,
2238 2888 2273 2909 ac

199 2933 278 2968 sagio
308 2932 404 2959 venire
424 2939 479 2959 non
497 2931 613 2967 poterit,
629 2931 756 2966 injuncto
788 2930 841 2958 sibi
866 2929 1016 2965 legationis
1031 2929 1125 2957 officio
1151 2938 1206 2956 nou
1237 2926 1239 2950 ἲ
1267 2934 1326 2964 per
1339 2925 1400 2956 hoc
1416 2926 1458 2956 ad
1475 2928 1505 2957 te
1523 2926 1671 2965 ipsarum
1686 2927 1901 2958 ecclesiarum
1914 2929 2079 2960 ordinatio
2094 2931 2274 2969 dcx-onwa-
