2498 3242
180 285 252 315 1041
1033 276 1249 314 uuirOEME
1271 276 1432 313 ANNEE.
2213 289 2286 317 1042

176 351 358 390 dignitate,
383 359 482 390 quam
506 351 608 382 iidem
625 351 733 383 clerus
757 356 787 382 et
809 351 950 390 populus
975 350 1039 381 sibi
1063 349 1195 379 restitui

176 403 405 442 postulabant,
434 404 609 442 questione
635 405 788 440 suborta,
820 404 928 435 felicis
955 402 1195 434 recordationis

177 456 367 488 Celestinus
393 466 492 495 papa,
520 457 735 496 predecessor
756 458 884 493 noster,
904 466 962 496 per
983 455 1195 486 diffinitivam

178 510 381 540 sententiam
402 510 577 548 imponens
596 510 645 540 eis
665 510 837 541 silentium
854 510 888 539 in
908 510 969 539 hac
988 513 1097 547 parte,
1120 517 1196 546 pro-

178 562 254 592 vide
275 562 391 593 statuit
407 567 442 593 ut
459 562 599 593 ecclesia
622 564 742 594 Sancte
762 563 866 593 Muris:
886 563 975 593 Nove
1000 561 1122 592 Montis
1140 561 1196 591 Pi-

177 614 242 644 losi
266 615 300 644 in
323 619 519 653 perpetuum
543 615 744 653 prioratum,
770 625 845 645 cum
868 615 1023 645 omnibus
1044 613 1195 644 ecclesiis

178 666 273 697 illius
294 666 358 697 loci
381 667 472 697 intus
495 672 527 698 et
547 672 636 698 extra
654 668 787 706 positis,
807 668 957 698 subesset
975 666 1196 706 spiritualiter

179 724 212 750 et
228 720 455 759 temporaliter
469 721 671 751 monasterio
687 722 770 752 Caso
787 722 865 756 Dei,
883 726 913 751 et
930 721 1017 760 quod
1033 721 1122 759 prior
1137 720 1195 759 qui

178 781 238 812 pro
269 777 414 812 tempore
445 782 504 812 per
533 775 774 804 monasterium
799 775 908 813 ipsum
935 774 1195 804 constitueretur

178 825 316 861 ibidem,
333 825 386 856 bis
403 831 460 856 aut
475 827 578 857 semel
594 827 629 857 in
646 836 744 862 anno,
763 837 861 866 quem
880 827 976 857 vellet
990 827 1192 865 episcopum,

177 878 337 908 invitaret
366 879 508 909 eundem
536 879 576 909 ad
602 880 860 910 ministrandum
889 880 971 918 ipsis
994 879 1194 918 episcopalia

179 936 404 968 sacramenta,
426 933 513 963 sicut
530 933 564 962 in
583 934 731 973 ejusdem
755 934 922 963 autentico
939 933 1071 972 plenius
1088 933 1194 962 conti-

179 988 286 1014 netur.
314 985 353 1015 Et
374 985 452 1015 licet
475 986 643 1016 sententia
667 986 739 1025 ipsa
765 987 867 1016 fuerit
891 986 1053 1016 hactenus
1079 986 1194 1016 obser-

177 1041 264 1070 vata,
279 1042 430 1068 revocato
443 1038 478 1067 in
491 1038 623 1068 irritmn
636 1048 693 1077 per
706 1039 812 1069 felicis
830 1039 1069 1069 recordationis
1085 1040 1193 1076 l[nno-

177 1091 325 1120 centium
343 1091 491 1129 tertium]
507 1100 635 1130 papam,
649 1092 917 1130 predecessorem
932 1096 1093 1126 nostrum,
1107 1091 1194 1130 quod

178 1143 288 1173 medio
307 1148 452 1182 tempore
469 1145 508 1174 de
525 1145 667 1183 quodam
681 1145 717 1174 in
737 1145 928 1183 episcopum
947 1153 1044 1175 suum
1063 1144 1194 1174 intruso

177 1196 243 1225 fuit
280 1200 394 1226 contra
433 1197 571 1227 eandem
605 1198 808 1228 sententiam
841 1198 973 1236 propria
1007 1197 1193 1227 temeritate

178 1253 424 1288 presumptum,
449 1250 529 1279 dicti
552 1250 660 1280 clerus
684 1254 715 1280 et
735 1250 876 1289 populus
899 1250 1006 1280 eidem
1028 1250 1193 1280 sententie

179 1301 325 1338 obviant,
345 1302 528 1342 quid[d]ain
547 1303 581 1332 in
599 1303 804 1333 eontrarium
822 1303 1055 1341 presumendo,
1076 1303 1109 1331 in
1127 1312 1192 1332 non

178 1355 346 1385 modicum
375 1355 496 1393 prefati
529 1356 725 1386 monasterii
753 1355 1001 1386 detrimentum.
1034 1355 1193 1385 Nolentes

177 1407 282 1446 igitur
306 1411 342 1437 ut
365 1416 429 1446 que
453 1417 470 1437 a
493 1408 785 1446 predecessoribus
810 1408 933 1438 nostris
955 1408 1090 1446 provide
1116 1412 1194 1438 sunt

180 1463 315 1495 statuta,
333 1460 521 1490 temeritate
535 1460 683 1499 qualibet
697 1460 921 1496 infirmentur,
939 1461 1193 1491 universitatem

178 1521 294 1543 eorum
314 1513 495 1551 rogandam
514 1513 669 1544 duximus
692 1518 723 1544 et
745 1513 960 1550 hortandam,
981 1514 1104 1544 nostris
1129 1514 1193 1544 sibi

178 1566 296 1596 dantes
311 1565 434 1596 litteris
453 1566 488 1596 in
506 1566 673 1596 mandatis
690 1571 725 1597 ut
742 1567 943 1597 sententiam
959 1567 1066 1605 ipsam
1084 1567 1194 1597 taliter

177 1619 372 1655 observent,
394 1629 490 1650 secus
508 1624 701 1659 presumpta
715 1620 900 1650 revocando
918 1621 1053 1659 provide
1075 1630 1134 1659 per
1158 1630 1193 1651 se

175 1672 282 1712 ipsos,
301 1673 389 1712 quod
411 1682 430 1704 a
448 1673 557 1704 noxiis
582 1683 649 1704 non
672 1674 872 1710 necessitas,
892 1674 950 1704 sed
964 1674 1118 1704 voluntas
1137 1683 1192 1704 eos

175 1726 347 1756 retrahere
379 1726 542 1757 videatur.
577 1726 740 1764 Quocirca
771 1727 969 1757 mandamus
1007 1732 1190 1766 quatenus,

175 1779 317 1810 eandem
339 1780 542 1810 sententiam
565 1779 728 1810 facientes
748 1780 890 1810 firmiter
909 1780 1097 1815 observari,
1118 1789 1192 1810 con-

175 1832 373 1862 tradictores
401 1837 432 1862 et
458 1832 618 1868 rebelles,
649 1833 678 1862 si
706 1833 764 1872 qui
789 1833 932 1868 suerint,
963 1837 1024 1863 etc.
1054 1833 1192 1863 Proviso

175 1893 218 1916 ne
246 1885 502 1916 universitatem
532 1886 655 1916 Montis
682 1885 786 1916 Pilosi
815 1890 876 1916 etc.
907 1887 982 1916 Dat.
1016 1885 1189 1921 Laterani,

174 1938 245 1968 IIII
261 1946 366 1968 nonas
382 1938 474 1974 maii,
493 1947 580 1968 anno
596 1943 722 1969 octavo.
741 1951 754 1966 n

250 2129 368 2158 ¹906
771 2131 886 2164 Latran,
903 2131 938 2158 ‘20
952 2131 1022 2158 avril
1040 2131 1118 2158 1234.

208 2192 328 2219 Rectori
346 2196 373 2219 et
388 2193 526 2220 fratribus
543 2193 641 2221 Sancti
663 2193 789 2229 Spiritus
808 2195 835 2220 in
853 2194 939 2220 Saxia
955 2193 990 2221 de
1006 2193 1101 2226 Urbe,
1118 2202 1190 2228 quo-

174 2250 239 2268 rum
262 2241 403 2277 hospitale
424 2252 439 2268 a
461 2243 606 2269 nonnullis
626 2242 741 2269 clericis
760 2246 789 2269 et
809 2243 889 2269 laicis
909 2242 1078 2275 vexabatur,
1095 2242 1190 2269 indul-

172 2295 223 2325 get
239 2294 270 2317 ut
288 2291 324 2317 de
342 2295 439 2317 cetero
459 2300 509 2326 per
526 2291 635 2318 litteras
652 2300 726 2326 quae
742 2295 841 2318 contra
858 2292 953 2326 ipsum
971 2292 1113 2324 hospitale
1133 2299 1188 2317 non

171 2339 281 2366 fuerint
302 2340 470 2374 impetratae
482 2361 488 2368 ,
505 2340 579 2366 trabi
597 2348 651 2366 non
671 2341 783 2375 possint
798 2340 825 2366 in
843 2348 971 2367 causam.
989 2355 1021 2359 —
1043 2339 1127 2374 (Rae.
1146 2340 1188 2372 17,

171 2388 192 2415 f.
212 2388 262 2415 179
280 2395 322 2419 νος
340 2397 407 2415 ann.
428 2387 506 2420 VIII,
524 2397 550 2415 c.
567 2389 622 2420 63.)

214 2502 229 2518 α
250 2513 269 2519 ..
289 2491 399 2520 rectori
417 2496 442 2520 e!
458 2492 612 2527 fram-ibus
623 2492 730 2521 Sancti
747 2492 883 2529 Spiritus
900 2493 931 2520 in
946 2492 1042 2521 Saoeia
1056 2491 1089 2520 de
1103 2491 1186 2520 L'rbe.

171 2543 220 2574 Ex
237 2548 330 2582 parte
346 2548 458 2574 vestra
473 2562 522 2574 —.
541 2545 614 2574 Dat.
633 2545 806 2580 Laterani,
830 2545 896 2575 XII
912 2544 1071 2575 kalendas
1088 2544 1185 2581 maii,

171 2604 262 2627 anno
277 2600 403 2627 octavo.
423 2609 436 2623 »

247 2794 365 2823 ¹90?

209 2857 384 2891 Segobiensi
417 2861 445 2884 et
478 2857 674 2884 Salamantino
704 2858 866 2893 episcopis,
899 2862 927 2884 et
956 2859 1095 2892 magistro
1123 2857 1187 2890 Ali-

171 2904 325 2941 phonso?},
357 2906 449 2932 electo
475 2905 666 2941 Legionensi,
692 2915 810 2934 causam
836 2907 986 2942 primatiae
1013 2914 1087 2941 quae
1111 2905 1187 2932 inter

169 2953 424 2990 archiepiscopum
450 2958 479 2981 et
501 2955 659 2990 capitulum
683 2954 870 2988 Toletanum,
897 2964 932 2982 ex
960 2964 1014 2982 una
1041 2959 1135 2990 parte,
1157 2957 1187 2981 et

294 3008 481 3041 Ganeoian
499 3016 550 3047 1x‚
569 3019 588 3042 t.
607 3017 628 3042 1.

800 2795 914 2827 Latmo,
932 2795 947 2822 6
965 2795 1018 2821 mai
1038 2795 1114 2822 1234.

1279 349 1529 384 archiepiscopum
1560 354 1588 376 et
1618 351 1775 385 capitulum
1806 350 2085 385 Conipostellanum,
2117 361 2152 379 ex
2181 354 2285 386 altera,

1280 398 1460 431 vertebatur,
1487 398 1659 425 audiendam
1683 399 1837 425 committit
1858 404 1885 426 ct
1905 400 1938 425 ad
1960 400 2065 426 Sedem
2086 401 2285 435 Apostolicam

1279 450 1379 481 postea
1397 446 1610 474 remittendam.
1632 462 1664 466 —
1681 447 1765 479 (Rem
1786 448 1826 479 17,
1844 447 1861 473 l'.
1883 447 1930 474 180
1947 455 1985 478 r⁰3
2003 458 2068 475 ann.
2088 448 2173 482 VIII,
2188 458 2212 476 c.
2230 450 2286 483 (54.)

1320 560 1332 574 «
1349 571 1367 576 ..
1381 548 1552 585 Seyobiensz·
1563 553 1588 577 et
1603 571 1620 577 ..
1635 549 1852 578 Salamantina
1865 549 2019 587 episcopis,
2037 556 2062 579 et
2077 552 2223 587 magistro
2238 552 2284 585 ,1l.,

1278 602 1366 630 electo
1377 602 1564 639 Layioncnsi.
1578 600 1661 631 Cum
1674 610 1773 639 super
1784 610 1882 630 causa
1897 602 2048 639 primatie
2062 612 2124 640 que
2138 603 2225 632 ints-1·
2237 613 2287 633 ve-

1278 653 1445 683 nerabiles
1459 654 1576 683 tratres
1590 657 1719 683 nostros
1733 677 1752 682 ..
1767 653 2052 692 archiepiscopum
2063 660 2092 684 vt
2104 655 2285 693 capitulum

1277 705 1483 741 Toletanum,
1500 715 1536 735 ex
1550 710 1806 744 pa1·teuna,et..
1821 705 2105 745 archiepiscopum
2121 708 2287 745 etr-apitii-

1277 758 1344 787 lum
1362 758 1685 797 Compostellannm.
1705 768 1741 789 ex
1756 758 1876 793 altera,
1895 760 2050 791 vertitur,
2069 760 2110 789 lis
2133 761 2231 790 suerit
2252 761 2285 790 in

1277 815 1389 841 nostra
1406 815 1437 841 et
1450 811 1591 841 fratrum
1611 815 1798 841 nostrorum
1808 812 1981 851 presentia
1995 811 2141 849 legitime
2157 819 2287 842 ‹miltes-

1278 868 1354 899 lala,
1374 865 1579 903 presentium
1596 864 1688 894 vobis
1708 864 1919 899 auctoritate,
1939 865 1976 893 de
1994 865 2287 904 utriusquepartis

1276 921 1525 955 procuratorum
1547 926 1702 951 assensu,
1728 917 1924 946 mandamus
1948 922 2112 956 quatenus
2135 922 2234 948 testes
2257 923 2287 947 et

1277 970 1341 1000 alia
1363 971 1569 1000 munimenta
1587 980 1650 1009 que
1671 980 1770 1008 super
1792 970 1942 999 articulis
1959 970 2102 999 inferius
2120 972 2287 1001 annotatis

1277 1028 1307 1054 et
1327 1024 1402 1053 aliis
1419 1024 1543 1054 dictum
1562 1023 1731 1061 negotium
1748 1023 2031 1059 contingentibus,
2054 1028 2194 1062 utraque
2212 1034 2286 1062 pars

1276 1078 1405 1107 duxerit
1442 1077 1650 1116 producenda
1665 1100 1671 1106 .
1713 1087 1729 1106 a
1771 1077 1853 1106 sesto
1895 1076 2052 1106 Omnium
2090 1078 2286 1107 Sanctorum

1275 1131 1423 1170 proximo
1440 1135 1578 1160 venturo
1594 1140 1699 1169 usque
1723 1130 1763 1159 ad
1786 1138 1910 1159 annum
1927 1130 2073 1168 recipere.
2089 1131 2285 1168 procuretis,

1276 1184 1446 1214 mittenles
1473 1184 1513 1214 ad
1541 1192 1600 1213 nos
1628 1193 1762 1213 causam
1790 1183 1993 1213 sufficienter
2019 1183 2226 1219 instructam,
2257 1188 2288 1213 et

1276 1238 1475 1275 preligentes
1493 1246 1529 1267 ex
1547 1241 1625 1266 lunc
1647 1236 1798 1274 partibus
1821 1240 1964 1274 quatuor
1984 1235 2151 1265 mensium
2172 1236 2286 1266 termi-

1276 1299 1356 1320 num
1381 1289 1651 1328 peremptorium,
1677 1298 1741 1327 quo
1765 1293 1877 1318 nostro
1901 1298 1936 1318 se
1961 1289 2151 1326 conspectui
2175 1297 2287 1327 repre—

1276 1347 1419 1378 sentent,
1436 1342 1572 1381 justam,
1590 1342 1688 1371 dante
1708 1342 1866 1376 Domino,
1885 1341 2085 1371 sententiani
2103 1346 2285 1380 recepture.

1277 1396 1363 1426 Sane
1381 1395 1513 1425 articuli
1528 1395 1647 1434 prefati
1665 1400 1742 1425 sunt
1757 1394 1838 1425 tales
1857 1405 1863 1423 :

1317 1448 1465 1478 Intendit
1484 1448 1622 1487 probare
1647 1458 1722 1486 pars
1748 1448 1968 1486 predictorum
1990 1447 2230 1486 archiepiscopi
2256 1452 2287 1478 et

1276 1501 1413 1540 capituli
1429 1501 1579 1531 Toletani
1601 1506 1715 1530 contra
1737 1506 1934 1530 memoratos
1954 1500 2239 1539 archiepiscopum
2256 1504 2287 1529 et

1276 1554 1458 1593 capitulum
1482 1553 1784 1592 Compostellanum
1811 1562 1907 1582 usum
1931 1562 2044 1582 eornm
2075 1563 2138 1592 que
2164 1553 2287 1591 prima-

1275 1607 1357 1637 tiam
1372 1607 1588 1645 contingunt,
1607 1615 1717 1636 coram
1734 1606 1943 1635 auditoribus
1960 1606 2190 1644 exprimenda:

1315 1662 1399 1691 Item
1423 1660 1492 1690 vult
1513 1660 1652 1698 probare
1677 1663 1824 1697 tempora
1844 1659 2024 1688 vacationis
2042 1658 2180 1688 ecclesie
2197 1658 2287 1689 Tole-

1276 1718 1370 1750 tane,
1388 1713 1602 1748 hostilitatis,
1622 1716 1653 1742 et
1670 1711 1735 1742 alia
1757 1720 1820 1750 que
1842 1711 1979 1749 probata
2004 1711 2042 1741 de
2064 1711 2139 1750 jure
2162 1711 2287 1741 fuerint

1275 1766 1490 1797 subducenda
1508 1776 1513 1801 3

1315 1821 1399 1850 Item
1421 1818 1565 1849 intendit
1581 1818 1737 1848 exhihere
1760 1817 1935 1856 privilegia
1958 1818 2182 1847 Romanorum
2201 1818 2287 1847 Pon-

1274 1873 1401 1903 tificum
1427 1876 1457 1902 et
1483 1871 1548 1901 alia
1572 1871 1779 1901 munimenta
1804 1879 1938 1899 causam
1962 1870 2187 1908 contingentia
2221 1870 2286 1908 pri-

1273 1925 1387 1956 matie.

1313 1979 1428 2008 Testes
1446 1981 1557 2007 autem
1574 1981 1634 2006 etc.
1652 1976 1745 2013 Quod
1762 1976 1789 2005 si
1809 1984 1874 2005 non
1892 1984 2006 2005 omnes
2020 1981 2081 2005 etc.
2103 1977 2175 2005 Dat.
2193 1977 2286 2006 Late-

1272 2030 1364 2066 rani,
1383 2031 1416 2060 II
1432 2038 1537 2060 nonas
1554 2029 1645 2064 maii,
1663 2038 1750 2058 anno
1766 2033 1891 2058 octavo.
1911 2040 1923 2054 »

1347 2229 1462 2258 1908
1879 2226 1992 2258 Lati-an,
2013 2226 2042 2254 ¹3
2061 2227 2115 2253 mai
2136 2227 2211 2254 1234.

1308 2291 1452 2327 Episcopo
1478 2291 1633 2326 Burgensi,
1659 2291 1798 2324 magistro
1822 2288 2029 2324 ΑῙΙρῦοηςοὶἿ,
2055 2289 2147 2315 electo
2177 2288 2282 2323 Legio-

1273 2341 1367 2374 nensi,
1380 2345 1409 2367 et
1424 2341 1533 2367 decano
1549 2339 1732 2366 Zamorrensi
1745 2339 1859 2365 mandat
1870 2342 2025 2373 quatenus,
2039 2345 2155 2364 causam
2171 2337 2284 2364 abbatis

1272 2389 1440 2416 monasterii
1457 2388 1555 2415 Sancti
1572 2388 1699 2415 Facundi
1712 2391 1811 2414 contra
1827 2388 1947 2414 abbates
1959 2387 1994 2413 de
2006 2386 2095 2421 Spina
2111 2390 2140 2412 et
2156 2386 2190 2412 de
2207 2385 2284 2412 Cella

1271 2438 1354 2465 Nova
1379 2442 1408 2464 et
1433 2437 1603 2472 magistrum
1624 2436 1673 2467 T..
1699 2435 1912 2463 thesaurarium
1949 2435 2145 2467 Palentinum,
2172 2434 2282 2460 exami-

1272 2490 1391 2519 nantes,
1411 2491 1440 2513 et
1460 2490 1631 2512 revocantes
1655 2485 1683 2511 in
1704 2489 1810 2511 statum
1832 2484 1962 2510 debitum
1983 2482 2122 2518 quidquid
2147 2486 2212 2517 post
2231 2492 2283 2516 ap-

1272 2535 1456 2570 pellationem
1473 2535 1606 2569 eJusdem
1623 2534 1734 2560 abbatis
1751 2534 1848 2560 Sancti
1868 2532 1994 2559 Facundi
2011 2532 2044 2558 ad
2062 2531 2166 2557 Sedem
2185 2531 2282 2565 Apos-

1271 2584 1386 2611 tolicam
1415 2584 1580 2611 invenerint
1613 2587 1722 2609 temere
1756 2586 1927 2608 attentatum
1942 2602 1947 2612 ,
1981 2580 2074 2606 eidem
2105 2580 2280 2606 monasterio

1272 2632 1370 2659 Sancti
1395 2632 1520 2658 Facundi
1546 2632 1718 2657 visitationis
1741 2630 1864 2657 ollicium
1888 2629 2064 2663 imit-endam.
2083 2643 2114 2647 —
2132 2628 2216 2660 (lieo.
2241 2627 2281 2660 17,

1269 2682 1290 2710 f.
1306 2682 1390 2709 worn
1402 2691 1407 2713 3
1420 2690 1487 2708 ann.
1503 2680 1582 2712 Vlll,
1599 2688 1624 2707 e.
1641 2680 1697 2712 δῦ.)

1312 2797 1325 2811 ιι
1349 2807 1367 2813 ..
1388 2785 1521 2822 episcopo
1543 2783 1708 2819 Burycnsi,
1736 2782 1882 2818 ¹mouisti-0
1900 2782 1947 2814 .·l.,
1975 2780 2063 2808 electo
2087 2778 2278 2814 Lryioncnsi,

1269 2843 1296 2867 et
1313 2860 1332 2866 ..
1350 2837 1462 2866 decano
1477 2836 1681 2865 Zanmrrensi.
1706 2833 1855 2863 Dilectus
1879 2832 1967 2861 lilius
1987 2854 2005 2860 ..
2024 2831 2126 2861 abbas
2147 2838 2280 2859 monas-

1269 2890 1347 2922 terii
1363 2889 1477 2921 Sancti
1493 2888 1638 2919 Facundi
1656 2887 1690 2917 iu
1708 2891 1818 2916 nostra
1835 2885 2005 2924 proposuit
2020 2883 2190 2923 presentia
2206 2892 2280 2913 cou-

1270 2945 1408 2975 stitutus
1437 2943 1540 2982 quod,
1571 2951 1645 2972 cum
1670 2963 1690 2970 ..
1713 2940 1751 2970 de
1781 2939 1883 2978 Spina
1907 2943 1938 2969 et
1962 2960 1982 2967 ..
2007 2938 2045 2967 de
2071 2935 2162 2967 Cella
2188 2936 2281 2966 Nova

2126 3001 2157 3027 66
