2498 3242
131 287 204 318 1181
982 277 1199 316 HUITIEME
1222 276 1383 314 ΑΝΝΕΕ.
2158 289 2232 319 1132

128 354 148 381 f.
164 353 234 384 235;
252 352 330 384 ibid„
348 352 368 379 s.
384 351 455 384 247;
471 352 508 378 cs.
532 352 611 384 ibid„
628 352 647 378 s.
663 352 730 382 23&
748 367 780 371 —
803 351 950 380 Ponam·
970 350 1050 383 9765,
1069 351 1140 384 salso

127 405 229 435 initi0;
247 417 277 421 —
295 401 464 429 Rom-:nunno
482 400 533 428 605
543 402 573 435 h)

171 523 184 538 «
215 511 370 540 Universis
396 511 521 539 Domini
542 510 644 539 Nostri
669 510 760 539 Jhcsu
788 509 904 540 Christi
924 510 1063 548 fidelibus
1087 519 1141 548 per

128 572 259 602 ‘reynum
276 563 407 592 Francie
419 563 604 596 constitutis,
620 563 660 591 acl
671 572 743 600 quos
758 564 856 592 littere
871 564 1139 601 {scepei-venerint.

129 615 257 648 Rachel
282 624 379 645 suum
407 615 524 645 videns
546 615 580 644 in
601 624 677 645 vere
703 615 779 645 fidei
805 616 994 653 cognitione
1015 616 1142 654 princi-

129 669 239 709 pium,
261 667 524 698 accrescentium
541 667 575 697 in
593 667 734 698 salutem
751 673 782 698 et
801 668 945 698 filiorum
961 667 1118 707 de[xtere]
1130 671 1142 688 ²

131 723 187 762 pia
202 725 319 756 mater,
340 720 460 751 Sancta
480 721 631 750 Romana
653 720 818 755 Ecclesia,
839 721 934 760 cujus
950 730 1070 759 magna
1093 725 1142 751 est

131 774 228 815 quasi
244 782 334 803 mare
351 773 390 803 de
407 782 466 802 sue
480 772 582 810 prolis
597 773 836 803 internitione³
849 774 1016 809 contritio,
1029 783 1142 804 vocem

129 826 397 861 lamentationis,
435 825 531 855 fletus
561 830 593 855 et
623 825 733 855 luctus
760 826 872 856 emisit
901 827 1075 864 [hactenus
1112 831 1144 858 et

132 879 267 917 emittit]
279 879 301 913 ⁴,
322 887 422 918 quam
439 878 547 908 audiri
564 878 761 916 cupimusin
779 879 918 915 excelso,
937 884 971 909 ut
987 889 1044 918 per
1056 879 1143 910 diem

132 937 164 964 et
184 936 312 962 noctem
332 931 482 961 fidelium
499 931 587 961 oculi
606 931 729 962 doloris
750 932 923 962 lacrimam
943 933 1143 964 deducentes

130 994 198 1016 non
215 989 356 1020 taceant,
377 989 406 1015 et
421 984 525 1015 donec
543 985 743 1015 misereatur
760 986 934 1021 Dominus,
954 995 1018 1016 non
1035 986 1144 1025 quies-

130 1042 218 1069 cant.
247 1039 464 1068 Lamentatur
491 1041 614 1073 autem,
640 1038 719 1076 quia
741 1038 857 1068 domus
880 1038 1013 1069 celestis
1033 1039 1142 1077 panis,

129 1100 226 1122 mons
245 1091 348 1130 Syon,
366 1091 453 1121 unde
470 1090 521 1120 lex
537 1091 628 1126 exiit,
647 1091 765 1122 civitas
782 1091 870 1129 regis
889 1092 1013 1129 magni,
1028 1092 1067 1121 de
1079 1101 1144 1131 qua

131 1145 219 1175 dicta
239 1148 316 1174 sunt
336 1143 438 1174 multa
462 1143 625 1182 gloriosa,
650 1147 738 1173 terra
761 1153 859 1183 quam
878 1145 939 1174 Dei
959 1144 1048 1175 tilius
1069 1146 1143 1175 suso

128 1207 188 1237 pro
201 1197 298 1228 nobis
315 1206 374 1227 suo
391 1197 555 1235 sanguiue
573 1197 791 1232 consecravit,
810 1197 903 1235 regni
920 1198 1021 1227 robur
1033 1197 1143 1236 etpul-

131 1250 356 1281 chritudinem
379 1249 535 1288 perdidit.
560 1249 648 1285 Flet,
672 1250 751 1288 quia
772 1250 939 1288 quondam
960 1250 1065 1280 libera
1082 1251 1143 1281 sub

129 1303 232 1342 impie
250 1302 463 1341 tirampnidis
476 1302 557 1341 jugo
571 1302 685 1332 servit.
704 1302 824 1340 Luget,
843 1303 938 1341 quia,
956 1303 1013 1332 ubi
1029 1313 1144 1342 pacem

131 1355 311 1386 multitudo
327 1355 461 1385 celestis
478 1354 620 1384 militie-'²
641 1354 774 1388 cecinit,
792 1354 840 1384 ibi
858 1364 1015 1393 pressura
1036 1356 1144 1393 gentis

129 1407 400 1439 immundissime
421 1406 588 1442 scandala,
607 1399 795 1437 simult'ates
812 1411 843 1437 et
861 1408 1019 1438 scismata
1037 1409 1145 1438 susei-

130 1461 224 1496 tavit‚
243 1469 279 1490 ac
297 1460 462 1490 innovans
479 1459 636 1489 exordiafi
650 1459 833 1497 preliorum
850 1460 942 1490 misit
961 1460 1000 1489 ad
1014 1461 1145 1491 deside-

130 1514 252 1546 rabilia
270 1522 407 1543 manum
421 1522 525 1549 suam,
546 1512 723 1543 sacerdotii
742 1517 773 1542 et
785 1521 954 1543 sacrorum
971 1514 1146 1543 ordinum⁷

131 1569 204 1608 pias
220 1567 310 1605 leges
332 1570 362 1596 et
380 1566 488 1605 ipsius
507 1569 625 1595 nature
642 1565 720 1605 jura
736 1565 890 1604 relegans
908 1575 926 1595 a
942 1566 1063 1605 templo
1079 1554 1146 1597 Do*-

131 1621 232 1656 mini.
250 1620 392 1650 diversis
411 1619 535 1649 ibidem
547 1621 558 1639 ⁸
575 1619 746 1657 spurcitiis
767 1623 798 1649 et
814 1619 1145 1651 abhominationibus

132 1673 345 1705 introductis.
366 1673 405 1702 Et
422 1672 496 1702 idco
511 1672 710 1708 Jerusalem,
730 1672 763 1701 in
782 1672 852 1702 suis
871 1673 981 1703 derisa
998 1673 1146 1704 sabbatis

133 1726 305 1758 obsorduit
328 1726 425 1765 quasi
446 1725 571 1764 polluta
595 1725 777 1756 menstruis
798 1725 887 1756 inter
908 1726 1033 1756 hostes.
1059 1727 1146 1757 Nam

131 1780 210 1810 licet
226 1779 350 1809 dudum
370 1778 550 1808 karissimo
573 1778 606 1807 in
627 1778 760 1809 Christo
781 1778 849 1808 filio
869 1783 981 1809 nostro
997 1780 1050 1809 Fr.
1069 1783 1144 1815 etc.,

132 1833 251 1864 civitas
268 1832 383 1862 eadem
400 1835 511 1870 preter
528 1831 686 1870 templum
704 1831 839 1861 Domini
857 1832 957 1862 suerit
978 1832 1143 1867 restituta,

132 1891 259 1919 tamen,
296 1885 373 1924 quia
406 1885 496 1914 Deus
526 1884 735 1923 omnipotens
770 1889 848 1914 tune
875 1885 1145 1923 magnific-entius

132 1947 229 1977 agere
246 1947 319 1968 cum
341 1937 535 1968 Christiano
556 1937 698 1975 populo⁹
714 1946 780 1967 non
804 1937 940 1976 adJecit,
966 1938 1146 1976 imperator

130 1991 300 2030 predictus
315 1995 448 2027 treugas
464 1990 539 2019 iniit
559 1998 633 2019 etun
652 1988 804 2025 soldano,
823 1999 964 2028 quarum
981 1991 1144 2021 terminus

131 2043 212 2074 adeo
233 2048 282 2073 est
305 2043 446 2078 virinus,
474 2042 560 2081 quod
591 2047 719 2080 tempus
748 2042 895 2073 medium
918 2043 1145 2081 preparationi

130 2097 184 2128 vix
205 2097 356 2127 sufficere
380 2096 536 2131 creditur,
567 2096 632 2125 nisi
659 2095 698 2125 ad
723 2106 853 2135 queque
877 2097 1067 2127 necessaria
1088 2107 1146 2136 per

128 2149 425 2190 promptitudinem
443 2149 581 2188 spiritns
595 2150 618 2170 ¹⁰
632 2153 661 2179 et
679 2150 843 2180 servorem
860 2150 937 2180 fidei
953 2150 1143 2181 festinetur.

129 2203 182 2233 Ad
202 2203 273 2242 ejus
295 2212 372 2240 ergo
395 2211 590 2232 succursum
613 2201 741 2231 nullum
763 2202 871 2233 tedeat
890 2203 1098 2241 peregrinari
1115 2207 1146 2233 et

139 2335 142 2338 ’
163 2336 185 2361 1.
204 2335 245 2360 En
262 2335 350 2366 partie
366 2334 474 2365 d'apres
491 2334 583 2365 Roger
597 2334 631 2358 de
643 2334 813 2358 Wendower
825 2337 852 2358 et
863 2334 997 2358 Matthieu
1009 2335 1043 2358 dc
1058 2335 1144 2364 Paris,

130 2382 158 2404 et
171 2386 206 2403 en
221 2380 309 2410 partie
331 2379 438 2410 d'apres
460 2378 611 2409 Raynaldss
634 2379 674 2402 les
697 2378 862 2402 ditiereuces
883 2386 949 2403 avec
967 2379 992 2403 le
1013 2382 1088 2403 texte
1109 2379 1145 2402 du

130 2425 255 2454 Reyistre
273 2426 337 2448 sont
355 2423 502 2454 indiquees
523 2422 657 2453 ci-aprcs.

162 2467 186 2492 2.
209 2467 247 2492 La
263 2468 352 2499 partie
371 2467 407 2491 du
429 2470 485 2491 mot
504 2469 617 2491 dextere
638 2466 781 2498 imprimee
799 2471 876 2490 entre
895 2467 1020 2492 crochets
1038 2468 1046 2499 [
1079 2467 1088 2499 ]
1107 2470 1148 2492 est.

132 2512 238 2544 grattee
252 2512 320 2536 dans
333 2513 358 2536 le
375 2513 511 2541 Reytstre.

164 2558 186 2582 3.
202 2557 378 2581 Ronnxusno
398 2563 403 2580 :
421 2556 622 2580 internecione.

165 2602 188 2626 ⁴.
205 2601 258 2626 Les
280 2604 351 2625 mois
371 2602 510 2625 hactenus
530 2603 554 2624 et
576 2602 690 2629 emittit,
708 2600 848 2631 imprimes
869 2600 937 2625 daus
956 2600 1146 2631 Ronsunssno,

133 2649 285 2676 manquent
300 2645 369 2669 dans
381 2645 406 2669 le
422 2646 556 2675 κερέειν-ε.

165 2691 187 2715 5.
205 2690 380 2714 ltonsnnsno
398 2696 404 2713 ς
419 2689 517 2713 militie
534 2689 654 2712 celestis.

165 2734 188 2760 ὓ.
202 2736 249 2759 Sic
266 2734 458 2762 Romanunm
476 2736 600 2764 Reqtstre
617 2743 623 2757 :
640 2733 756 2757 excidia.

164 2779 188 2803 7.
205 2780 252 2803 Sic
267 2779 459 2805 Ronanusno:
478 2780 603 2808 Reyistre
618 2787 624 2802 .·
641 2777 776 2801 ordinem.

166 2824 190 2848 8.
208 2823 383 2847 Rom-:numm
402 2830 407 2846 :
424 2823 471 2846 ihi.

166 2868 188 2893 9.
204 2867 378 2892 Rom-:meno
397 2877 402 2890 :
419 2867 522 2898 populo
537 2866 705 2891 Christiano.

168 2912 204 2937 ¹0.
227 2911 402 2936 Rom-:nusae
427 2918 432 2935 :
457 2918 550 2942 spem,
575 2911 622 2941 qui
646 2914 688 2934 est
709 2910 908 2934 certainement
930 2917 984 2934 une
1007 2911 1148 2934 mauvaise

133 2955 223 2988 leeon.

1222 359 1280 389 pro
1296 350 1403 388 patria
1419 355 1563 386 certare,
1585 360 1659 380 cum
1676 360 1732 390 spe
1752 352 1888 382 victorie
1913 362 1970 391 pro
1993 363 2130 390 corona,
2150 355 2232 385 mori

1223 411 1281 441 pro
1300 403 1384 439 vita,
1408 412 1466 441 pro
1486 403 1544 433 illo
1563 404 1730 434 sustinere
1754 405 1794 434 ad
1818 409 1945 444 tempus
1963 406 2042 435 (lura
2063 411 2089 435 et
2111 408 2229 443 tristia,

1224 455 1298 493 qui,
1327 455 1522 486 confusione
1550 460 1753 495 contempta.
1781 461 1876 495 sputo
1899 467 2112 496 conspersus,
2137 469 2233 490 cesus

1224 507 1407 546 colapllis¹,
1432 508 1571 546 flagellis
1588 509 1744 544 asslictus,
1767 515 1942 540 coronatus
1961 511 2100 549 spinis?
2124 522 2233 542 coram

1225 560 1332 591 Pilato
1351 561 1425 591 sisti
1445 565 1602 600 tanquam
1619 562 1799 591 multorum
1817 572 1892 592 rens
1909 564 2086 593 criminum
2100 567 2110 584 ³
2127 570 2234 603 pertu-

1223 613 1273 649 lit,
1291 614 1468 644 crucifixus
1486 615 1526 644 ad
1543 614 1697 644 ultimum
1714 619 1745 645 et
1761 620 1892 654 potatus
1910 616 1984 646 selle¹
1998 618 2018 651 ⁴,
2034 617 2147 647 lancea
2165 628 2233 656 per-

1224 666 1363 701 foratus,
1377 667 1532 697 emittens
1544 676 1619 697 eum
1635 667 1778 698 clamore
1791 668 1898 698 valido
1911 670 2075 707 spiritum,
2091 680 2147 708 pro
2161 680 2234 701 con-

1224 719 1362 749 ditionis
1385 719 1530 750 humane
1550 720 1678 749 viribus
1702 721 1895 758 reparandis
1916 732 2048 750 cursum
2072 724 2235 760 presentis

1224 773 1291 803 vite
1308 777 1476 803 saturatus
1496 773 1632 812 injuriis
1656 775 1874 804 consumavit.
1898 775 1960 805 llic
1983 780 2029 805 est
2052 781 2178 812 autem,
2201 781 2237 806 ut

1226 825 1326 856 altius
1349 831 1537 864 repetamus
1549 829 1571 861 ⁵,
1599 827 1657 866 qui
1679 827 1718 857 de
1740 831 1878 866 paterne
1903 828 1986 858 solio
2010 829 2131 867 glorie,
2155 829 2236 860 celis

1225 879 1426 910 mirabiliter
1448 880 1635 916 inclinatis,
1661 880 1701 910 ad
1722 885 1834 911 nostre
1850 881 2063 912 mortalitatis
2080 883 2146 912 ima
2162 883 2237 913 des-

1226 932 1382 968 cendens,
1400 941 1465 963 non
1483 933 1680 971 dedignatus
1700 937 1749 963 est
1765 934 1854 964 Deus
1870 933 1982 969 homo,
2002 940 2129 965 creator
2145 945 2237 966 crea—

1226 989 1300 1015 tura
1316 986 1400 1020 fieri,
1419 986 1588 1024 suscipere
1605 986 1760 1016 dominus
1776 987 1915 1016 formam
1933 988 2031 1017 servi.
2051 992 2085 1017 ut
2102 989 2235 1027 quinon

1225 1042 1416 1077 poteramus
1434 1048 1492 1076 per
1508 1043 1656 1068 nostram
1671 1039 1838 1077 justitiam
1855 1048 1987 1078 sperare
2005 1041 2147 1077 veniam,
2163 1050 2236 1071 con-

1227 1091 1333 1121 secuti
1351 1100 1409 1130 per
1424 1090 1485 1121 hec
1506 1092 1647 1129 gratiam
1666 1091 1867 1128 inauditam,
1888 1092 2027 1123 heredes
2044 1094 2120 1127 Dei,
2138 1094 2237 1125 colie-

1226 1144 1321 1174 redes
1338 1146 1438 1173 vet-0⁶
1457 1143 1599 1179 Christi,
1619 1144 1806 1175 divinitatis
1823 1146 2042 1176 consortium.
2067 1146 2238 1177 felicitatis

1227 1200 1339 1227 eterne
1367 1197 1580 1235 participium
1609 1197 1817 1227 sortiremur.
1846 1198 1885 1228 Et
1908 1198 1985 1229 licet
2012 1209 2070 1237 per
2097 1200 2237 1237 gratiam

1227 1250 1371 1288 adoptati
1386 1250 1506 1279 cotidie
1523 1260 1641 1281 causas
1658 1250 1911 1288 ingratitudinis
1928 1252 2147 1288 cumulemus
2167 1253 2237 1291 ipse

1226 1306 1337 1332 tamen
1354 1302 1525 1332 habundat
1541 1303 1576 1332 in
1598 1303 1726 1333 divitiis
1743 1303 1917 1340 bonitatis,
1942 1305 2020 1334 dum
2040 1310 2172 1344 propter
2189 1306 2239 1335 di—

1225 1355 1419 1384 versitatem
1432 1354 1651 1391 voluntatum,
1670 1356 1803 1391 virium,
1819 1356 2026 1393 facultatum,
2045 1358 2239 1397 ‹Vl-:linquen-

1227 1407 1316 1437 tibus
1329 1407 1460 1437 diversa
1472 1417 1529 1446 pro
1545 1412 1689 1446 tempore
1707 1409 1936 1439 satisfaciendi
1949 1420 2070 1448 genera
2086 1412 2237 1446 contulit,

1226 1460 1319 1489 varia
1346 1460 1500 1490 medendi
1520 1460 1758 1498 languentibus
1781 1463 1927 1492 remedia
1951 1464 2135 1493 suscitavit.
2159 1464 2237 1494 dum

1227 1517 1349 1543 terram
1366 1513 1401 1542 in
1416 1522 1480 1551 qua
1497 1513 1601 1548 nasci,
1623 1514 1707 1543 mori
1730 1518 1760 1544 et
1781 1524 1955 1553 resurgere
1972 1515 2091 1551 voluit,
2112 1516 2239 1547 tamdiu

1227 1566 1268 1596 ad
1284 1566 1555 1596 exercitationem
1572 1566 1719 1596 fidelium
1740 1567 1780 1596 ab
1796 1567 1988 1598 infidelibus
2008 1569 2150 1599 detineri
2163 1578 2237 1607 per-

1227 1618 1341 1654 mittit,
1355 1627 1430 1648 cum
1447 1628 1512 1648 non
1525 1619 1567 1648 sit
1585 1619 1754 1649 abreviata
1770 1629 1889 1650 manus
1906 1621 2039 1651 Domini
2058 1632 2116 1652 nee
2132 1623 2238 1652 virtus

1229 1672 1300 1712 ejus
1316 1672 1351 1701 in
1370 1671 1482 1710 aliquo
1500 1672 1680 1708 diminuta,
1703 1673 1784 1711 quin
1806 1682 1893 1708 eam,
1917 1674 2000 1703 sicut
2024 1674 2102 1704 fecit
2122 1679 2239 1705 cuncta

1228 1725 1267 1755 de
1284 1724 1422 1760 nichilo,
1440 1724 1584 1755 liberare
1602 1725 1706 1755 valeat
1727 1725 1761 1754 in
1781 1730 1958 1756 momento.
1980 1727 2034 1757 Set
2058 1726 2132 1757 illas
2151 1736 2240 1757 com-

1228 1778 1396 1816 passionis
1413 1782 1443 1807 et
1460 1777 1650 1808 dilectionis
1667 1788 1785 1809 causas
1799 1779 1940 1818 exquirit
1954 1780 1994 1809 ab
2011 1780 2241 1820 li‹:›1nine,qui—

1228 1830 1302 1866 bus,
1321 1831 1361 1860 ad
1377 1831 1485 1860 omnis
1502 1831 1800 1861 consummationis
1817 1832 1917 1861 tinem
1933 1832 2083 1871 legisque
2099 1833 2240 1872 plenitu-

1228 1883 1341 1913 dinem
1369 1883 1623 1919 ostendendam,
1661 1885 1732 1923 ipse
1768 1885 1858 1923 prior
1892 1885 2021 1915 homini
2053 1887 2180 1924 perdito
2210 1892 2241 1917 et

1229 1936 1405 1975 dampnato
1441 1936 1546 1966 voluit
1578 1937 1756 1967 miseratus
1791 1938 1926 1974 adesse,
1961 1939 2018 1977 qui
2049 1939 2239 1970 nullatenus

1227 1989 1437 2027 permisisset
1454 1998 1573 2019 manus
1592 1990 1712 2028 impias
1735 1995 1847 2020 contra
1872 1991 1943 2029 pios
1967 2001 2071 2030 usquc
2089 1992 2169 2022 adeo
2188 2002 2240 2022 ro—

1227 2041 1360 2077 borari,
1392 2042 1458 2072 nisi
1487 2048 1517 2072 et
1543 2052 1637 2072 suam
1664 2043 1826 2073 vindicari
1849 2043 1887 2073 de
1913 2049 2023 2073 nostra
2045 2045 2241 2074 confusione

1229 2095 1426 2133 providisset
1447 2095 1604 2134 injuriam
1623 2100 1650 2126 et
1668 2096 1794 2125 servari
1808 2101 1952 2126 nostram
1971 2097 2009 2126 de
2027 2107 2085 2126 sua
2103 2097 2240 2127 victoria

1229 2147 1453 2186 disciplinam.
1477 2148 1545 2178 Sub
1562 2148 1621 2177 liae
1641 2149 1813 2179 occasione
1830 2149 1961 2179 delicati
1978 2149 2124 2188 plurimi,
2143 2150 2241 2180 satis-

1228 2200 1337 2244 facere
1352 2209 1410 2239 pro
1426 2201 1521 2230 modo
1537 2201 1715 2231 criminum
1732 2201 1828 2231 aliter
1844 2211 1907 2232 non
1924 2202 2081 2233 valentes.
2101 2203 2189 2233 velut
2205 2202 2240 2232 in

1228 2253 1393 2291 profundo
1409 2253 1570 2283 malorum
1588 2254 1721 2292 penitus
1738 2254 1981 2293 desperassent,
2001 2255 2065 2284 nisi
2082 2256 2241 2285 occurris-

1229 2309 1278 2335 set
1290 2305 1338 2336 eis
1351 2305 1411 2336 hec
1424 2306 1547 2341 tabula,
1562 2306 1628 2335 nisi
1642 2316 1700 2345 per
1712 2306 1773 2337 hoc.
1785 2308 2028 2346 compendium,
2041 2309 2110 2338 suis
2124 2308 2242 2347 positis

1228 2367 1286 2396 pro
1309 2358 1443 2389 Christo
1467 2359 1658 2394 animabus,
1677 2361 1880 2396 consumati,
1902 2361 2047 2391 breviter
2064 2361 2243 2391 multorum

1230 2414 1414 2449 temporum
1435 2412 1540 2450 spatia
1559 2412 1828 2451 complevissent.
1847 2414 1943 2443 Multi
1961 2415 2071 2446 ctiam.
2090 2415 2241 2445 invenire

1230 2463 1338 2493 locum
1356 2464 1413 2494 ubi
1432 2469 1595 2495 steterunt
1616 2465 1715 2503 pedes
1736 2466 1869 2496 Domini
1889 2467 2075 2505 cupientes,
2094 2467 2186 2505 prius
2203 2467 2244 2497 ad

1231 2516 1384 2547 hraviuu‘i
1401 2517 1473 2547 sine
1495 2527 1611 2553 cursu,
1635 2518 1685 2548 vel
1706 2522 1777 2556 post
1797 2519 1836 2549 ad
1859 2529 2014 2549 coronam
2031 2520 2102 2549 sine
2120 2520 2239 2558 gladio,

1231 2574 1465 2608 pervenerunt,
1477 2570 1533 2600 illo
1546 2580 1643 2601 suum
1656 2576 1891 2602 reumnerante
1903 2572 2055 2607 militem,
2069 2572 2126 2611 qui
2138 2572 2242 2603 solam

1263 2688 1284 2714 1.
1300 2688 1475 2713 Ronssunnno
1494 2697 1498 2713 z

1262 2732 1286 2756 2.
1302 2733 1475 2758 Ronssxneno
1492 2741 1497 2757 z

1263 2776 1285 2800 3.
1303 2776 1476 2801 Roussanmxc

1262 2820 1285 2846 4.
1301 2820 1475 2845 Romanusne

1263 2865 1286 2888 5.
1302 2866 1349 2889 Sic
1367 2865 1558 2893 Ronmanuo:
1577 2867 1700 2895 Iteyistre
1717 2875 1723 2889 .·
1745 2869 1902 2896 repetamus
1917 2867 2014 2895 attius,
2031 2867 2093 2896 qui,
2112 2873 2147 2890 au
2166 2867 2244 2897 point

1232 2907 1266 2932 de
1282 2915 1335 2932 vuo
1355 2908 1392 2932 du
1411 2909 1528 2940 rythmo,
1547 2913 1588 2933 est
1604 2909 1779 2934 desectueux.

1263 2952 1286 2977 6.
1305 2952 1480 2979 Ronnnnssno
1497 2960 1502 2977 :
1521 2956 1622 2977 autem.

1517 2690 1640 2720 colaphis
1655 2697 1745 2714 cesus.

1515 2734 1602 2764 spinis
1618 2738 1777 2757 coronatus.

1496 2785 1500 2800 :
1516 2777 1662 2800 criminum
1679 2785 1752 2801 rcus.

1496 2828 1501 2845 t
1519 2821 1551 2844 ad
1570 2822 1696 2844 ultimum
1710 2822 1859 2845 crucifixus
1875 2825 1901 2845 et
1919 2823 1979 2845 selle
1997 2826 2115 2853 potatus.
