2498 3242
172 307 231 338 305

169 400 249 431 pum
274 399 420 429 suosque
445 390 636 430 conjudices
661 392 774 421 contra
797 399 869 421 eam
898 392 1028 422 nostras
1051 392 1178 422 litteras

168 443 375 483 impetravit;
393 452 412 473 a
429 442 552 482 quibus
572 443 672 473 vidua
688 443 854 482 sepedicta
869 444 1016 474 sentiens
1032 444 1178 475 indebite

169 504 204 527 se
223 496 365 534 gravari,
380 504 439 534 pro
457 503 495 525 eo
511 495 599 534 quod
615 495 871 534 appellationem
892 496 970 526 dicti
985 497 1117 527 comitis
1136 497 1179 527 le-

168 549 319 587 gitimam
334 556 507 587 perperam
523 548 753 583 decreverunt,
771 556 883 579 vocem
900 549 940 579 ad
959 558 1017 579 nos
1035 550 1179 589 appella-

168 601 269 631 tionis
280 601 401 631 emisit.
412 601 522 636 Quare
536 600 632 631 nobis
644 601 815 631 humiliter
829 601 1029 640 supplicavit
1045 603 1089 636 ut,
1103 611 1178 632 cum

167 661 267 685 causa
284 653 365 692 ipsa,
389 653 507 692 viginti
525 653 672 692 quinque
687 654 786 684 annis
805 655 836 684 et
851 654 995 693 amplius
1004 654 1073 692 jam
1089 654 1178 693 elap-

167 706 226 742 sis,
245 707 376 746 propter
390 706 530 737 alterius
550 707 653 745 partis
669 707 830 737 malitiam
858 707 1045 746 nequiverit
1068 708 1178 738 termi-

168 759 251 795 nari,
271 758 446 799 providere
469 759 535 789 sibi
557 768 656 798 super
672 760 733 790 1108
748 760 1007 790 misericorditer
1029 759 1178 798 dignare·

168 821 253 843 mur.
280 812 440 843 Nolentes
466 812 567 851 igitur
588 813 623 842 ut
649 812 727 842 linis
751 812 898 850 ejusdem
923 821 1022 843 cause
1044 814 1177 852 propter

166 865 306 903 alicujus
322 865 424 904 partis
441 865 602 895 malitiam
618 865 758 895 ulterius
774 865 967 901 retardetur,
984 865 1176 896 discretioni

167 919 275 948 vestre
290 926 349 957 per
364 917 546 957 apostolica
561 917 683 956 scripta
701 917 899 948 mandamus
916 919 1091 956 quatenus,
1110 926 1175 948 non

165 970 376 1000 obstantibus
397 970 566 1009 aliquibus
588 970 719 1001 frivolis
734 970 985 1009 exceptionibus
1010 970 1050 1000 ad
1069 970 1176 1008 ipsius

166 1023 287 1061 negotii
305 1023 558 1053 retardationem
574 1022 721 1060 objectis,
739 1023 914 1053 universas
934 1022 1060 1052 litteras
1075 1030 1176 1061 super
1203 1034 1204 1037 ¹

164 1075 278 1106 eodem
295 1075 425 1114 negotio
441 1084 459 1105 a
481 1075 564 1106 Sede
583 1075 772 1114 Apostolica
788 1075 864 1105 111118
883 1077 913 1105 81
930 1075 1005 1105 111118
1026 1075 1176 1105 obtentas
1204 1101 1206 1114 ‚

164 1128 293 1158 facialis
307 1127 402 1158 vobis
417 1136 436 1158 a
451 1128 601 1167 partibus
618 1128 814 1167 presentari,
833 1136 870 1157 ac
888 1129 1040 1158 revocato
1060 1128 1093 1158 111
1109 1129 1173 1158 5111-
1204 1147 1205 1150 =

164 1182 233 1211 tum
252 1180 398 1211 debitum
415 1180 575 1219 quicquid
592 1181 667 1218 post
691 1181 752 1210 iter
769 1182 937 1218 arreptum
950 1181 1175 1219 procuratoris

164 1233 261 1263 vidue
283 1233 428 1272 seperate
451 1233 492 1262 ad
516 1233 636 1263 Sedem
658 1233 884 1271 Apostolicam
903 1233 1059 1263 veniendi
1084 1233 1174 1263 inve-

162 1285 278 1316 neritis
295 1285 328 1315 111
340 1285 411 1324 ejus
429 1285 650 1324 prejudicium
666 1286 789 1315 temere
805 1286 1046 1324 attemptatum,
1061 1286 1174 1315 111111111-
1204 1314 1205 1327 ,

162 1338 206 1368 tis
221 1346 355 1368 causam
374 1339 405 1367 et
427 1346 499 1368 eam
517 1337 723 1367 sufficienter
745 1337 939 1368 instructam
959 1337 999 1367 ad
1022 1339 1174 1368 nostrum
1204 1334 1205 1355 ³

164 1391 337 1421 remittatis
354 1399 505 1425 examen,
522 1390 713 1429 prefigendo
724 1390 875 1429 partibus
892 1390 1070 1420 terminum
1087 1399 1174 1420 80111-
1204 1396 1205 1414 1

164 1445 328 1483 petentem
341 1452 406 1482 quo
421 1451 481 1482 per
499 1452 532 1473 se
548 1443 841 1482 velprocuratores
858 1443 995 1473 idoneos
1010 1445 1122 1474 nostro
1139 1453 1174 1474 se
1204 1430 1205 1461 i

164 1497 354 1536 conspectui
375 1496 749 1535 representent,justam
769 1500 788 1530 ¹,
808 1496 905 1526 dante
921 1497 1077 1532 Domino,
1099 1506 1173 1527 sen-

160 1550 296 1580 tentiam
314 1551 492 1588 recepture.
504 1549 638 1584 Quodsi
652 1558 716 1579 non
734 1558 850 1579 omnes
864 1550 938 1586 etc.,
950 1549 1015 1579 duo
1027 1550 1171 1580 vestrum

161 1604 221 1633 818.
241 1603 317 1633 Dat.
332 1602 499 1636 Laterani,
516 1602 546 1632 II
562 1610 667 1632 nonas
679 1601 778 1640 junii,
798 1610 884 1632 anno
902 1604 1031 1640 quarto.
1051 1615 1064 1628 »
1202 1612 1204 1631 i

228 1765 300 1796 470
758 1764 875 1796 Latran,
896 1765 926 1790 16
940 1763 1003 1799 juin
1021 1764 1099 1790 1230.

196 1846 333 1874 Perusino
344 1849 371 1873 et
389 1846 540 1880 Spoletano
556 1846 697 1881 episcopts
707 1846 847 1881 significat
858 1855 943 1879 se,eo
953 1846 1025 1881 quod
1033 1848 1169 1881 potestas,

159 1895 312 1922 consilium
331 1897 359 1922 et
385 1895 504 1930 populus
525 1895 698 1922 Assisinates
718 1903 820 1929 corpus
842 1895 915 1922 beati
929 1895 1081 1923 francisci
1098 1902 1170 1921 ausu
1200 1922 1201 1925 Ἴ

160 1943 300 1977 sacrilego
319 1944 463 1977 rapientes
478 1943 676 1970 translationis
695 1943 868 1978 mysterium
888 1943 1106 1978 proplianarint,
1124 1951 1169 1969 cc-

160 1991 278 2018 clesiam
291 1991 318 2018 in
330 1991 459 2027 ejusdem
471 1991 563 2018 sancti
575 1992 713 2018 honorem
725 1992 826 2019 Assisii
837 1994 1034 2019 constructam
1046 1991 1171 2025 episcopi

161 2042 187 2066 81
211 2040 328 2074 capituli
345 2040 512 2066 Assisinatis
531 2039 670 2075 subjicere
686 2039 798 2072 ditioni,
811 2048 843 2066 ac
860 2040 1010 2074 prohibere
1029 2047 1064 2066 ne
1082 2040 1120 2066 ibi
1137 2039 1172 2065 de

161 2091 256 2116 cetero
276 2088 418 2115 ullatenus
436 2089 567 2123 generale
591 2088 750 2122 capitulum
764 2088 933 2121 celebretur,
947 2090 975 2115 et
993 2089 1086 2114 locum
1104 2096 1170 2122 sup-

161 2145 265 2172 ponere
280 2137 457 2164 ecclesiatico
475 2137 638 2170 interdicto,
659 2137 747 2163 donec
763 2137 941 2171 Apostolicae
959 2137 1021 2163 Sedi
1042 2136 1074 2162 de
1093 2138 1172 2162 tanta

163 2185 271 2221 injuria
286 2186 424 2217 satisfiat,
445 2186 563 2212 mandat
579 2186 620 2213 eis
641 2188 793 2220 quatenus,
811 2185 834 2212 si
861 2187 998 2220 potestas,
1014 2185 1169 2212 consilium

163 2237 191 2261 et
205 2234 326 2269 populus
343 2235 480 2268 praedicti
494 2234 569 2261 infru
584 2234 746 2268 quindecim
764 2234 824 2260 dics
836 2234 1064 2260 satisfactionem
1078 2233 1171 2268 plena-

162 2267 238 2309 riam
254 2282 387 2309 exhibere
399 2283 589 2318 neglexerint,
608 2283 635 2309 in
652 2285 825 2317 potestatem
843 2285 869 2309 ct
887 2283 1040 2309 consilium
1056 2289 1170 2308 excom-

163 2331 367 2358 municationis
383 2334 411 2358 et
434 2331 462 2358 in
484 2333 593 2358 terram
623 2331 770 2358 interdicti
786 2331 945 2358 sententias
973 2331 1169 2365 promulgent.

162 2395 197 2400 —
213 2380 292 2415 (nec.
313 2381 354 2412 ¹25,
372 2380 391 2406 s.
412 2382 440 2406 19
459 2387 508 2413 v0;
524 2388 592 2407 anu.
616 2380 662 2412 tv,
679 2388 703 2407 8.
720 2380 768 2413 39;
794 2395 825 2399 ›-
840 2380 955 2406 Monen-
976 2381 1051 2411 1180,
1069 2378 1088 2405 s.
1108 2380 1171 2412 169;

163 2443 195 2447 -
212 2428 354 2455 Porriiasr
366 2430 458 2463 8572.)

205 2528 220 2544 «
235 2541 254 2548 ..
269 2517 413 2547 Perusino
427 2523 454 2548 et
472 2542 491 2549 ..
506 2517 674 2558 Spolaemno
686 2517 847 2558 episcopis.
865 2517 1081 2556 Spei-avimus
1097 2517 1172 2547 hac-

165 2570 262 2600 tenus
278 2572 314 2600 ut
329 2587 378 2600 —.
396 2571 470 2601 Dat.
488 2571 653 2607 Laterani,
670 2571 752 2603 XVI
767 2570 926 2601 kalendas
939 2570 1028 2609 julii,
1046 2570 1174 2609 pontiti-

163 2623 258 2653 catus
275 2623 379 2654 nostri
393 2632 478 2654 anno
491 2625 618 2662 quarto.
639 2636 652 2651 ι)

234 2779 303 2810 471

779 2778 896 2811 Lati-an,
914 2780 944 2805 13
965 2778 1025 2806 111111
1043 2780 1119 2805 1230.

202 2861 338 2896 Magistro
367 2861 459 2893 Petro,
479 2860 627 2895 capellano
653 2869 715 2896 suo,
739 2861 896 2896 apostolico
926 2862 1030 2897 legato,
1056 2863 1175 2889 mandat

168 2912 320 2943 quatenus,
330 2909 490 2937 Arelatensi
503 2909 717 2945 archiepiscopo
735 2909 897 2944 postulante
915 2912 944 2938 ut
959 2912 1087 2938 castrum
1105 2911 1177 2937 Mor·

992 301 1255 342 QUATRIEME
1279 302 1443 340 ANNEE.

208 2989 230 3012 1.
245 2988 293 3012 Ms.
303 2987 395 3030 juxta.

261 3031 451 3058 GREGOIRE
466 3032 515 3059 lx.
529 3034 547 3057 1.
564 3032 587 3057 1.

2189 318 2248 349 306

1239 393 1325 425 1111811,
1342 393 1416 428 quod
1441 393 1557 420 nomine
1574 394 1716 422 Ecclesiae
1736 396 1880 424 Romanae
1899 399 2062 432 tenebatur,
2078 408 2246 429 concessum

1237 441 1307 468 olim
1326 449 1342 468 a
1359 441 1533 477 BllicliaeleL
1552 442 1640 476 ipsius
1663 444 1868 480 archiepiscopi
1890 447 2117 480 praedecessore,
2142 449 2169 476 in
2187 450 2245 476 seu-

1236 489 1357 522 dumlt„
1372 490 1471 516 comiti
1482 490 1630 524 1010511110,
1643 492 1677 517 ad
1691 493 1888 520 ⁴&relatensem
1900 495 2051 522 ecclesiam
2065 497 2244 532 restituatur,

1236 546 1322 572 super
1346 539 1445 564 eadem
1473 538 1654 566 restitutione
1673 540 1759 567 saciat
1785 542 1857 575 quod
1881 543 1983 569 viderit
2009 544 2180 572 faciendum.
2213 561 2245 566 -—·

1236 584 1314 618 (Rea.
1336 586 1375 617 15,
1395 584 1414 611 s.
1431 586 1470 610 20
1487 589 1530 619 r⁰;
1548 594 1615 612 ann.
1633 586 1679 619 lv,
1694 595 1719 613 c.
1744 588 1793 621 40;
1811 603 1845 608 —
1859 589 1974 617 Motu-:ar
1994 592 2071 623 1186,
2088 591 2107 618 s.
2132 593 2195 624 1:38;
2211 608 2245 612 —

1237 633 1381 660 l'orrultsr
1396 634 1490 666 8:553.)

1277 746 1291 761 «
1322 734 1471 773 Mayislro
1505 735 1609 774 Petro,
1634 737 1788 776 capellano
1811 744 1927 775 nostro,
1952 740 2123 779 Apostolire
2156 744 2242 773 Sedis

1235 786 1344 825 leqaeo.
1365 788 1576 819 Venerabilis
1595 789 1695 820 frater
1711 792 1822 821 noster
1836 809 1885 822 ——.
1906 793 1980 823 Dat.
2008 794 2172 831 Laterani,
2195 796 2243 827 111

1236 840 1309 870 idus
1326 840 1417 876 maii,
1433 842 1644 880 pontificatus
1662 844 1767 874 nostri
1782 853 1868 875 antio
1885 847 2032 884 quarto¹.
2053 859 2068 873 »

1302 1030 1374 1060 7172
1829 1033 1946 1067 Latrau,
1965 1034 1996 1061 19
2011 1035 2072 1068 juin
2094 1037 2168 1062 1230.

1268 1112 1370 1139 Abbati
1387 1114 1412 1139 et
1431 1114 1582 1140 conventui
1606 1114 1640 1140 de
1664 1115 1866 1143 Tlieoltesbiria
1894 1117 2023 1153 indulget
2042 1121 2072 1146 ut
2087 1120 2238 1146 eeclesiam

1232 1160 1266 1186 de
1284 1160 1430 1194 Fercsord,
1443 1169 1508 1188 cum
1519 1170 1583 1188 eam
1599 1170 1699 1190 vacare
1715 1163 1880 1199 contigerit,
1898 1166 1938 1192 eis
1954 1166 2037 1193 liccat
2051 1167 2078 1194 in
2096 1176 2162 1195 usus
2177 1177 2239 1202 pro·

1233 1208 1309 1242 prios
1321 1209 1455 1237 retinere.
1469 1225 1502 1229 —
1519 1211 1597 1245 (ltro.
1618 1213 1657 1243 15,
1669 1211 1687 1238 f.
1705 1212 1739 1238 ‘20
1754 1220 1800 1245 vo,
1816 1221 1883 1240 ann.
1903 1214 1949 1246 lv,
1964 1215 2028 1242 8.>’11
2044 1223 2052 1248 ;
2070 1230 2105 1235 -
2119 1216 2238 1244 Moneta

1238 1257 1312 1290 1188,
1331 1257 1350 1284 f.
1367 1258 1424 1292 43.)

1275 1370 1289 1384 τ(
1315 1382 1333 1388 ..
1353 1358 1455 1387 abbati
1473 1361 1671 1389 elconrvnlni
1687 1361 1723 1390 [ln
1743 1362 1993 1401 lenkesbir[ia].
2013 1365 2177 1402 Equitatis
2193 1375 2242 1396 ra-

1204 1421 1205 1427 *
1233 1410 1278 1440 tio
1298 1411 1475 1449 persuadet
1490 1429 1540 1442 —.
1554 1413 1604 1442 Ex
1620 1416 1711 1451 parte
1728 1415 1893 1452 siquidem
1911 1419 2021 1446 vestra
2037 1418 2097 1448 snit
2112 1419 2243 1457 exposi-

1232 1464 1303 1493 tum
1313 1472 1425 1493 coram
1437 1464 1533 1494 nobis
1545 1466 1631 1503 quod
1646 1466 1752 1496 felicis
1764 1468 1922 1498 memorie
1933 1469 2055 1499 Lucius
2064 1479 2160 1509 papa,
2172 1480 2244 1510 pre-

1233 1516 1386 1546 decessor
1413 1518 1535 1551 noster,
1567 1518 1646 1548 olim
1672 1519 1897 1557 dispensative
1929 1522 2022 1552 vobis
2046 1523 2183 1554 indulsit
2206 1526 2239 1555 ut

1233 1569 1408 1599 ecclesiam
1426 1570 1466 1599 de
1483 1570 1652 1605 hereford,
1672 1573 1874 1603 monasterio
1895 1576 2002 1604 vestro
2021 1576 2060 1604 ad
2081 1578 2241 1607 sustenta-

1232 1622 1356 1652 tionem
1378 1622 1516 1652 fratrum
1535 1631 1571 1652 ac
1591 1632 1786 1662 pauperum,
1811 1627 1841 1655 et
1866 1626 2034 1665 hospitum
2059 1630 2240 1668 snsceptio-

1200 1717 1202 1722 ,
1232 1683 1319 1710 nem,
1337 1675 1393 1713 pia
1408 1675 1607 1706 liberalitate
1619 1677 1783 1712 collatam,
1799 1686 1875 1708 cum
1889 1688 1907 1708 a
1918 1688 2059 1717 persona
2075 1683 2105 1711 et
2119 1682 2242 1713 vicario

1230 1728 1264 1758 in
1281 1729 1397 1759 eadem
1417 1730 1494 1759 tunc
1518 1730 1727 1761 ministrante
1750 1740 1867 1761 vacare
1894 1733 2109 1771 contingeret,
2129 1734 2241 1766 111-8181

1231 1781 1326 1811 vobis
1342 1782 1376 1812 in
1399 1791 1481 1812 usus
1511 1783 1663 1821 proprios
1690 1784 1842 1819 retinere,
1873 1794 1908 1815 ac
1933 1786 2057 1816 fructus
2084 1787 2190 1825 ipsius
2209 1789 2240 1817 in

1229 1843 1311 1864 usus
1343 1843 1514 1865 reservare
1542 1836 1717 1874 predictos,
1747 1837 1897 1867 ordinato
1929 1838 2015 1869 inea
2033 1839 2156 1870 vicario
2175 1841 2242 1871 inlc-

1231 1896 1304 1923 neo,
1325 1887 1382 1926 qui
1406 1896 1425 1917 a
1441 1888 1536 1918 vobis
1559 1888 1735 1919 diocesano
1756 1890 1910 1929 episcopo
1934 1894 1989 1921 aut
2007 1892 2078 1929 ejus
2094 1893 2240 1923 ministe—

1231 1940 1371 1970 rialibus
1385 1942 1606 1978 presentatus
1625 1942 1709 1972 eide
1728 1943 1971 1981 spiritualibus,
1989 1945 2084 1975 vobis
2100 1954 2177 1976 vero
2201 1947 2240 1976 de

1232 1993 1469 2031 temporalibus
1482 1994 1705 2032 responderet,
1724 1995 1809 2025 sicut
1823 1995 1856 2025 in
1873 1996 2020 2032 ejusdem
2030 1999 2239 2036 predecesso-

1231 2046 1278 2075 ris
1296 2046 1400 2076 nostri
1418 2046 1537 2076 litteris
1553 2047 1674 2077 dicitur
1696 2048 1829 2086 plenius
1846 2050 2019 2080 contineri.
2046 2051 2109 2081 sed
2126 2052 2239 2089 ‘prede—

1231 2107 1380 2129 cessores
1410 2100 1511 2129 vestri
1541 2100 1598 2138 qui
1625 2100 1716 2130 fuere
1737 2109 1795 2139 pro
1812 2102 1969 2139 tempore,
1998 2102 2240 2140 indulgentiam

1232 2151 1421 2189 hujusmodi
1436 2151 1692 2190 dampnabiliter
1708 2153 1922 2191 negligentes,
1943 2163 2028 2189 eam,
2052 2156 2103 2186 vel
2121 2156 2243 2187 devicti

1231 2204 1385 2243 precibus
1416 2204 1627 2243 importunis,
1655 2206 1707 2235 vel
1733 2207 1865 2245 propria
1890 2207 2044 2237 facilitate
2075 2209 2239 2245 subducti,

1232 2257 1362 2287 clericis
1386 2257 1593 2287 secularibus
1616 2259 1841 2289 contulerunt:
1867 2268 1966 2298 quam
1992 2270 2078 2291 nunc
2101 2262 2241 2292 dilectus

1233 2309 1324 2339 filius
1339 2310 1496 2348 magister
1508 2310 1706 2345 Gotifridus,
1721 2312 1869 2341 notarius
1886 2314 2008 2348 noster,
2024 2314 2171 2344 noscitur
2186 2316 2240 2346 ol·-

1232 2363 1348 2393 tinere.
1368 2364 1477 2398 Quare
1501 2372 1601 2402 super
1623 2364 1685 2394 hoc
1709 2364 1913 2403 implorastis
1931 2367 2040 2397 nostre
2059 2368 2241 2398 remedium

1233 2415 1376 2455 pietatis.
1396 2416 1465 2446 Nos
1483 2416 1593 2454 igitur,
1608 2417 1673 2447 tam
1691 2418 1920 2456 vestrisquam
1934 2419 2082 2457 ejusdem
2094 2421 2242 2459 magistri

1233 2469 1535 2508 supplicationibus
1556 2471 1752 2507 annuentes,
1777 2471 1969 2502 anctoritate
1998 2473 2091 2503 vobis
2110 2482 2242 2512 presen-

1203 2534 1205 2540 s
1234 2522 1317 2552 tium
1335 2521 1549 2561 indulgemus
1567 2524 1613 2557 ut,
1631 2531 1705 2552 cum
1724 2523 1898 2554 ecclesiam
1916 2525 2020 2563 ipsam
2037 2534 2152 2557 vacare
2168 2536 2242 2557 8011-

1234 2575 1353 2614 tigerit,
1369 2583 1434 2605 non
1445 2575 1595 2605 obstante
1611 2576 1700 2614 quod
1709 2585 1782 2606 eam
1799 2577 1928 2607 clericis
1944 2578 2151 2609 secularibus
2167 2588 2244 2610 con-

1234 2628 1370 2664 tulistis,
1393 2628 1489 2658 liceat
1508 2628 1604 2659 vobis
1620 2637 1706 2663 eam,
1727 2629 1823 2667 juxta
1840 2630 2081 2668 indulgentiam
2107 2633 2245 2670 predicti

1235 2681 1478 2719 predecessoris
1495 2681 1608 2715 nostri,
1629 2682 1849 2721 appellatione
1867 2685 2001 2719 remota,
2023 2684 2057 2713 in
2075 2693 2155 2714 usus
2169 2694 2244 2724 pro-

1235 2734 1326 2773 prios
1344 2734 1497 2764 retinere.
1522 2734 1616 2764 Nulli
1634 2742 1710 2773 ergo
1734 2736 1794 2765 etc.
1814 2735 1850 2766 Si
1866 2736 1941 2774 quis
1957 2737 2066 2766 autem
2089 2739 2149 2768 etc.
2168 2738 2244 2768 Dat.

1270 2831 1290 2854 1.
1308 2829 1345 2854 Lo
1360 2829 1484 2860 ltegistre
1498 2831 1585 2860 porte.
1602 2836 1634 2853 en
1650 2829 1706 2854 [1188
1722 2829 1754 2854 de
1771 2831 1840 2854 cette
1855 2830 1938 2860 pieee.
1963 2831 1988 2855 la
2003 2833 2066 2856 note
2093 2833 2245 2861 margin-alo

1236 2870 1375 2898 suivante,
1388 2869 1470 2893 d'nue
1488 2869 1562 2893 main
1579 2870 1846 2900 contemperatum«
1864 2870 2041 2901 l’rivilegium
2058 2871 2158 2896 Militie
2172 2872 2243 2897 ordi-

1236 2909 1282 2934 nis
1301 2908 1393 2933 saneti
1416 2908 1512 2933 ,iacobi
1530 2909 1558 2932 in
1585 2909 1733 2932 Vasconia.
1755 2908 1894 2940 [nequire]
1914 2909 1941 2933 111
1960 2910 2074 2941 ltegesto
2092 2911 2199 2941 quinto,
2217 2912 2243 2935 in

1237 2948 1277 2974 XI
1303 2951 1448 2980 quaterno.
1466 2957 1479 2971 »
1496 2949 1532 2973 Ge
1554 2947 1694 2979 privilege,
1718 2948 1847 2972 transm-it
1873 2948 1942 2972 dans
1965 2949 1990 2973 lo
2015 2949 2070 2974 vol.
2091 2950 2147 2975 use
2169 2950 2245 2976 dela

1236 2988 1380 3013 collection
1393 2988 1518 3017 Moreau,
1531 2987 1596 3012 folio
1612 2988 1650 3016 tt,
1665 2989 1792 3012 trouvera
1808 2995 1838 3012 sa
1852 2988 1927 3019 place
1942 2988 2004 3019 ptus
2016 2989 2083 3014 10111.

2125 3034 2154 3057 20
