2498 3242
137 301 212 332 1133

139 417 158 444 f.
177 416 230 444 209
246 423 292 448 v⁰;
308 418 376 444 siin.
391 416 471 449 VIII,
488 425 513 444 c.
531 417 606 450 ⁶233.)

178 531 191 545 «
217 541 236 548 ..
263 519 454 548 Gerzmclcnsi
476 520 611 557 episcopo
632 524 657 548 et
675 519 782 548 dilecto
803 518 868 555 filio
894 541 912 546 ..
938 517 1155 546 Tarraconensi

139 572 237 602 electo.
263 571 540 609 significantibus
560 571 691 601 dilectis
715 570 795 600 filiis
818 571 940 610 majore
962 578 998 599 ac
1022 569 1154 599 saniore

141 628 233 664 parte
250 628 433 654 conventus
452 624 592 655 ecclesie
611 624 649 654 de
671 623 796 659 Olivis,
814 623 943 654 ordinis
960 622 1066 653 sancti
1086 622 1155 652 Au-

141 677 283 716 gustini,
304 677 534 707 Gerundensis
555 677 712 711 diocesis,
732 686 791 707 nos
809 676 969 707 noveritis
988 675 1156 713 accepisse

142 729 244 769 quod,
263 738 337 759 cum
354 729 469 760 eadem
490 729 633 759 ecclesia
651 729 685 758 in
706 729 944 768 temporalibus
961 728 1156 758 habundare

142 786 173 813 et
189 782 224 812 in
237 782 471 821 spiritualibus
482 782 599 813 florere
616 783 827 813 consueverit
839 782 879 812 ab
892 782 1040 821 antiquo,
1054 789 1154 814 nunc,

140 839 274 875 propter
298 834 554 873 negligentiam,
581 835 661 874 quin
685 835 847 865 malitiam
867 835 977 874 potius
1003 833 1154 868 Arnaldi,

140 888 198 928 qui
210 897 268 927 pro
281 888 391 927 priore
408 897 442 918 se
457 888 541 926 gerit
556 888 674 927 ipsius,
687 888 807 918 defecit
821 888 932 919 taliter
943 889 978 918 in
991 889 1154 929 utrisque,

140 941 246 981 quod,
270 941 336 971 nisi
361 950 420 979 per
440 941 652 980 prudentiam
676 941 771 972 Sedis
793 942 981 981 Apostolice
1004 943 1157 973 celeriter

141 998 356 1025 succurratur
372 994 498 1029 eidem,
518 995 570 1024 vix
589 994 709 1024 adiciet
724 998 760 1024 ut
777 998 940 1033 resurgat.
959 995 1048 1025 Idem
1066 996 1155 1025 enim

139 1047 324 1083 Arnaldus,
342 1047 476 1085 spurius
492 1047 709 1082 manifestus,
728 1047 814 1077 hona
830 1047 969 1078 ecclesie
987 1048 1156 1080 nominate

141 1109 216 1131 cum
232 1100 450 1139 complicibus
467 1101 537 1131 suis
555 1100 715 1139 dilapidat
734 1101 914 1131 enormiter
930 1105 961 1131 et
977 1101 1154 1137 consumit,

141 1153 283 1193 quedam
303 1162 340 1183 ex
356 1153 439 1192 ipsis
460 1153 496 1182 in
518 1162 600 1183 usus
619 1153 769 1192 proprios
786 1153 903 1184 illicite
921 1154 1154 1185 convertendo.

140 1206 343 1246 Adjecerunt
375 1206 513 1245 insuper
543 1206 647 1244 quod,
679 1206 757 1236 licet
785 1206 964 1246 jamdictus
989 1207 1156 1238 Arnaldus

141 1259 276 1290 vinculo
299 1260 342 1289 sit
360 1259 715 1290 excommunicationis
734 1259 902 1295 astrictus,
923 1260 1010 1290 idem
1033 1265 1154 1301 tamen,

143 1312 363 1343 absolutionis
385 1311 548 1342 beneficio
566 1320 632 1342 non
648 1311 798 1347 obtento,
817 1312 936 1342 officiis
951 1313 1104 1351 ingerere
1122 1322 1157 1344 se

142 1365 266 1396 divinis
298 1365 334 1394 in
359 1365 470 1395 anime
500 1373 559 1395 sue
585 1364 773 1403 perieulum
805 1374 870 1394 non
900 1370 1044 1401 veretur,
1074 1366 1157 1396 alias

142 1418 248 1449 multa
270 1417 481 1448 committens
504 1417 665 1452 enormia,
685 1417 721 1446 in
738 1417 1003 1455 denigrationem
1029 1419 1157 1449 ordinis

144 1471 309 1510 regularis
322 1474 352 1500 et
364 1469 544 1500 multorum
558 1470 753 1500 scandalum
768 1475 798 1500 et
811 1471 954 1506 ruinam,
968 1481 1031 1510 que
1042 1471 1158 1502 limam

145 1523 324 1564 apostolice
350 1523 566 1554 correctionis
591 1527 782 1561 exposcunt.
801 1523 884 1554 Cum
904 1523 1019 1561 igitur,
1038 1533 1158 1554 secun·
1199 1516 1202 1551 Ξ

145 1578 222 1608 dum
236 1576 442 1615 Apostolum,
456 1576 619 1606 instantia
633 1580 747 1606 nostra
762 1576 928 1606 cotidiana
941 1577 995 1610 sit,
1009 1577 1159 1607 omnium

145 1630 363 1662 ecclesiarum
375 1630 565 1660 sollicitudo
579 1629 766 1665 continua1,
778 1629 971 1660 discretioni
982 1635 1090 1661 vestre
1101 1640 1160 1669 per

146 1683 326 1722 apostolica
342 1683 465 1722 scripta
481 1683 677 1713 mandamus
690 1687 867 1722 quatenus,
883 1683 1104 1722 personaliter
1120 1684 1160 1714 ad

145 1741 362 1768 memoratam
374 1736 551 1766 ecclesiam
563 1736 757 1766 accedentes
769 1741 800 1766 et
811 1736 972 1767 habentes
984 1746 1040 1775 pre
1054 1737 1160 1767 oculis

146 1789 254 1820 solum
270 1790 388 1824 Deum,
404 1789 435 1819 ei
450 1789 520 1819 vice
535 1793 649 1819 nostra
660 1789 864 1819 visitationis
877 1789 1023 1819 officium
1035 1789 1161 1829 impen-

147 1843 244 1878 datis,
260 1842 464 1880 corrigentes
483 1846 515 1872 et
532 1842 753 1872 reformantes
770 1842 905 1877 ibidem,
923 1846 986 1872 tam
1002 1843 1037 1872 in
1054 1844 1161 1882 eapite

147 1904 247 1935 quam
273 1895 309 1924 in
334 1895 494 1925 menbris.
522 1904 586 1934 que
611 1895 828 1925 correctionis
854 1900 885 1925 et
911 1896 1162 1926 reformationis

147 1948 255 1979 officio
277 1948 438 1978 noveritis
460 1948 630 1986 indigere3
651 1952 699 1983 et,
722 1948 751 1978 si
767 1949 912 1987 priorem
927 1950 1093 1987 prefatum
1109 1949 1162 1980 vel

149 2001 279 2041 aliquos
295 2001 334 2032 de
351 2001 522 2032 canonicis
536 2001 675 2032 ecclesie
690 2002 836 2040 sepefate
856 2001 896 2031 ab
913 2002 1027 2032 eadem
1044 2002 1163 2033 merito

149 2055 301 2085 videritis
319 2054 530 2089 amovendos,
549 2054 632 2092 ipsis
649 2054 689 2084 ab
706 2064 760 2088 ea,
776 2054 910 2094 justitia
925 2055 1092 2093 exigente,
1110 2065 1163 2086 re-

147 2108 259 2143 motis,
280 2108 411 2137 faciatis
427 2108 549 2146 ipsam,
569 2107 721 2137 submoto
736 2107 915 2147 cujuslibet
931 2107 1164 2146 appellationis

150 2160 332 2196 obstaculo,
351 2161 390 2191 de
407 2161 559 2199 personis
575 2160 706 2190 idoneis
718 2160 878 2190 ordinari.
895 2160 1164 2192 Contradictores

150 2231 189 2237 -—
209 2213 459 2253 compescendo.
484 2214 558 2243 Dat.
585 2213 727 2251 Spoleti.
751 2214 832 2244 VIII
855 2213 930 2243 idus
954 2214 1163 2252 septembris,

151 2276 238 2297 anno
254 2271 379 2297 octavo.
401 2279 413 2293 u

223 2421 346 2450 2104

191 2483 422 2518 Archiepiscopo
437 2481 587 2513 Toletano,
604 2481 742 2516 episcopo
761 2479 904 2515 But-gensi
922 2484 951 2507 et
965 2481 1169 2508 archidiacono

153 2532 292 2560 Toletano
306 2531 452 2566 significat
467 2539 500 2557 se
512 2531 609 2566 ipsum
627 2538 746 2565 rogasse
758 2538 856 2564 regem
873 2529 1013 2556 Castellae
1030 2534 1060 2557 ut.
1074 2531 1171 2557 eccle-

155 2582 228 2609 siam
250 2581 460 2608 Calciatensem
481 2583 510 2606 et
532 2581 598 2614 ejus
621 2579 696 2606 bona
716 2578 920 2613 Calaguritano
939 2578 1171 2615 Calciatensique

157 2631 295 2666 episcopo
316 2631 459 2661 restituat,
481 2633 509 2656 et
528 2628 562 2656 D.
583 2632 612 2655 et
631 2627 754 2661 Lupum,
776 2632 884 2662 patrem
908 2628 1039 2663 ejusdem
1064 2627 1112 2661 D.‚
1136 2628 1171 2656 ab

627 2418 766 2451 Perouse,
782 2417 816 2445 23
832 2418 999 2454 septembre
1016 2418 1094 2446 1234.

158 2679 290 2715 eJ'usdem
307 2679 437 2713 episcopi
450 2678 651 2705 molestatione
665 2676 818 2711 compellat
833 2676 989 2707 desistere3
1003 2677 1046 2703 eis
1059 2677 1174 2704 mandat

157 2732 304 2764 quatenus
317 2727 451 2754 eumdem
470 2734 568 2760 regem
585 2726 618 2752 ad
636 2725 662 2752 id
677 2729 821 2752 moneant.
833 2725 962 2755 —(Rao.
980 2726 1019 2758 17,
1034 2726 1051 2752 f.
1065 2726 1117 2754 ‘209
1129 2734 1172 2758 v⁰;
1214 2719 1216 2754 Ῐ

159 2785 226 2805 ann.
248 2776 327 2808 VIII,
343 2784 369 2803 c.
386 2775 457 2809 234;
473 2789 510 2796 -
523 2775 560 2802 cf.
577 2782 674 2808 snpra,
692 2783 719 2801 n.
739 2775 806 2802 1113
823 2779 852 2801 et
872 2774 960 2806 1659.)

203 2878 215 2892 «
245 2888 264 2894 ..
289 2865 515 2902 archiepiscopo
541 2864 695 2897 Toletano,
713 2868 738 2892 c!
757 2886 776 2892 ..
796 2864 930 2901 episcopo
946 2865 1095 2902 Buryensi
1111 2869 1137 2894 et
1156 2887 1175 2893 ..
1216 2857 1220 2906 ᾗ

197 2972 216 2996 1.
234 2971 247 2994 ‘2
264 2970 344 3000 Gon,
361 2969 408 2998 xt,
425 2969 464 2993 ²28.

993 289 1208 329 HU‘ITIEME
1231 288 1391 326 ANNEE.

135 368 198 401 dos,
216 369 308 403 ipsam
329 368 364 394 de
387 368 522 402 personis
546 367 658 394 idoneis
675 367 781 394 saciant
797 366 933 393 ordinari.
951 380 982 384 —
1004 364 1089 397 (Rso.
1110 363 1151 394 17,
1191 369 1195 377 ⁴

2174 296 2249 326 1134

1235 363 1454 392 archidiacono
1477 364 1625 395 Toletano.
1646 362 1707 393 Illa
1723 362 1934 392 carissimum
1953 362 1986 391 in
2005 379 2053 390 —.
2072 362 2158 392 Sane
2174 371 2249 392 cum

1235 415 1314 445 olim
1331 415 1535 446 venerabilis
1552 417 1654 446 frater
1671 420 1782 445 noster
1796 438 1817 444 ,,
1840 415 2115 453 Calagurritanus
2128 420 2159 445 et
2173 415 2249 446 Cal-

1235 468 1395 498 ciatensis
1422 468 1614 506 episcopus,
1645 472 1710 497 tam
1737 468 1933 498 auctoritate
1963 468 2070 498 felicis
2097 468 2249 498 recorda-

1237 521 1338 551 tionis
1357 523 1396 551 ll.
1416 531 1512 560 pape,
1531 522 1776 560 predecessoris
1793 521 1911 556 nostri,
1931 530 2029 560 quam
2048 521 2250 552 vein-rabilis

1237 574 1351 604 fratris
1376 574 1479 604 nostri
1503 598 1522 603 ..
1544 574 1741 604 Sabinensis
1763 574 1923 612 episcopi,
1944 579 2021 603 tunc
2044 575 2076 603 in
2100 575 2249 613 partibus

1236 627 1306 658 illis
1322 628 1511 666 Apostolice
1526 628 1622 658 Sedis
1637 627 1748 665 legati,
1765 627 1822 666 qui
1838 636 1937 665 super
1950 627 2009 657 boc
2022 637 2039 657 a
2053 628 2147 657 nobis
2160 638 2250 658 nian-

1237 681 1351 711 datum
1367 685 1534 719 receperat
1549 680 1723 719 specia1e1,
1741 680 1852 710 sedem
1867 680 2087 718 episcopalem
2101 681 2139 709 de
2153 681 2250 712 Cala-

1238 734 1411 772 gurritana
1433 733 1573 764 ecclesia
1594 734 1635 763 ad
1657 733 1832 763 ecclesiam
1855 733 2098 764 Calciatensem
2121 734 2251 763 duxerit

1238 786 1516 820 transferendam,
1531 790 1562 816 ct
1574 786 1713 816 alteram
1727 786 1824 816 alteri
1839 785 1971 820 uniens,
1989 790 2165 825 utramque
2180 787 2250 824 pari

1238 840 1393 869 statuerit
1409 839 1571 876 dignitate
1585 839 1696 877 potiri,
1716 848 1854 878 nosque,
1871 839 1910 869 ad
1927 839 2120 877 petitionem
2138 848 2251 878 procu-

1237 896 1386 922 ratorum
1405 892 1580 931 utriusque
1598 892 1748 926 ecclesie,
1762 892 1928 930 predictas
1945 892 2197 922 translationem
2215 902 2251 923 ac

1237 946 1397 975 unionem
1407 945 1599 975 duxerimus
1610 945 1854 975 confirmandas
1866 956 1872 974 ε
1885 946 1993 975 dictus
2004 955 2057 975 rex
2068 945 2249 985 [Castelle],

1238 999 1324 1029 sicut
1348 998 1436 1028 idem
1461 999 1635 1037 episcopus
1661 999 1696 1028 in
1722 1003 1834 1028 nostra
1859 999 2027 1037 presentia
2050 999 2252 1030 constitutus

1239 1051 1406 1090 exposuit,
1426 1052 1606 1091 quominus
1624 1052 1658 1081 id
1679 1052 1713 1081 in
1735 1061 1795 1082 sua
1816 1052 1972 1082 firmitate
1992 1052 2170 1087 consistat,
2188 1052 2252 1081 im-

1237 1104 1338 1143 pedit,
1357 1108 1389 1135 et
1405 1105 1526 1134 dictam
1543 1104 1788 1135 Calciatensem
1804 1104 1979 1135 ecclesiam
1995 1114 2070 1135 cum
2088 1105 2157 1135 suis
2176 1114 2252 1144 per-

1238 1157 1403 1192 tinentiis,
1420 1157 1507 1196 quod
1518 1157 1667 1188 dolentes
1684 1158 1783 1188 inviti
1798 1159 1987 1193 referimus,
2004 1168 2060 1197 per
2076 1160 2128 1193 D.,
2146 1159 2253 1189 filium

1238 1210 1361 1241 nobilis
1378 1210 1442 1240 viri
1462 1211 1563 1249 Lupi,
1583 1211 1706 1241 dicitur
1721 1220 1918 1250 occupasse,
1937 1215 1967 1241 et
1984 1212 2136 1250 quamvis
2153 1221 2253 1251 super

1238 1263 1299 1293 hoc
1314 1263 1380 1293 alia
1396 1263 1461 1293 sibi
1478 1264 1549 1294 vice
1565 1264 1810 1302 scripserimus,
1828 1264 1915 1294 idem
1934 1269 2054 1299 tamen,
2073 1264 2160 1303 quod
2177 1273 2253 1295 eum

1238 1325 1304 1346 non
1329 1317 1458 1352 decuit,
1482 1316 1673 1355 apostolicis
1695 1317 1818 1347 litteris
1841 1326 1907 1347 non
1927 1317 2096 1353 deferens,
2121 1326 2181 1348 nec
2205 1318 2252 1348 sic

1238 1374 1397 1408 occupata
1413 1370 1578 1405 restituit,
1600 1380 1658 1400 nec
1680 1370 1785 1400 dictos
1809 1371 1847 1401 D.
1871 1375 1902 1401 et
1922 1371 1958 1400 L.
1983 1380 2000 1400 a
2023 1371 2162 1409 predicti
2183 1371 2253 1409 epi-

1239 1423 1331 1461 scopi
1351 1423 1584 1453 molestatione
1603 1425 1797 1462 compescit,
1816 1425 1896 1463 quin
1919 1425 2029 1462 potius
2053 1425 2117 1454 sibi
2135 1429 2165 1455 et
2182 1425 2253 1455 suis

1239 1476 1424 1515 injuriosus
1442 1476 1553 1506 existit
1572 1476 1753 1515 plurimum
1770 1481 1801 1506 et
1816 1477 1988 1507 molestus.
2010 1478 2105 1508 Unde
2122 1478 2251 1508 sereni-

1240 1533 1342 1559 tatem
1358 1529 1484 1567 regiam
1501 1538 1656 1567 rogamus
1675 1530 1835 1559 attentius
1852 1534 1883 1560 et
1902 1530 2115 1560 obsecramus
2135 1531 2169 1560 in
2187 1532 2251 1561 Do-

1240 1581 1332 1611 mino
1353 1586 1405 1616 ut,
1429 1581 1469 1611 ol)
1490 1582 1713 1611 reverentiam
1732 1582 1838 1612 Jliesu
1861 1582 1987 1613 Christi
2011 1587 2041 1612 et
2064 1583 2251 1621 Apostolice

1242 1634 1338 1665 Sedis
1361 1638 1392 1664 et
1413 1638 1576 1670 nostram,
1602 1634 1779 1664 ecclesiam
1797 1635 1904 1673 ipsam
1927 1640 1958 1665 et
1982 1636 2067 1665 bona
2090 1636 2160 1675 ejus
2183 1636 2254 1675 epi-

1242 1696 1340 1726 scopo
1352 1688 1479 1726 prefato
1491 1688 1658 1724 restituat,
1676 1692 1718 1723 ct,
1735 1688 1800 1718 sibi
1817 1693 1847 1718 et
1864 1688 1934 1718 suis
1952 1688 1991 1718 de
2005 1688 2108 1719 illatis
2121 1689 2255 1728 injuriis

1242 1741 1455 1771 satisfaciens
1481 1750 1517 1770 ac
1540 1741 1580 1770 ab
1601 1749 1717 1771 eorum
1732 1741 1963 1771 molestatione
1984 1742 2023 1772 de
2046 1746 2154 1773 cetero
2177 1752 2256 1773 con-

1243 1794 1439 1833 quiescens,
1460 1798 1525 1824 tam
1548 1794 1673 1824 dictum
1694 1794 1838 1825 nobilem
1863 1804 1961 1834 quam
1983 1796 2065 1827 alios
2089 1796 2128 1826 ab
2149 1796 2256 1835 ipsius

1243 1848 1390 1886 episcopi
1405 1856 1504 1886 super
1517 1848 1691 1886 premissis
1710 1848 1942 1879 molestatione
1960 1849 2120 1880 desistere
2138 1850 2257 1881 tradita

1243 1900 1309 1930 sibi
1327 1900 1445 1930 celitus
1462 1904 1623 1938 potestate
1640 1901 1828 1939 compellat,
1849 1902 1894 1931 ita
1912 1903 1998 1941 quod
2015 1912 2052 1933 ex
2070 1903 2130 1933 hoc
2147 1904 2257 1943 propi-

1245 1953 1419 1983 tiationem
1439 1953 1587 1983 divinam
1608 1958 1777 1984 mereatur
1799 1955 1936 1985 uberius
1961 1960 1993 1985 et
2012 1965 2070 1986 nos
2094 1956 2258 1987 excellen-

1244 2005 1326 2035 tiam
1343 2014 1437 2035 suam
1460 2006 1571 2043 dignis
1594 2006 1628 2035 in
1645 2006 1786 2036 Domino
1805 2007 1960 2037 laudibus
1977 2009 2255 2040 commendemus.

1245 2059 1409 2095 Quocirca
1432 2058 1627 2089 discretioni
1654 2064 1763 2090 vestre
1788 2070 1846 2098 per
1873 2061 2053 2099 apostolica
2077 2062 2199 2100 scripta
2226 2062 2260 2092 in

1246 2111 1369 2142 virtute
1383 2112 1573 2142 obedientie
1585 2112 1735 2143 districte
1749 2113 1961 2151 precipiendo
1976 2115 2170 2145 mandamus
2183 2125 2260 2154 qua-

1248 2168 1356 2199 tenus,
1375 2164 1463 2194 insra
1480 2174 1629 2195 mensem
1646 2165 1686 2195 ad
1702 2166 1790 2203 regis
1807 2166 1913 2204 ipsius
1928 2167 2132 2205 presentiam
2148 2177 2262 2206 perso—

1249 2216 1370 2247 naliter
1394 2217 1588 2247 acccdentes
1617 2221 1648 2247 ct
1667 2217 1796 2248 litteras
1823 2228 1905 2257 quas
1927 2219 1958 2248 ei
1981 2228 2080 2258 super
2097 2219 2158 2250 hoc
2179 2220 2261 2249 diri-

1250 2270 1360 2308 gimus
1387 2274 1618 2309 presentantes
1646 2270 1773 2306 eidem,
1802 2271 1912 2310 ipsum
1942 2272 1982 2301 ad
2009 2272 2071 2302 hoc
2100 2273 2263 2304 moneatis

1251 2323 1412 2353 attentius
1433 2327 1465 2353 et
1479 2323 1639 2354 inducere
1655 2324 1855 2362 procuretis,
1874 2325 1961 2364 quod
1977 2334 2076 2364 super
2091 2325 2152 2356 hoc
2171 2327 2266 2358 inve-

1251 2375 1371 2406 neritis
1394 2376 1467 2407 sine
1488 2385 1580 2406 more
1600 2376 1774 2415 dispendio
1796 2387 1854 2416 per
1874 2382 2002 2408 vestras
2020 2378 2115 2409 nobis
2138 2379 2266 2410 litteras

1252 2428 1449 2459 intimantes
1471 2432 1492 2457 2.
1521 2429 1615 2466 Quod
1640 2429 1668 2459 si
1694 2438 1759 2460 non
1789 2439 1904 2461 omnes
1933 2448 1981 2460 —.
2011 2432 2084 2461 Dat.
2116 2432 2263 2467 Perusii,

1252 2482 1353 2512 V1111
1369 2481 1529 2513 kalendas
1547 2482 1706 2519 octobris,
1728 2492 1815 2513 anno
1831 2488 1954 2514 octavo.
1977 2496 1990 2510 »

1328 2690 1450 2719 2105

1294 2752 1546 2787 Archiepiscopis,
1564 2753 1710 2788 episcopis
1725 2757 1753 2780 et
1771 2754 1915 2780 universis
1931 2755 2119 2782 ecclesiarum
2137 2756 2271 2790 praelatis

1730 2690 1867 2720 pet-ouse.
1885 2691 1918 2719 25
1935 2693 2101 2726 septembre
2121 2693 2196 2721 123⁴.

1216 2830 1217 2837 ἵ
1260 2809 1311 2835 per
1333 2809 1456 2835 regnum
1480 2800 1618 2828 tet-anctae
1643 2803 1810 2828 constitutis
1835 2802 1949 2829 mandat
1973 2807 2117 2837 quatenus
2142 2804 2272 2831 moribus

1297 2927 1321 2952 if
1334 2927 1376 2953 Cf.
1393 2936 1490 2958 supra.
1508 2934 1536 2952 u⁰
1549 2929 1603 2953 247.

1293 2972 1318 2997 2.
1335 2975 1384 2997 Ms.
1399 2982 1406 2997 ,·
1424 2974 1566 2998 intimetis.
