2498 3242
156 315 231 346 1ffl7
1007 289 1405 349 rnffnEMEANNEn
2181 326 2258 357 10m

153 381 282 412 sionem
309 381 369 411 tibi
391 383 621 420 peccaminum
645 383 858 423 injungentes
877 388 1042 424 quatenus
1064 401 1103 405 —
1125 383 1164 413 ad

151 434 362 464 concordiam
386 444 461 465 curn
484 435 679 466 Belvacensi
701 436 841 467 ecclesia
858 437 1043 467 faciendam
1061 437 1165 467 animi

152 486 201 516 tui
228 487 521 517 mansuetudinem
549 488 711 519 inclinare
737 498 892 528 procures
915 507 961 518 —.
984 490 1052 520 Nos
1075 490 1165 519 enim

152 537 311 568 dilect-um
338 538 445 568 filiuni
473 540 668 578 magistrum
696 541 854 581 P[etrum]
880 542 918 572 de
943 541 1162 578 Collemedio,

152 590 361 629 capellanum
379 597 539 628 nostrum,
559 594 761 631 prepositum
775 594 913 624 ecclesie
931 595 1043 625 Sancti
1058 595 1164 625 Audo-

153 644 255 679 mari⁷
287 644 397 673 virum
419 649 494 675 note
521 646 695 684 probitatis
723 651 753 677 et
778 647 1086 685 cireinnspectionis
1110 657 1165 678 ex-

152 701 255 736 perte,
271 707 369 736 quem
385 698 521 729 honoris
539 700 585 729 tui
602 700 776 730 zelatorem
794 701 853 730 tibi
870 700 999 730 fidelem
1012 701 1164 731 novimus

154 755 186 780 et
210 750 362 780 devotum
389 751 427 789 {et
456 751 495 781 de
519 761 576 782 sua
598 753 771 791 prudentia
793 758 821 783 et
847 753 1012 784 industria
1033 753 1164 792 plenam

154 802 253 833 hahet
277 803 428 833 notitiam
452 804 612 835 celsitudo
632 805 776 844 regalis),
795 806 1110 836 mediatoreminter
1134 811 1164 836 te

154 860 185 886 et
203 856 323 886 dictam
341 856 515 887 ecclesiam
537 858 691 888 duximus
712 859 947 897 deputandum.
967 859 1069 898 Cujus
1086 867 1164 888 con-

153 908 241 939 siliis
258 910 491 948 acquiescens,
507 911 644 950 januam
667 911 890 941 benivolentie
913 915 1070 941 consuete
1091 911 1163 949 paci

152 961 334 992 clementer
358 963 499 1000 aperias,
527 972 598 993 eam
625 969 655 993 et
676 963 864 994 libertatem
889 964 1161 1000 ecclesiasticam⁷

151 1014 274 1054 quibus
292 1015 385 1052 regni
400 1015 520 1045 solium
536 1016 610 1054 plus
630 1017 796 1046 firmitatis
810 1017 939 1055 accipit,
962 1017 1035 1055 plus
1052 1017 1163 1055 splen-

151 1067 257 1098 doris.
279 1073 436 1107 tanquam
458 1079 513 1100 rex
535 1069 838 1100 christianissimus
864 1070 1090 1108 amplectendo
1113 1089 1161 1100 —.

149 1119 306 1151 Ceterum
323 1121 562 1152 sublimitatem
580 1127 669 1152 tuam
687 1123 855 1153 attendere
873 1123 1025 1153 volumus
1042 1128 1073 1153 ct
1090 1132 1163 1153 con-

149 1172 296 1203 siderare
315 1174 494 1212 prudenter
510 1175 613 1213 quod,
635 1175 711 1205 licet
730 1186 787 1213 pro
811 1175 1005 1206 Beli-acensi
1024 1176 1162 1206 ecelesia

148 1234 223 1255 cum
237 1226 341 1256 multa
357 1227 519 1257 instantia
535 1228 635 1257 suerit
649 1228 850 1266 postulatum
864 1239 880 1258 a
895 1229 1001 1264 nobis,
1016 1233 1049 1258 ut
1063 1229 1162 1259 inter-

148 1277 273 1308 dictum
290 1288 347 1317 pro
364 1288 401 1309 ea
425 1280 568 1317 positum
591 1280 624 1309 in
650 1281 807 1310 Remensi
832 1281 1001 1319 provincia
1026 1281 1163 1311 debere-

147 1340 222 1361 mus
248 1331 283 1360 in
309 1341 384 1362 eum
408 1336 529 1362 statum
551 1332 720 1368 reducere⁷
746 1333 863 1372 inquo
887 1334 995 1363 suerat
1018 1338 1162 1372 tempore

147 1384 380 1423 appellationis
400 1385 439 1414 ad
457 1394 516 1415 nos
535 1394 572 1415 ex
589 1390 682 1423 parte
699 1385 792 1416 illius
809 1386 948 1417 ecclesie
969 1387 1160 1426 interjecto,

147 1441 204 1468 tuo
222 1441 332 1467 tamen
354 1437 472 1467 honori
490 1438 523 1467 in
544 1438 666 1477 quibus
687 1447 762 1468 cum
776 1439 844 1468 Deo
862 1448 1050 1477 possumus.
1072 1439 1163 1469 defe-

147 1494 270 1526 rentes,
295 1490 435 1520 consilia
458 1491 548 1529 pacis
573 1491 763 1521 curavimus
789 1491 958 1530 cogitare:
984 1501 1094 1531 quam,
1114 1492 1163 1522 fa-

148 1543 256 1574 ciente
286 1543 343 1573 illo
373 1544 430 1582 qui
460 1548 509 1573 est
539 1544 687 1583 ejusdem
717 1549 844 1574 amator
871 1549 902 1575 et
929 1549 1053 1580 auctor,
1085 1545 1163 1575 dum

147 1596 354 1627 consulentis
371 1597 526 1640 affectum
542 1601 573 1627 et
595 1597 817 1627 intentionem
840 1597 1022 1628 attenderis
1044 1598 1162 1628 exhor—

148 1649 263 1685 tantis,
281 1649 458 1685 credimus,
477 1654 610 1680 auctore
628 1650 786 1685 Domino,
803 1650 990 1688 provenire.
1007 1651 1082 1681 Dat.
1100 1651 1163 1681 La-

148 1703 269 1737 terani,
285 1703 367 1733 VIII
382 1702 458 1733 idus
474 1702 602 1740 aprilis.
618 1711 705 1732 anno
721 1706 846 1733 octavo.
866 1715 879 1730 »

185 1825 288 1850 1859.
311 1836 348 1842 —
366 1821 398 1848 In
420 1821 545 1848 eundem
568 1821 627 1855 sere
650 1822 768 1848 modum
789 1822 932 1857 scriptum
954 1827 1000 1850 est
1025 1844 1042 1850 ..

149 1872 275 1897 Francte.
292 1870 451 1904 (Ponam
467 1871 573 1904 9440·.)

1068 1825 1162 1858 reqine

222 2060 242 2087 Ι
250 2059 340 2088 860

183 2121 323 2156 Magistro
349 2121 435 2148 Petro
457 2120 493 2148 de
516 2120 709 2155 collemedio,
735 2121 881 2157 capellano
905 2129 969 2154 suo,
996 2122 1160 2157 praeposito

145 2171 246 2198 Sancti
268 2170 428 2197 Andomari
439 2192 446 2203 ‚
467 2170 502 2196 de
517 2170 617 2197 eadem
633 2178 664 2197 re
679 2170 826 2202 scribens.
845 2174 944 2197 notum
961 2170 1030 2197 facit
1044 2178 1077 2197 se
1093 2179 1161 2198 eum

145 2221 222 2247 inter
236 2228 335 2255 regem
351 2218 490 2246 Franciae
506 2222 535 2246 et
549 2219 720 2255 episcopum
737 2219 949 2255 ecclesiamque
965 2219 1160 2247 Belvacenses

146 2269 333 2296 mediatorem
349 2268 499 2304 deputare,
515 2268 600 2304 eique
615 2268 730 2295 mandat
745 2271 890 2304 quatenus
904 2269 979 2295 inter
993 2276 1044 2296 eos
1059 2277 1161 2304 pacem

144 2318 261 2345 studeat
288 2317 462 2349 reformare;
492 2316 619 2352 alioquin
649 2317 730 2352 pacis
759 2319 912 2344 tractatum
941 2319 970 2344 et
1000 2317 1027 2343 in
1053 2316 1161 2351 quibus

144 2366 278 2402 ejusdem
299 2368 439 2393 tractatus
461 2365 591 2392 articulis
612 2368 709 2400 partes
731 2365 915 2397 dissentiant,
932 2373 998 2392 cum
1015 2368 1075 2392 toto
1091 2373 1158 2400 pro-

144 2423 231 2442 cessu
254 2423 308 2442 suo
330 2414 365 2441 ad
385 2413 492 2441 sedem
515 2413 715 2449 Apostolicam
740 2414 925 2442 transmittat.
948 2430 983 2434 —
1009 2413 1090 2446 (Rea.
1116 2414 1159 2446 17,

145 2465 163 2491 1“.
182 2464 232 2491 {72
250 2469 297 2497 νος
315 2472 381 2490 ann.
399 2462 481 2495 VIII,
499 2470 524 2490 c.
541 2462 590 2494 20;
607 2477 643 2483 —
658 2461 778 2491 ΜοιιεΑυ
798 2462 910 2495 1189,1“.
930 2463 983 2496 16.)

760 2058 874 2092 Latran,
891 2060 905 2086 7
921 2059 992 2086 avril
1011 2059 1088 2087 1234.

187 2579 199 2593 «
217 2566 362 2604 Magistro
379 2566 466 2595 Petro
479 2565 513 2594 de
529 2565 725 2599 Collemedio,
743 2565 901 2602 capellano
920 2569 1033 2600 nostro,
1048 2573 1159 2603 prepo-

143 2620 202 2649 sito
225 2619 333 2648 Sancti
358 2619 541 2648 Audomari.
568 2617 748 2648 Exhortam
773 2617 974 2648 discordiam
997 2617 1086 2648 inter
1107 2634 1157 2647 —.

144 2673 219 2702 Dat.
237 2671 405 2706 Laterani,
423 2671 487 2701 VII
503 2669 580 2701 idus
596 2670 723 2709 aprilis.
745 2679 831 2700 anno
848 2674 973 2701 octavo.
993 2682 1006 2697 »

220 2865 331 2894 ¹88¹
759 2863 872 2897 Lati-an,
890 2864 905 2890 7
921 2863 992 2891 avril
1010 2863 1085 2892 123⁴.

183 2927 282 2954 Eidem
304 2926 340 2953 de
363 2925 463 2953 eadem
484 2933 515 2953 ro
534 2926 683 2959 scribens,
704 2926 921 2961 inquisitionem
941 2926 1096 2953 committit
1116 2927 1160 2954 fa-

144 2975 278 3003 ciendam
302 2975 338 3002 de
365 2974 520 3002 interdicto
542 2983 593 3010 pro
617 2974 741 3002 ecclesia
768 2973 939 3001 Belvacensi
966 2973 995 3001 in
1018 2973 1158 3002 Remensi

1249 384 1395 418 provincia
1425 387 1518 420 posito
1549 391 1576 413 et
1605 387 1640 413 dc
1670 388 1801 422 ejusdem
1834 388 1977 415 interdicti
2008 390 2193 420 relaxatione.
2223 407 2256 412 —

1247 431 1330 464 (Rea.
1352 434 1397 465 ¹7,
1416 434 1435 461 l'.
1454 434 1503 462 173
1520 441 1558 465 r⁰;
1576 444 1642 462 ann.
1661 435 1788 467 V111,c.
1807 436 1858 470 213
1876 451 1909 456 —
1926 437 2044 465 Monam:
2064 439 2143 471 ¹189,
2162 440 2182 466 f.
2200 440 2254 474 18.)

1289 546 1302 560 «
1321 534 1436 563 Eidem.
1454 536 1635 565 Venientes
1653 537 1692 566 ad
1714 537 1917 575 presentiam
1938 543 2083 568 nostram
2101 549 2257 578 procura-

1248 591 1334 617 tores
1354 587 1567 619 Belvacensis
1585 589 1724 620 ecclesie
1747 599 1821 620 cum
1842 591 1945 620 multa
1964 592 2123 622 instantia
2142 598 2255 632 postu-

1247 639 1358 669 larunt
1375 650 1392 669 a
1411 641 1506 671 nobis
1527 646 1561 671 ut
1579 642 1793 672 interdictum
1808 652 1866 681 pro
1888 644 1959 682 ipsa
1978 645 2122 682 positum
2140 646 2173 675 in
2190 648 2256 677 Re-

1248 692 1355 722 mensi
1368 693 1538 730 provincia
1550 694 1583 723 in
1597 703 1672 723 eum
1689 699 1811 724 statum
1825 695 2020 726 deberemus
2039 697 2207 734 reducere,
2220 699 2256 728 in

1247 753 1311 783 quo
1328 744 1435 774 suerat
1454 750 1598 784 tempore
1611 746 1844 784 appellationis
1858 748 1898 777 ad
1912 758 1971 778 nos
1987 758 2023 779 ex
2041 755 2132 787 parte
2150 751 2255 789 ipsius

1247 797 1386 827 ecclesie
1406 798 1595 837 interjecte3
1614 808 1679 838 qna
1701 805 1887 838 contempta
1906 801 2015 839 ipsum
2035 807 2189 832 asserunt
2204 812 2257 834 re-

1246 849 1403 885 laxatum,
1422 851 1550 881 nuntiis
1573 852 1739 882 carissimi
1763 852 1797 882 in
1821 853 1955 884 Christo
1981 854 2041 883 filii
2060 855 2164 884 nostri
2183 879 2202 884 ..
2221 856 2258 885 il-

1246 902 1361 933 lustris
1380 903 1468 942 regis
1485 905 1623 935 Francie
1642 905 1728 943 apud
1753 906 1871 936 Sedem
1891 907 2115 945 Apostolicarn
2135 909 2258 939 consti-

1247 955 1326 985 tutis
1344 964 1378 985 se
1395 966 1493 995 super
1514 957 1573 987 hoc
1591 958 1834 996 opponentibus
1851 963 1881 989 et
1899 961 2158 998 proponentibus
2175 961 2259 991 illud

1246 1017 1311 1038 non
1329 1008 1474 1039 valuisse
1491 1009 1528 1039 de
1541 1010 1631 1048 jure,
1651 1019 1687 1040 ac
1705 1011 1946 1041 cathedralium
1963 1013 2179 1043 ecclesiarum
2196 1015 2258 1046 Re-

1246 1061 1371 1091 mensis
1387 1062 1556 1099 provincie
1576 1063 1719 1101 capitula
1735 1068 1811 1094 ante
1828 1068 1859 1094 et
1875 1070 1947 1103 post
1962 1066 2175 1096 interdictum
2186 1077 2256 1106 pre-

1245 1113 1369 1143 dictum
1393 1124 1492 1153 snper
1516 1115 1576 1145 hoc
1599 1116 1639 1145 ad
1661 1120 1807 1146 nostram
1833 1117 2037 1147 audientiam
2058 1119 2254 1158 appellasse.

1246 1166 1329 1197 Cum
1345 1167 1448 1203 igitur
1466 1176 1523 1206 per
1539 1168 1622 1198 alias
1640 1168 1699 1197 tibi
1717 1169 1832 1200 demus
1846 1169 1974 1200 litteras
1989 1171 2024 1200 in
2041 1172 2206 1203 mandatis
2221 1177 2257 1203 ut

1245 1219 1334 1249 inter
1350 1229 1460 1257 regem
1479 1221 1588 1258 ipsum
1606 1226 1637 1251 et
1660 1222 1885 1252 venerabilem
1908 1224 2045 1253 fratrem
2066 1229 2216 1255 nostrum
2235 1249 2254 1255 ..

1247 1272 1437 1310 episcopum
1461 1273 1698 1304 sselvacensem
1714 1279 1743 1305 et
1764 1275 1943 1313 predictam
1965 1276 2139 1307 ecclesiam
2162 1287 2256 1309 suam

1246 1325 1456 1355 concordiam
1475 1327 1608 1357 studeas
1628 1328 1808 1358 reformare
1825 1330 1846 1363 ί,
1866 1328 2032 1359 devotioni
2051 1334 2104 1360 tue
2122 1340 2258 1369 presen-

1246 1377 1330 1407 tium
1347 1379 1542 1409 auctoritate
1563 1380 1717 1410 duximus
1734 1381 1976 1420 iijingcndum
1997 1387 2172 1421 quatenns,
2195 1384 2223 1414 si
2241 1394 2256 1413 a

1245 1431 1336 1470 pacis
1347 1435 1486 1461 tractatu
1498 1432 1585 1462 infra
1600 1437 1666 1463 tres
1678 1442 1810 1464 menses
1821 1435 1995 1464 concordia
2006 1437 2178 1473 provenire
2190 1446 2256 1467 non

1245 1484 1376 1522 poterit,
1395 1489 1441 1519 tu,
1460 1485 1584 1515 vocatis
1601 1494 1682 1523 quos
1698 1486 1821 1516 videris
1838 1488 2032 1524 evocandos,
2051 1493 2079 1517 et
2094 1489 2257 1528 inquisita

1246 1541 1277 1567 et
1289 1537 1420 1574 cognita
1436 1537 1475 1567 de
1487 1537 1663 1567 interdicto
1675 1543 1705 1568 et
1718 1538 1919 1569 relaxatione
1932 1540 2048 1578 ipsius,
2064 1545 2094 1571 et
2108 1542 2255 1581 ejusdem

1245 1589 1385 1620 ecclesie
1399 1599 1436 1619 ac
1449 1590 1678 1629 episcoporum
1692 1595 1722 1621 et
1736 1592 1899 1622 dictorum
1916 1593 2136 1631 capitulorum
2149 1595 2256 1634 appel-

1244 1641 1438 1678 lationibus,
1458 1652 1518 1673 nec
1534 1653 1598 1673 non
1616 1644 1654 1674 de
1667 1644 1742 1674 aliis
1755 1645 1865 1683 ipsum
1881 1646 2050 1683 negotium
2066 1647 2256 1686 contingen-

1245 1693 1334 1723 tibus
1360 1693 1556 1732 diligentius
1580 1695 1736 1732 veritate,
1764 1696 1852 1735 quod
1880 1706 1979 1735 super
2001 1698 2062 1728 hoc
2086 1699 2257 1731 inveneris

1246 1746 1342 1776 nobis
1361 1747 1495 1777 studeas
1508 1747 1651 1778 fideliter
1661 1748 1832 1785 intimare.⁴
1845 1750 1959 1780 Testes
1975 1755 2088 1781 autem⁴
2102 1755 2163 1782 etc.
2180 1754 2255 1784 Dat.

1246 1799 1413 1835 Laterani,
1430 1804 1466 1829 ut
1482 1809 1593 1839 supra.
1613 1813 1626 1828 ι)

1317 1970 1432 2000 1862
1855 1973 1969 2007 Latmo,
1986 1976 2001 2002 7
2017 1976 2087 2002 avril
2106 1977 2182 2004 1234.

1279 2031 1425 2068 Episcopo
1450 2036 1479 2060 et
1502 2033 1627 2068 capitulo
1653 2033 1880 2063 Belvacensibus
1905 2036 1940 2064 de
1964 2037 2065 2065 eadem
2087 2047 2119 2066 re
2143 2040 2253 2072 scribit.

1245 2088 1354 2116 eosque
1373 2085 1471 2109 monet
1491 2086 1520 2108 et
1538 2083 1669 2110 hortatur
1684 2087 1828 2118 quatenus
1843 2085 1878 2111 ad
1894 2087 2076 2113 concordiam
2095 2087 2253 2116 faciendam

1244 2137 1311 2156 cum
1329 2138 1399 2164 rege
1416 2129 1555 2158 Franciae
1570 2139 1659 2167 super
1673 2133 1844 2167 quaestione
1859 2142 1945 2169 quam
1961 2143 2026 2162 cum
2043 2144 2077 2163 eo
2096 2137 2252 2170 habebant,

1244 2178 1393 2205 intendant
1404 2188 1410 2211 ;
1423 2179 1466 2206 eis
1484 2180 1652 2214 magistrum
1671 2180 1786 2208 Petrum
1804 2182 1838 2208 de
1853 2182 2038 2218 Collemedio,
2055 2185 2150 2220 ipsius
2166 2195 2254 2222 papae

1243 2227 1436 2262 capellanum,
1455 2229 1652 2264 praepositum
1670 2229 1769 2257 Sancti
1786 2231 1958 2265 Audomari‚
1976 2234 2163 2262 mediatorem
2180 2236 2253 2263 inter

1243 2275 1323 2310 ipsos
1339 2279 1367 2303 et
1383 2276 1518 2304 eumdem
1540 2285 1638 2313 regem
1661 2278 1795 2313 deputat3
1820 2281 1906 2315 cujus
1928 2281 2058 2309 consiliis
2080 2287 2251 2311 annuentes.

1245 2332 1344 2357 pacem
1361 2325 1457 2360 potius
1473 2334 1559 2360 quam
1571 2327 1648 2361 juris
1669 2327 1794 2362 rigorem
1810 2333 1912 2356 curent
1931 2330 2097 2365 amplexari.
2121 2346 2155 2352 ·-
2170 2331 2252 2367 (Rau.

1245 2373 1287 2406 17,
1303 2373 1322 2400 f.
1342 2374 1535 2406 1731-0;ann.
1554 2374 1636 2408 VIII,
1653 2384 1678 2403 c.
1697 2376 1749 2410 22;
1766 2390 1799 2397 —
1817 2377 1937 2406 Monam
1956 2379 2032 2412 1189,
2050 2380 2069 2406 s.
2089 2380 2141 2415 19.)

1285 2487 1298 2501 «
1323 2498 1344 2503 ..
1370 2477 1504 2514 episcopo
1524 2482 1550 2506 et
1575 2479 1711 2516 capitulo
1739 2479 1979 2510 Belvacensibus.
2009 2481 2082 2511 Nou
2113 2487 2252 2520 possunt

1244 2526 1305 2556 filii
1320 2545 1366 2556 —.
1389 2529 1463 2558 Dat.
1482 2530 1648 2566 Laterani,
1666 2534 1702 2560 ut
1718 2540 1828 2570 supra.
1851 2544 1863 2558 ι)

1316 2700 1432 2729 :soa
1480 2737 1482 2739 Ι

1279 2761 1508 2797 Archiepiscopo
1520 2761 1718 2790 Cantuaricnsi
1731 2764 1845 2791 mandat
1855 2770 1999 2800 quatenus
2011 2767 2143 2795 homines
2154 2768 2250 2796 oriun-

1242 2809 1295 2836 dos
1317 2810 1352 2837 de
1374 2819 1463 2845 regno
1488 2811 1610 2845 Angliae
1633 2817 1747 2839 moueat
1771 2817 1799 2840 et
1823 2813 1963 2847 hortetur,
1985 2815 2061 2849 quod
2084 2824 2169 2851 aegre
2192 2825 2248 2845 non

1243 2859 1344 2891 serant,
1359 2860 1385 2886 si
1404 2860 1478 2886 inter
1494 2860 1573 2894 ipsos
1588 2865 1734 2888 morantes
1749 2862 1877 2888 extranei
1895 2862 2018 2890 honores
2034 2863 2138 2892 ibidem
2155 2869 2184 2893 et
2199 2866 2249 2893 be—

1851 2702 1964 2735 Latran,
1983 2703 1997 2730 3
2013 2704 2083 2731 avril
2102 2705 2177 2732 ¹234.

1276 2979 1296 3004 1.
1313 2979 1386 3006 C’est
1403 2982 1428 3004 la
1443 2981 1522 3005 lettre
1540 2981 1714 3012 precedente,
1731 2987 1759 3006 n·
1777 2983 1844 3008 1860.
