2498 3242
219 265 293 297 1245
1073 263 1290 301 HUITIEME
1312 266 1472 304 ANNEE.
2251 285 2326 316 1245

214 333 249 360 ad
276 333 381 360 sedem
409 335 606 369 Apostolicam
635 336 794 363 remittant.
821 351 854 357 —
878 336 963 370 (Rea.
993 337 1034 369 ¹7,
1061 337 1079 364 Γ,
1106 337 1158 364 ‘2¹19
1183 345 1229 368 v⁰;

213 389 280 408 ann.
303 382 384 413 Vttt,
402 391 427 410 c.
446 383 752 418 4023—1toossusnu
768 385 843 417 620.)

255 496 268 510 «
286 507 303 512 ..
319 485 454 522 episcopo
465 486 696 524 chrsburyensi‚
711 509 730 515 ..
743 489 894 524 preposito
903 487 1011 516 Sancti
1022 488 1183 516 Maurilii¹
1196 488 1228 516 in

212 537 300 566 Halle
320 542 346 566 c!
371 560 390 566 ..
417 538 573 567 scolastico
595 540 704 568 Sancte
726 540 821 568 ,narie
844 541 877 569 in
899 541 1085 577 Erso[r]dia‚
1108 540 1228 577 Mafflle-

212 590 372 628 hamensis
397 596 422 620 el
454 592 634 629 Atlaquncine
663 592 827 622 diocesani.
858 593 1001 623 Gravcm
1031 592 1227 622 dilectorum

213 642 359 672 filiorum
387 660 437 672 —.
470 645 540 673 Dat.
575 644 725 679 Perusii,
755 645 804 675 III
835 645 910 674 idus
939 645 1105 684 januarii,
1141 653 1227 674 anno

211 699 337 726 octavo.
358 708 370 722 η

285 880 398 909 238¹
764 880 1058 915 Pc·1·ouse‚2janvier
1076 880 1151 907 ¹235.

246 941 391 977 Episcopo
408 942 626 976 Eitchlstetensi
643 942 777 969 concedit
795 946 824 969 ut
841 943 953 969 fructus
968 943 1174 970 beneficiorum
1194 943 1221 970 in

210 998 263 1017 sua
279 990 407 1017 dioecesi
425 991 597 1024 vacantium,
615 991 642 1017 in
659 991 766 1025 quibus
783 991 909 1026 provisio
925 994 954 1017 et
970 991 1111 1017 ordinatio
1126 991 1160 1017 ad
1176 991 1222 1025 ip-

208 1046 273 1066 sum
292 1039 463 1073 episcopum
479 1042 628 1074 spectent.
646 1039 858 1066 convertendos
875 1039 987 1073 integre
1003 1039 1030 1065 in
1047 1039 1221 1066 solutionem

206 1086 370 1114 debitorum
388 1087 627 1121 Eilchlstetensis
640 1087 798 1119 ecclesiae,
816 1096 908 1122 usque
924 1088 958 1114 ad
975 1089 1132 1114 triennium
1148 1089 1221 1114 reti-

206 1144 275 1162 nere
293 1136 394 1162 valeat.
413 1150 444 1155 —
464 1136 547 1169 (Rau.
569 1137 609 1168 17,
626 1136 644 1163 s.
660 1136 713 1163 ‘249
729 1143 774 1167 v⁰;
792 1144 858 1162 ann.
878 1135 964 1169 VIII,
978 1144 1003 1162 e.
1022 1136 1088 1164 403:
1107 1152 1139 1156 —
1158 1136 1220 1163 Ro-

206 1192 329 1210 mam-:no
346 1183 422 1215 616.)

247 1297 260 1311 «
281 1308 301 1313 ..
317 1286 452 1323 episcopo
462 1285 633 1314 Eistetensi.
646 1285 827 1314 Eistetensi
840 1284 990 1320 ecclesie,
1005 1294 1067 1324 que
1079 1303 1128 1314 —.
1143 1286 1216 1315 Dat.

204 1338 348 1373 Perusii‚
367 1338 435 1368 IIII
452 1346 556 1367 nonas
569 1337 730 1376 januarii,
752 1346 838 1367 anno
856 1341 982 1368 octavo.
1003 1350 1015 1364 n

275 1521 393 1551 2382
692 1521 831 1554 peuense,
848 1522 879 1548 21
897 1522 1051 1549 decembre
1068 1523 1145 1550 1234.

239 1582 347 1610 Abbati
368 1586 397 1610 et
415 1583 571 1610 conventui
593 1584 761 1610 monasterii
781 1583 879 1610 Sancti
897 1583 1048 1611 Benedicti
1067 1584 1103 1610 de
1120 1584 1218 1611 Monte

204 1630 329 1658 Subasio
346 1631 480 1658 concedit
495 1635 526 1659 ut
543 1632 638 1659 coloni
653 1632 714 1667 qui,
726 1635 822 1659 tamen
839 1633 934 1668 pauci,
947 1633 975 1659 in
992 1633 1138 1660 territorio
1154 1641 1218 1660 mo-

204 1679 323 1707 nasterii
334 1701 341 1713 ‚
361 1680 389 1706 in
406 1680 469 1708 loco
485 1679 561 1707 dicto
577 1679 701 1707 Sanctae
717 1680 915 1716 Crucisjuxta
935 1681 1059 1715 [flumen]
1081 1681 1216 1715 Tiniiam,

203 1729 364 1756 Asisinatis
375 1729 530 1763 dioecesis,
543 1728 576 1755 ad
595 1730 802 1756 monasterium
820 1730 950 1764 ipsorum
961 1730 1116 1765 spectanti,
1134 1730 1218 1757 inha-

203 1777 343 1810 bitabant,
367 1780 461 1804 terras
484 1778 654 1804 excolentes
677 1777 810 1812 ejusdem
834 1778 1001 1805 monasterii
1026 1782 1055 1805 et
1075 1778 1110 1805 de
1133 1779 1218 1806 bonis

202 1826 298 1862 ipsius
314 1827 458 1858 viventes,
481 1835 497 1852 a
513 1826 600 1853 talliis
622 1826 854 1861 importabilibus
876 1830 904 1853 et
919 1827 1048 1854 servitiis
1063 1827 1215 1860 indebitis,

201 1874 310 1909 quibus
335 1883 386 1909 per
408 1874 569 1902 vicinorum
592 1875 722 1901 locorum
741 1875 874 1902 dominos
895 1879 924 1902 et
946 1875 1066 1910 balivos,
1093 1879 1122 1902 et
1144 1885 1217 1903 non-

201 1931 350 1957 nunquam
380 1931 432 1958 per
454 1926 585 1950 rectores
614 1922 763 1958 spoletani
792 1923 931 1956 ducatus,
956 1932 1120 1959 quanquam
1146 1925 1216 1951 nihil

201 1974 337 1998 tenerent
348 1972 383 1998 ab
399 1971 522 2005 eisdem,
534 1972 734 2007 multipliciter
747 1973 887 2000 hactenus
903 1973 1106 2008 gravabantur,
1123 1974 1159 2007 [in
1171 1973 1217 2000 fu-

199 2021 306 2054 turum]
323 2021 439 2056 penitus
454 2022 513 2048 sint
525 2022 680 2048 immunes.
691 2037 723 2041 —
738 2021 824 2055 (Rea.
840 2022 1030 2053 17,f.‘.>501·⁰;
1048 2030 1114 2049 ann.
1135 2021 1214 2055 VIII,

200 2077 229 2097 c.
245 2069 320 2102 404.)

243 2183 257 2198 ιι
283 2194 303 2200 ..
324 2171 427 2200 abbati
449 2177 474 2200 et
496 2173 662 2201 conventui
683 2173 865 2201 monasterii
884 2172 992 2202 Sancti
1011 2173 1165 2202 Benedicti
1182 2173 1216 2202 de

199 2225 298 2254 Monte
312 2225 455 2258 Subasio,
473 2225 639 2254 Asisinatis
655 2224 790 2254 diocesis.
808 2224 891 2255 Cum
908 2233 925 2254 a
949 2224 1045 2255 nobis
1068 2242 1117 2254 —.
1139 2226 1213 2255 Dat.

200 2277 344 2313 Pei-usli,
362 2277 429 2307 XII
442 2276 601 2307 kalendas
614 2277 774 2316 januarii,
792 2285 879 2307 anno
895 2281 1020 2308 octavo.
1040 2289 1054 2304 n

272 2462 392 2490 2383

235 2523 344 2550 Abbati
363 2523 452 2550 Vallis
468 2522 642 2557 Umbrosae,
660 2523 821 2551 Fesulanae
839 2523 995 2558 dioecesis,
1011 2526 1098 2560 priori
1115 2525 1213 2553 Sancti

199 2571 340 2608 Stephani
351 2571 386 2598 ad
400 2571 520 2599 Pontem
533 2571 691 2599 Florentini
703 2576 731 2599 et.
747 2572 885 2607 magistro
898 2573 1060 2606 Albertino,
1072 2575 1213 2602 canonico

199 2621 374 2654 Vulterano,
391 2621 536 2655 significat
555 2629 587 2647 se
607 2622 778 2648 confirmare
798 2622 950 2656 quamdam
973 2624 1212 2658 temperationem

198 2669 234 2696 ab
254 2669 395 2704 O[ttone1,
413 2669 511 2696 Sancti
531 2669 644 2696 Nicolai
666 2670 693 2696 in
716 2669 838 2697 Cat-cere
858 2670 989 2698 Tulliano
1007 2671 1129 2699 diacono
1149 2680 1213 2699 car-

200 2717 305 2750 dinali,
322 2718 438 2751 saetam,
458 2718 610 2752 quusdam
627 2719 726 2745 statuti
743 2718 811 2745 editi
832 2720 858 2746 in
876 2727 963 2746 causa
982 2720 1057 2747 inter
1071 2721 1212 2755 quaedam

199 2766 378 2794 monasteria
398 2774 452 2793 neo
473 2775 528 2794 non
546 2770 574 2793 et
591 2767 732 2802 praelatos
747 2771 775 2794 et
789 2768 898 2794 clerum
915 2769 1039 2795 civitatis
1055 2773 1083 2796 et
1098 2769 1214 2796 dioece-

200 2816 243 2843 sis
257 2814 440 2842 Florentinae
455 2819 554 2842 exorta
565 2824 654 2851 super
671 2817 923 2850 procurationibus
939 2818 1042 2852 togatis
1058 2822 1086 2844 et
1103 2819 1213 2845 nuntiis

730 2461 868 2493 Perouse,
889 2463 917 2489 17
931 2463 1046 2497 janvier
1065 2463 1141 2491 ¹235.

234 2930 255 2954 l.
272 2932 321 2955 Ms.
339 2939 346 2953 :
362 2929 495 2959 Mannum
514 2930 681 2961 Rodenberg
697 2931 805 2961 corrige
819 2938 884 2955 avoc
901 2931 994 2955 raison
1011 2939 1016 2955 :
1034 2933 1171 2956 mauritii.

1315 339 1482 372 apostolicis
1494 341 1681 374 exhibendis
1701 345 1892 378 praemissum
1906 350 2044 372 statutum
2057 348 2139 381 juxta
2153 349 2327 377 moderatio-

1316 388 1520 421 nenijamdicti
1534 391 1687 418 cardinalis
1706 393 1809 419 saciant
1826 394 1984 421 observari.
1997 395 2124 427 —-(l{m.
2142 397 2181 430 ¹7,
2194 397 2212 423 Γ.
2224 398 2323 429 2501-0;

1313 443 1380 462 ann.
1400 436 1478 468 Vlll,
1496 446 1521 464 c.
1542 439 1613 472 405.)

1354 562 1366 575 ι(
1392 573 1410 579 ..
1432 552 1533 580 abban·
1560 554 1650 582 Vallis
1675 555 1823 584 suthrose.
1848 557 1995 585 fras-illum·
2018 558 2152 587 diocesis.
2180 582 2198 587 ..
2219 562 2324 597 priori

1311 602 1418 632 Sancti
1438 605 1586 641 Stephani·
1609 606 1648 634 ar]
1666 607 1786 635 Pontem
1811 609 1982 637 Florentini
2003 616 2027 638 sl
2051 613 2197 647 mayn-(ro
2217 614 2323 642 Aliter-

1312 656 1392 690 11‘110,
1411 658 1558 686 canonico
1578 658 1750 687 anlcrano.
1772 660 1862 689 Inter
1883 683 1902 688 ..
1926 662 2044 691 Sancte
2063 663 2165 692 Marie
2187 674 2222 693 uc
2240 674 2323 702 quo-

1309 708 1460 737 rumdam
1475 708 2097 742 aliorummonasterinm1nabbatesct
2113 724 2227 744 eorttltl
2243 726 2322 746 (Tort-

1309 764 1438 794 vcntus‚
1458 770 1517 790 nec.
1534 770 1599 790 non
1615 762 1758 799 prelatos
1775 767 1805 793 et
1823 763 1946 793 clerum
1965 765 2110 795 civitatis
2130 771 2159 796 et
2178 768 2321 798 diocesis

1308 812 1525 853 Florentin[e]
1551 823 1650 852 super
1674 817 1964 853 procurationibus
1992 818 2110 855 legatis
2136 825 2167 850 et
2193 822 2321 852 nuntiis

1308 865 1403 895 Sedis
1425 866 1612 904 Apostolice
1635 867 1847 904 exhibendis,
1868 874 1938 899 orta
1962 872 2099 900 materia
2121 873 2318 910 questionisy

1306 918 1531 955 cognitionem
1554 919 1660 957 ipsius
1682 920 1877 951 dilectorum
1901 922 2044 952 tiliorum
2066 947 2084 952 ..
2106 925 2218 954 Sancti
2241 926 2321 956 Gal-

1306 971 1383 1007 gani
1405 975 1435 1000 et
1463 994 1483 999 ..
1509 972 1546 1001 de
1574 973 1719 1010 Spongia
1747 974 1902 1003 abbatum
1927 980 1955 1003 et
1986 999 2004 1004 ..
2034 977 2180 1014 [πίοι-ᾖε]
2206 978 2320 1008 Sancti

1305 1023 1458 1061 Galgani,
1473 1024 1652 1054 Vulteranc
1666 1025 1820 1059 diocesis,
1840 1027 1983 1056 examini
1997 1028 2150 1058 (luximus
2167 1031 2320 1060 commit-

1304 1076 1468 1105 tendam1.
1489 1077 1638 1115 Cumque
1656 1087 1755 1116 Super
1774 1078 1852 1114 hiis,
1873 1080 1911 1109 ‹le
1931 1090 2096 1110 conscrisit
2116 1082 2319 1112 venerabilis

1302 1129 1417 1159 fratris
1435 1131 1538 1159 nostri
1559 1154 1575 1158 ..
1593 1131 1738 1169 episcopi
1752 1136 1780 1161 et
1794 1133 2011 1170 quorumdam
2030 1133 2185 1163 abbatum
2199 1138 2228 1164 et
2242 1144 2319 1172 pre-

1302 1181 1444 1211 latorum
1467 1182 1754 1218 Florentium-um,
1780 1184 1813 1213 in
1833 1185 2032 1223 quibusdam
2051 1187 2264 1217 monasteriis
2287 1192 2319 1217 vt

1302 1234 1454 1264 ecclesiis
1466 1239 1626 1265 statutum
1642 1236 1804 1274 quoddam
1821 1237 1946 1266 editum
1961 1238 2078 1267 suisset
2093 1238 2133 1267 ab
2147 1239 2206 1273 eis,
2217 1239 2318 1278 juris-

1302 1287 1446 1317 dictione
1461 1287 1524 1316 sihi
1542 1296 1579 1317 ac
1590 1292 1750 1326 potestate
1767 1289 1943 1319 ordinandi
1962 1295 1989 1319 et
2004 1290 2200 1329 disponendi
2219 1301 2318 1330 super

1301 1339 1459 1377 predictis
1481 1340 1515 1369 in
1539 1340 1616 1370 aliis
1638 1341 1790 1371 ecclesiis
1813 1342 2002 1371 Florentino
2019 1348 2048 1373 et
2067 1343 2228 1373 Fesulane
2245 1344 2317 1374 dio-

1301 1393 1428 1422 cesium
1445 1394 1639 1428 reservatis,
1661 1403 1697 1424 ex
1720 1399 1811 1433 parte
1835 1395 1914 1425 cleri
1938 1396 2085 1434 ejusdem
2109 1402 2140 1427 et
2157 1406 2317 1435 quorum-

1301 1445 1376 1474 dam
1394 1445 1535 1475 aliorum
1559 1446 1599 1475 ad
1620 1451 1767 1476 nostram
1790 1447 1853 1476 suit
1874 1448 2078 1478 audientiam
2099 1449 2312 1487 appellatum.

1301 1498 1450 1527 Partium
1466 1498 1569 1535 igitur
1584 1500 1855 1537 procuratoribus
1868 1505 2000 1539 propter
2016 1501 2075 1531 hoc
2093 1503 2179 1540 apud
2195 1503 2314 1533 Sedem

1299 1550 1524 1588 Apostolicam
1552 1552 1743 1582 constitutis
1771 1552 1928 1582 dilectum
1953 1553 2059 1582 filium
2086 1559 2237 1584 nostrum
2259 1555 2311 1589 O..

1301 1603 1414 1633 Sancti
1432 1603 1562 1633 Nicolai
1585 1604 1620 1633 in
1641 1605 1780 1635 Carcere
1797 1606 1950 1636 Tulliano
1967 1606 2142 1637 diaconum
2159 1608 2314 1638 cardina-

1299 1654 1382 1690 lem,
1413 1656 1641 1687 concessimus
1667 1658 1864 1687 auditorem.
1896 1659 1987 1688 Idem
2015 1669 2091 1689 vero
2119 1661 2311 1696 cai-diffidis,

1300 1708 1424 1738 auditis
1438 1708 1516 1739 hinc
1527 1709 1605 1740 inde
1621 1711 1811 1748 propositis,
1828 1711 2013 1749 predictum
2030 1716 2201 1747 statutum,
2222 1713 2315 1744 salva

1299 1760 1518 1799 dispositione
1543 1761 1728 1800 legatorum
1750 1762 1913 1801 ipsorum,
1940 1765 2076 1802 provide
2105 1766 2312 1803 temperavit.

1299 1813 1368 1843 Nos
1392 1818 1520 1849 autem,
1546 1814 1632 1853 quod
1654 1824 1712 1853 per
1737 1816 1880 1846 eundem
1903 1817 2107 1847 cardinalem
2130 1827 2229 1856 super
2251 1818 2314 1848 hoc

1298 1866 1424 1896 factum
1453 1871 1504 1896 est
1531 1867 1784 1904 confirmantes,
1813 1873 1909 1906 prout
1936 1869 1971 1898 in
2004 1868 2125 1900 litteris
2152 1871 2313 1901 consectis

1299 1918 1417 1948 exinde
1440 1919 1572 1957 plenius
1595 1920 1795 1955 continetur,
1820 1921 2017 1951 mandamus
2038 1927 2218 1961 quatenus,
2236 1933 2313 1962 pre-

1298 1971 1440 2000 missum
1461 1975 1622 2001 statutum
1637 1972 1731 2011 juxta
1752 1973 2012 2004 moderationem
2032 1975 2211 2006 cardinalis
2224 1976 2312 2015 jam-

1299 2023 1378 2054 dicti
1400 2024 1563 2054 sacientes
1585 2034 1641 2063 per
1663 2035 1840 2055 censuram
1861 2026 2139 2063 ecclesiasticam,
2167 2029 2313 2067 appella-

1297 2076 1388 2106 tione
1403 2080 1540 2111 remota,
1559 2077 1700 2107 firmiter
1713 2078 1894 2114 observari,
1909 2088 2008 2118 super
2020 2081 2312 2118 procurationibus

1298 2128 1495 2158 exhibendis
1529 2129 1569 2159 ab
1599 2129 1675 2159 aliis
1703 2130 1853 2161 ecclesiis
1878 2131 2101 2169 predictarum
2129 2133 2312 2164 diocesium

1298 2181 1424 2211 eisdem
1458 2182 1587 2211 nuntiis
1619 2187 1651 2212 ct.
1678 2182 1797 2220 legatis
1826 2183 1919 2221 juxta
1948 2185 2095 2222 priorum
2124 2186 2311 2216 litterarum

1297 2238 1486 2263 nostrarum
1505 2235 1746 2265 continentiam
1766 2236 1970 2274 procedatis:
1991 2237 2037 2266 ita
2053 2238 2207 2268 videlicet
2223 2244 2257 2268 ut
2274 2240 2309 2269 in

1298 2286 1485 2316 statuendis
1506 2287 1544 2317 de
1563 2291 1687 2322 cetero,
1706 2288 1812 2326 primo
1828 2290 2078 2327 procurationes
2095 2291 2310 2322 ecclesiarum

1297 2339 1507 2374 Florentine‚
1526 2349 1563 2370 ac
1579 2340 1698 2371 deinde
1716 2341 1879 2372 Fesulane
1895 2342 2038 2373 diocesis
2054 2344 2227 2379 ordinetis,
2246 2353 2310 2374 non

1296 2391 1448 2422 obstante
1465 2392 1552 2431 quod
1568 2392 1602 2421 in
1623 2392 1745 2423 litteris
1768 2394 1851 2432 ipsis
1875 2403 1939 2424 non
1957 2395 1999 2424 sit
2015 2404 2170 2433 expressa
2187 2397 2311 2426 mentio

1296 2444 1336 2474 de
1352 2445 1477 2475 diocesi
1500 2445 1675 2475 Fesulana.
1700 2447 1841 2481 Verum,
1867 2447 1895 2476 si
1919 2447 2013 2477 vohis
2039 2448 2224 2478 constiterit
2248 2448 2310 2478 ali-

1296 2506 1396 2536 quam
1409 2497 1585 2528 ecclesiam
1598 2498 1746 2537 ipsarum
1758 2499 1926 2529 diocesum
1942 2500 2042 2530 nimis
2057 2510 2129 2530 esse
2141 2505 2310 2538 gravatam

1295 2550 1331 2579 in
1357 2551 1649 2588 procurationibus
1673 2551 1742 2590 jam
1771 2553 1920 2584 statutis.
1949 2552 2038 2581 illam
2066 2562 2124 2591 per
2151 2553 2309 2592 conJunc-

1297 2603 1421 2633 tionem
1437 2603 1576 2633 alterius
1592 2603 1632 2633 ab
1649 2604 1840 2643 hujusmodi
1857 2605 2047 2641 gravaunine
2064 2605 2235 2640 relevetis,
2254 2606 2311 2636 de-

1296 2656 1420 2694 putatis
1444 2665 1461 2685 a
1484 2656 1578 2686 vohis
1603 2656 1843 2687 nichilominus
1867 2658 1948 2687 viris
1976 2658 2105 2687 idoneis
2131 2658 2206 2696 qui.
2235 2667 2308 2687 cuni

1295 2717 1378 2747 opus
1400 2709 1517 2742 fuerit,
1540 2710 1790 2747 procurationes
1810 2710 1982 2748 impositas
1999 2711 2132 2749 provide
2153 2711 2311 2748 colligant.

1297 2765 1327 2791 et
1344 2761 1501 2799 predictis
1522 2761 1642 2799 legatis
1661 2766 1689 2792 et
1713 2762 1861 2793 nuntiis.
1880 2763 2081 2802 ubicumque
2098 2763 2133 2792 in
2152 2764 2310 2801 predictis

1328 2887 1349 2911 Ι.
1365 2886 1438 2911 C'est
1453 2887 1479 2910 la
1495 2887 1572 2917 pie-ce
1587 2887 1718 2917 analyseo
1735 2888 1796 2918 plus
1816 2888 1881 2911 haut
1901 2895 1954 2911 uno
1972 2888 2105 2918 promis-ro
2127 2888 2179 2912 fois
2198 2895 2264 2912 sous
2284 2889 2310 2912 le

1296 2935 1324 2954 n·
1342 2931 1396 2959 961,
1414 2937 1468 2955 une
1484 2931 1606 2955 seconde
1621 2931 1673 2955 sois
1687 2938 1753 2955 sous
1767 2932 1792 2956 le
1809 2936 1836 2955 n·
1853 2932 1910 2956 2101
1927 2932 1967 2961 (26
1980 2933 2130 2956 novembre
2147 2932 2221 2962 1233).
